1889 3285
405 243 646 275 ENARRAno
676 247 723 275 IN
753 245 957 276 PsAmuM
985 248 1124 278 Lxxn.
1348 234 1433 275 443

59 329 162 373 ergo
179 314 293 358 mala
308 348 320 368 ‚
344 328 445 373 quae
456 311 539 356 illis
552 321 714 357 aeterna
735 311 881 357 sutura
904 322 1027 368 sunt,
1052 312 1183 358 modo
1201 313 1367 373 quid?«
1384 315 1437 357 In

61 402 84 426 »
117 383 341 428 laboribus
369 383 598 427 hominum
620 398 707 427 non
737 392 861 438 sunt,
886 391 929 427 et
957 397 1057 426 cum
1078 383 1328 427 hominibus
1346 397 1437 426 non

60 471 82 496 »
117 453 472 513 flagellabuntur.
501 470 521 494 »
541 452 767 513 Numquid
785 461 828 496 et
842 453 933 512 ipse
949 452 1148 497 diabolus
1168 468 1266 498 cum
1290 450 1435 496 homi-

56 524 185 569 nibus
216 540 308 569 non
338 523 599 586 flagellatur,
638 525 708 568 cui
744 533 891 568 tamen
920 532 1132 570 aeternum
1173 522 1435 584 supplicium

56 596 353 655 praeparatur?

60 715 63 718 Α
92 656 194 709 -XL
231 668 464 724 Propterea
495 662 604 724 quid
634 663 736 707 hinc
764 663 832 707 isti
849 698 860 718 ‚
896 663 1003 708 dum
1033 679 1123 708 non
1144 662 1434 721 flagellantur,

56 731 164 780 dum
185 751 276 780 non
301 734 504 779 laborant
528 750 628 778 cum
653 734 927 779 hominibus?
945 733 1109 789 «Ideo,
1136 734 1304 794 inquit,
1325 733 1439 777 obti÷

58 823 79 847 >›
113 806 212 850 nuit
232 820 303 849 eos
319 804 522 864 superbia
538 806 605 848 1.»
631 803 820 857 Attende
831 803 926 847 illos
944 804 1152 864 superbos
1166 838 1178 859 ,
1200 802 1440 862 indiscipli-

56 885 206 933 natos;
231 875 407 920 attende
429 885 605 920 taurum
627 875 833 918 devotum
855 874 1042 918 victimae
1056 909 1067 929 ‚
1092 874 1348 934 permissum
1370 888 1441 916 er-

55 962 150 997 rare
165 947 303 991 libere
320 981 332 1002 ,
358 955 402 990 et
417 955 584 990 vestare
605 961 704 1006 quae
725 953 867 1003 potest
880 979 893 998 ‚
909 959 1047 1004 usque
1062 944 1115 988 ad
1135 944 1249 988 diem
1267 944 1442 988 occisio-

54 1017 136 1062 nis.
177 1020 275 1062 Jam
307 1016 475 1060 bonum
506 1025 570 1060 est
588 1051 600 1068 ‚
638 1014 790 1059 fratres
807 1049 818 1070 ‚
840 1015 886 1058 in
913 1015 1013 1073 ipsis
1040 1015 1269 1074 Prophetae
1298 1014 1440 1059 verbis

55 1086 283 1132 audiamus
316 1087 437 1130 hunc
469 1086 591 1146 quasi
612 1094 810 1139 taurum,
839 1083 894 1128 de
923 1100 1014 1145 quo,
1034 1084 1140 1128 dixi.
1168 1084 1235 1128 Sic
1258 1084 1372 1127 enim
1390 1082 1443 1127 il÷

53 1157 145 1206 lum
169 1166 212 1201 et
230 1157 334 1201 alibi
353 1157 575 1216 Scriptura
597 1163 932 1203 commemorat:
953 1154 1056 1202 dicit
1071 1170 1142 1198 eos
1159 1163 1367 1213 tanquam
1387 1154 1443 1198 ad

53 1228 274 1272 victimam
296 1235 579 1286 praeparatos,
610 1234 654 1268 et
674 1226 790 1283 parci
817 1223 874 1268 eis
896 1223 951 1268 ad
972 1224 1131 1267 malam
1151 1222 1439 1267 libertatem2.

57 1316 76 1338 «
114 1296 219 1345 Ideo
236 1332 246 1350 ,
267 1295 398 1350 dixit,
421 1294 613 1339 obtinuit
630 1309 701 1338 eos
725 1293 942 1352 superbia.
965 1311 985 1334 »
1013 1291 1125 1346 Quid
1145 1302 1234 1347 est,
1265 1312 1285 1334 «
1312 1292 1440 1336 Obti-

60 1384 81 1408 »
116 1368 214 1410 nuit
231 1382 302 1410 eos
324 1365 527 1425 superbia
545 1367 562 1408 Ρ
583 1363 907 1409 Circumamicti
930 1373 1031 1412 sunt
1052 1363 1280 1423 iniquitate
1302 1371 1344 1406 et
1359 1363 1442 1406 im-

53 1454 76 1489 p)
111 1436 272 1496 pietate
295 1451 389 1480 sua.
409 1437 542 1480 »Non
559 1434 688 1489 dixit,
715 1433 847 1493 tecti,
872 1432 968 1488 sed,
999 1452 1018 1475 «
1045 1431 1389 1486 circumamicti,
1417 1449 1438 1472 »

52 1506 250 1566 undique
265 1506 458 1565 cooperti
475 1505 698 1564 impietate
719 1521 810 1548 sua.
828 1504 989 1562 Merito,
1006 1504 1150 1547 miseri
1166 1518 1246 1547 nec
1267 1502 1440 1558 vident,

52 1592 133 1638 nec
149 1575 370 1632 videntur,
389 1576 490 1636 quia
512 1574 824 1620 circumamicti
843 1583 946 1618 sunt
962 1609 973 1629 ,
990 1589 1080 1618 ,nec
1105 1572 1310 1618 videntur
1329 1573 1443 1616 inte-

52 1648 166 1708 riora
188 1639 355 1692 eorum.
382 1650 491 1692 Nam
513 1646 708 1706 quisquis
736 1644 953 1689 malorum
978 1644 1208 1698 hominum
1231 1644 1353 1704 quasi
1377 1642 1442 1687 se-

51 1717 200 1774 licium
223 1716 466 1761 secundum
487 1725 659 1775 tempus
686 1715 891 1764 interiora
923 1712 1196 1773 conspiceret
1210 1748 1226 1770 ἢ
1246 1714 1442 1773 quisquis

52 1803 205 1837 eorum
213 1787 392 1832 xvideret
414 1797 557 1841 truces
578 1785 878 1840 conscientias,
897 1784 1091 1844 quisquis
1108 1783 1270 1827 animas
1287 1799 1440 1828 eorum

52 1866 198 1919 posset
217 1857 428 1916 inspicere
444 1855 709 1900 diverberari
736 1854 864 1900 tantis
891 1853 1294 1914 perturbationibus
1322 1853 1439 1912 cupi-

53 1928 242 1989 ditatum
264 1937 308 1972 et
327 1927 536 1971 timorum
553 1962 564 1982 ,
588 1926 756 1972 videret
777 1925 872 1970 illos
895 1926 1072 1970 miseros
1089 1933 1132 1968 et
1146 1923 1327 1984 quando
1341 1923 1439 1969 feli-

53 2014 124 2050 ces
140 2007 370 2048 vocantur.
400 1998 484 2042 Sed
511 1998 614 2057 quia
641 2016 660 2038 «
681 1995 1006 2041 Circumamicti
1029 2003 1130 2038 sunt
1152 1993 1381 2053 iniquitate
1397 2003 1442 2038 et

56 2061 78 2124 ᾗ)
108 2068 334 2127 ¹impietate
351 2083 425 2111 sua
440 2102 451 2122 ,
479 2085 499 2107 »
525 2082 616 2111 non
627 2065 801 2121 vident,
823 2064 896 2109 sed
915 2080 995 2109 nec
1012 2064 1231 2111 videntur.
1252 2065 1441 2108 Noverat

53 2138 149 2197 illos
174 2139 355 2198 Spiritus
375 2173 386 2192 ,
411 2138 488 2198 qui
509 2136 563 2181 de
584 2136 668 2180 inis
683 2137 773 2183 ista⁴
786 2136 891 2182 dicit
917 2155 926 2179 ;
951 2144 994 2179 et
1015 2150 1066 2178 eo
1089 2133 1217 2178 oculo
1234 2132 1338 2178 tales
1359 2132 1437 2177 de-

53 2200 211 2253 bernus*
229 2208 459 2267 inspicere,
481 2223 569 2268 quo
589 2207 746 2251 scimus
767 2206 936 2260 videre,
956 2206 989 2248 si
1006 2205 1128 2249 nobis
1145 2203 1367 2253 auferatur
1379 2204 1435 2254 ab

54 2277 190 2328 oculis
210 2287 415 2336 tegumen
431 2277 678 2337 impietatis.
697 2277 933 2324 Videamus
947 2277 1056 2325 ,istos
1070 2310 1094 2330 ,,
1108 2284 1151 2319 et
1167 2290 1268 2329 cum
1289 2272 1435 2318 felices

53 2339 172 2402 sunt,
187 2347 426 2406 fugiamus3
451 2356 495 2391 et
515 2346 776 2409 cum-*felices
797 2356 918 2401 sunt,
937 2361 1026 2390 non
1043 2346 1287 2401 imitemur:
1311 2359 1391 2388 nec
1408 2360 1432 2388 a
1465 2363 1467 2365 ¹

53 2412 240 2475 Domino
255 2421 344 2472 Deo
359 2425 506 2467 nostro
519 2417 620 2474 talia
638 2417 763 2464 nobis
784 2433 863 2477 pro
880 2431 1037 2474 magno
1052 2425 1267 2476 optemus,
1285 2414 1430 2474 qualia

54 2489 248 2548 accipere
262 2496 515 2552 meruerunt
540 2487 618 2547 qui
628 2486 707 2547 ‚illi
726 2503 817 2542 non
840 2486 1047 2540 serviunt.
1069 2484 1200 2531 Aliud
1214 2478 1431 2545 'quiddam¹

103 2579 113 2595 ¹
129 2572 214 2605 Psal.
231 2583 328 2613 mxu,
344 2572 379 2603 6.
401 2589 443 2594 -
460 2578 474 2594 2
491 2573 583 2604 Prov.
604 2582 659 2612 vu,
677 2579 731 2603 22.
