1889 3285
3 0 28 211 ’1

8 230 26 263 ;ι
396 223 635 253 ΕΝΑΜΑΉΟ
667 226 712 251 m
745 223 946 253 PsALMUM
978 226 1112 252 vau.
1364 216 1447 253 303

4 278 27 418 sp}
71 290 165 336 lans
183 288 540 342 reconciliationis
560 287 879 348 praedicatores.
911 309 931 331 «
952 293 1035 343 Pro
1056 289 1227 342 Christo
1241 324 1252 344 ,
1281 289 1445 350 inquit,

72 377 97 406 )›
128 358 345 416 legatione
361 357 602 416 fungimur,
627 367 833 417 tanquam
854 361 943 402 Deo
960 358 1212 408 exhortante
1244 374 1320 417 per
1344 375 1447 415 nos,

7 436 12 443 '
77 446 98 474 ›.›
129 427 406 473 obsecramus
438 442 517 486 pro
536 427 708 472 Christo
732 426 993 471 reconciliari
1018 430 1106 471 Deo
1126 429 1155 470 ¹.
1185 446 1204 469 »
1229 430 1327 474 Non
1349 444 1452 487 ergo

70 496 129 540 de
159 497 258 542 solis
287 496 515 552 Israeli-tis,
547 496 666 540 unde
701 497 897 556 Apostoli
920 495 1044 543 electi
1077 506 1199 551 sunt,
1225 498 1301 541 sed
1323 498 1453 541 etiam

72 567 130 619 de
139 567 308 618 caeteris
322 567 525 624 gentibus
551 565 722 610 futuros
738 566 1040 626 praedicatores
1057 566 1299 621 christianae
1319 567 1450 626 pacis,

2 445 17 555 ἔ

0 566 17 694 i
76 637 160 682 hoc
173 637 303 681 modo
322 637 501 694 mystice
511 637 819 696 prophetatum
837 646 914 680 est.
935 635 1064 689 Quod
1076 651 1178 680 vero
1200 636 1259 679 ait
1277 655 1285 680 ;
1306 655 1326 678 a
1343 640 1456 680 Prae-

1 725 13 751 α

1 793 13 835 l

2 862 11 908 l

1 918 11 983 ,Ι

0 1002 10 1039 β

74 725 100 756 »
134 708 280 752 veniet
297 723 453 752 *manus
467 708 559 766 ejus
574 742 585 762 ,
609 725 629 748 »
650 708 732 751 hoc
750 707 823 762 ait,
840 706 1073 766 praeveniet
1089 706 1326 751 vindictam
1340 707 1452 766 ejus:

77 776 356 827 conversione
386 776 548 823 scilicet
575 775 631 820 ad
659 792 787 831 eum,
818 786 866 820 ut
888 784 1063 835 peccata
1085 775 1376 832 dimittantur,
1401 792 1456 820 ne

71 856 322 906 peccatores
344 846 643 906 ‚permanendo
678 847 930 906 puniantur.
972 845 1098 899 Quod
1132 846 1261 902 etiam
1295 845 1341 890 in
1373 846 1456 892 alio

73 916 247 969 Psalmo
280 917 441 964 dicitur
470 936 479 961 :
516 937 537 959 «
569 916 887 961 Praeveniamus
925 915 1077 960 faciem
1101 917 1192 976 ejus
1217 916 1263 959 in
1287 915 1458 961 confes-

79 1003 101 1033 »
134 987 253 1031 sione
267 990 300 1030 ².
333 1005 354 1028 »
382 988 501 1032 Sicut
528 1002 605 1046 per
636 1002 789 1032 manus
815 985 1050 1030 vindictam
1067 1020 1078 1040 ‚
1108 986 1166 1030 ita
1192 1001 1269 1045 per
1301 985 1458 1030 facicm

76 1055 383 1110 revelationem
398 1057 758 1116 praesentiamque
777 1056 987 1113 significat
1005 1090 1016 1111 ,
1043 1072 1142 1115 quae
1163 1054 1310 1099 futura
1335 1056 1459 1100 estin

0 1145 9 1183 ³¹
70 1126 252 1186 judicio.
275 1128 383 1182 Quia
404 1143 504 1185 ergo
527 1143 603 1186 per
623 1130 864 1186 AEgyptum
886 1135 1017 1186 atque
1040 1126 1306 1185 AEthiopiam
1328 1127 1459 1170 totius

78 1197 194 1249 orbis
218 1207 364 1255 gentes
386 1197 668 1255 significavit,
691 1197 899 1240 continuo
913 1195 1139 1255 subjunxit
1156 1215 1164 1240 :
1181 1214 1198 1236 «
1221 1199 1312 1241 Deo
1327 1212 1460 1255 regna

0 1286 7 1307 ι
79 1285 102 1308 »
137 1276 276 1310 terrae.
305 1286 326 1308 »
352 1269 450 1312 Non
484 1265 694 1321 Sabellio,
735 1281 824 1310 non
854 1265 982 1320 Ario,
1019 1281 1109 1308 non
1138 1268 1335 1322 Donato,
1371 1282 1462 1311 non

0 1353 7 1388 >
79 1337 242 1384 caeteris
260 1338 392 1386 tauris
413 1337 631 1382 cervicatis
640 1358 655 1394 5
678 1336 754 1381 sed
779 1356 786 1382 z
817 1356 837 1379 «
862 1340 952 1381 Deo
965 1351 1092 1394 regna
1113 1345 1237 1380 terrae
1253 1338 1283 1381 3.
1304 1355 1324 1378 »

0 1415 21 1464 ¹‚¹2
136 1410 254 1453 XLI.
289 1407 438 1452 Plures
455 1417 601 1452 autern
619 1406 788 1452 codices
804 1406 948 1461 latini,
984 1416 1025 1450 et
1039 1407 1221 1451 maxime
1249 1407 1377 1465 graeci
1401 1407 1462 1452 ita

0 1490 6 1532 ι
72 1477 305 1523 distinctos
322 1493 469 1522 versus
488 1477 667 1532 hahent,
684 1485 735 1520 ut
755 1492 845 1520 non
861 1476 976 1519 sitin
997 1476 1055 1519 eis
1078 1492 1191 1520 unus
1207 1476 1459 1532 versiculus,

0 1544 4 1596 b
75 1566 107 1593 s<
136 1551 229 1592 >Deo
246 1562 379 1606 regna
394 1556 541 1601 terrae,
558 1546 632 1590 sed
648 1581 658 1600 ,
683 1549 796 1600 Deo,
810 1563 831 1586 »
854 1545 900 1588 in
921 1545 1006 1588 fine
1028 1545 1082 1589 sit
1100 1561 1247 1589 versus
1264 1546 1462 1604 superio-

0 1606 15 1665 ᾖ·
81 1617 166 1669 ris,
188 1625 319 1676 atque
349 1617 408 1660 ita
430 1616 600 1660 dicatur
621 1634 629 1660 :
650 1634 670 1657 «
688 1614 911 1674 AEthiopia
933 1614 1166 1673 praeveniet
1187 1629 1341 1659 manus
1373 1616 1463 1675 ejus

86 1705 108 1729 »
143 1690 254 1741 Deo,
283 1703 304 1726 »
330 1701 378 1729 ac
392 1684 547 1728 deinde
565 1694 770 1744 sequatur
790 1685 836 1727 in
857 1684 941 1728 alio
953 1699 1078 1728 versu
1100 1703 1108 1729 :
1133 1703 1153 1726 «
1171 1688 1322 1743 Regna
1338 1694 1465 1730 terrae

86 1773 108 1798 »
142 1764 312 1800 cantate
324 1758 435 1809 Deo,
453 1753 622 1814 psallite
640 1753 841 1798 Domino.
870 1771 890 1793 »
910 1755 1010 1806 Qua
1031 1753 1330 1809 distinctione,
1355 1755 1465 1799 mul-

15 1833 19 1858 Ι
85 1835 231 1871 torum
249 1824 451 1870 codicum
466 1833 510 1868 et
526 1824 781 1868 auctoritate
799 1822 1043 1880 digniorum
1055 1825 1333 1870 consonantia
1346 1860 1357 1879 ,
1375 1825 1466 1869 sine

85 1897 223 1942 dubio
244 1894 535 1955 praeferanda,
564 1894 670 1938 fides
691 1892 983 1938 commendari
1012 1893 1118 1937 mihi
1141 1893 1328 1949 videtur,
1367 1911 1466 1954 quae

87 1982 219 2027 opera
241 1965 449 2026 praecedit
473 1984 481 2010 :
503 1964 604 2024 quia
640 1963 730 2007 sine
752 1963 966 2007 bonorum
989 1978 1170 2022 operum
1202 1964 1362 2007 meritis
1391 1981 1467 2024 per

88 2037 223 2082 fidem
251 2036 512 2097 justificatur
544 2034 702 2093 impius
717 2069 727 2088 ,
758 2033 870 2078 sicut
890 2032 993 2078 dicit
1018 2034 1250 2094 Apostolus
1275 2054 1283 2079 ·.
1320 2054 1340 2077 ι(
1362 2037 1469 2080 Cre-

81 2127 115 2151 ‹»
149 2107 270 2152 denti
292 2107 338 2150 in
357 2122 457 2151 eum
475 2140 486 2161 ,
517 2104 593 2165 qui
615 2105 824 2165 justificat
856 2104 1039 2163 impium
1055 2140 1066 2160 ,
1105 2104 1340 2164 deputatur
1363 2106 1469 2151 fides

95 2198 115 2222 »
151 2180 241 2238 ejus
263 2176 318 2222 ad
333 2176 575 2238 justitiam⁴
602 2195 610 2221 ε
634 2194 654 2217 »
680 2185 730 2220 ut
750 2174 908 2219 deinde
929 2175 1019 2235 ipsa
1041 2175 1146 2219 fides
1172 2192 1248 2235 per
1275 2176 1471 2222 dilectio-

93 2265 196 2295 nem
216 2249 394 2308 incipiat
415 2247 597 2307 operari.
626 2249 688 2291 Ea
709 2247 872 2307 quippe
897 2247 985 2290 sola
1006 2247 1121 2291 bona
1138 2262 1268 2306 opera
1289 2246 1472 2292 dicenda

94 2329 217 2375 sunt,
243 2334 341 2378 quae
362 2318 475 2362 fiunt
491 2332 568 2377 per
589 2315 867 2361 dilectionem
891 2317 980 2360 Dei.
1013 2319 1116 2361 Haec
1135 2326 1279 2361 antem
1301 2333 1473 2362 necesse

95 2398 160 2434 est
176 2387 404 2433 antecedat
420 2387 525 2431 fides
539 2422 550 2441 ,
574 2395 624 2430 ut
645 2385 746 2430 inde
763 2386 841 2431 ista
861 2421 872 2441 ,
897 2402 984 2430 non
997 2387 1050 2431 ab
1063 2386 1151 2430 istis
1168 2387 1346 2447 incipiat
1366 2387 1437 2431 illa
1460 2406 1471 2433 ;

97 2458 305 2520 quoniam
329 2456 476 2501 nullus
498 2465 702 2516 operatur
723 2471 800 2516 per
821 2455 1096 2501 dilectionem
1115 2456 1193 2502 Dei
1213 2491 1223 2507 ,
1255 2457 1336 2501 nisi
1356 2456 1475 2516 prius

14 2523 18 2560 Ι

147 2550 157 2567 ¹
174 2552 194 2576 2
216 2545 288 2576 Cor.
310 2554 341 2586 v,
360 2552 414 2575 20.
435 2559 475 2565 -
492 2547 505 2566 ²
523 2542 604 2575 Psal.
628 2552 710 2583 xc1V‚
735 2550 767 2574 2,
788 2559 830 2565 —
850 2539 863 2565 3
882 2542 1041 2584 ld.1.xv11‚
1062 2541 1114 2581 33.
1131 2558 1172 2566 —
1192 2540 1207 2572 4
1229 2542 1324 2574 Rom.
1344 2551 1392 2583 iv,
1411 2541 1444 2576 5.
