1889 3285
374 228 458 267 316
803 241 836 267 s.
872 218 1103 269 Anausnm
1135 242 1318 270 13121500121

374 325 392 347 «
428 305 592 349 Infixus
613 320 709 349 sum
731 305 777 349 in
797 304 902 350 limo
923 304 1155 366 profundi,
1185 317 1230 352 et
1245 323 1335 353 non
1361 316 1426 352 est
1446 307 1748 353 substantia?»

369 380 482 421 Deus
515 374 618 420 fecit
643 377 889 433 hominem,
920 378 1207 422 substantiam
1229 379 1388 423 fecit1:
1424 388 1555 440 atque
1586 378 1754 422 utinam

369 455 563 490 maneret
594 446 640 490 in
662 462 714 509 eo
743 447 863 508 quod
893 451 1007 492 Deus
1028 447 1158 493 fecit!
1198 449 1242 494 Si
1262 458 1456 494 maneret
1482 450 1615 494 homo
1636 449 1682 492 in
1703 463 1754 492 eo

369 516 491 577 quod
513 520 626 561 Deus
647 517 774 574 fecit,
800 534 889 562 non
910 519 956 562 in
979 518 1054 564 fflo
1075 520 1232 563 infixus
1260 529 1370 565 esset
1391 536 1523 581 quem
1545 522 1658 564 Deus
1682 534 1757 578 ge-

368 589 480 633 nuit.
508 591 642 634 Porro
660 599 805 634 autem
824 590 925 650 quia
942 606 1018 650 per
1038 590 1314 651 iniquitatem
1334 592 1467 636 homo
1486 591 1632 651 lapsus
1654 599 1718 634 est
1730 605 1756 634 a

369 659 610 704 substantia
631 661 676 703 in
699 677 785 721 qua
806 660 946 705 factus
963 665 1062 717 est‘2‚
1080 662 1286 722 iniquitas
1308 662 1573 723 quippe-ipsa
1591 677 1681 705 non
1695 670 1759 705 est

370 731 611 775 substantia
630 753 641 789 3
666 748 755 776 non
773 732 888 775 enim
910 733 1113 793 iniquitas
1134 743 1199 778 est
1227 743 1383 778 natura
1401 749 1532 793 quam
1555 732 1761 777 formavit.

369 803 508 858 Deus3
525 801 600 845 sed
611 802 816 862 iniquitas
833 812 896 846 est
915 804 1168 861 perversitas
1191 819 1324 864 quam
1345 803 1448 847 fecit
1464 803 1596 847 homo
1614 823 1623 847 :
1640 803 1761 847 venit

371 871 505 916 Filius
515 873 591 916 Dei
605 872 660 916 ad
675 873 829 916 limum
841 873 1066 933 profundi,
1080 884 1124 918 et
1135 875 1291 919 infixus
1304 884 1368 919 est
1380 895 1390 931 3
1401 884 1442 918 et
1456 890 1545 918 non
1559 884 1651 918 erat
1663 874 1761 918 sub-

371 943 526 986 stantia
548 943 594 987 in
616 959 703 1003 qua
721 944 876 988 infixus
894 953 972 999 est,
991 945 1092 1005 quia
1109 945 1156 988 in
1169 945 1400 1005 iniquitate
1413 943 1591 988 illorum
1604 944 1762 987 infixus

372 1023 450 1058 est.
473 1032 489 1054 «
513 1014 675 1057 Infixus
697 1030 793 1057 sum
812 1016 857 1059 in
872 1014 977 1058 limo
992 1014 1228 1075 profundi,
1255 1024 1298 1058 et
1314 1030 1402 1058 non
1420 1023 1483 1058 est
1499 1014 1756 1058 substantia.

379 1103 396 1125 »
432 1084 588 1127 Omnia
612 1099 688 1142 per
709 1085 852 1143 ipsum
875 1085 987 1130 faeta
1012 1095 1139 1140 sunt,
1177 1094 1220 1129 et
1253 1085 1344 1129 sine
1376 1085 1467 1144 ipso
1497 1083 1663 1129 factum
1700 1092 1764 1127 est

378 1173 396 1194 »
431 1153 575 1197 1111ιί13.
589 1157 788 1199 »Naturae
798 1171 947 1200 omnes
959 1157 1185 1215 peripsum
1200 1156 1325 1200 factae
1338 1165 1439 1200 sunt
1451 1177 1461 1213 3
1472 1155 1677 1215 iniquitas
1686 1170 1765 1214 per

375 1223 517 1282 ipsum
531 1222 644 1268 facta
658 1241 747 1269 non
759 1234 837 1279 est,
850 1226 952 1285 quia
964 1226 1168 1286 iniquitas
1182 1224 1293 1270 facta
1307 1241 1396 1270 non
1407 1235 1484 1269 est.
1504 1228 1562 1270 Su
1569 1216 1771 1268 bstantiae'

374 1292 460 1336 illae
477 1309 555 1353 per
575 1310 675 1338 eum
693 1296 818 1339 faetae
834 1304 949 1350 sunt,
966 1312 1064 1355 quae
1084 1295 1266 1339 laudant
1287 1311 1403 1339 eum.
1424 1295 1630 1340 Universa
1647 1310 1766 1339 crea-

376 1372 474 1408 tura
495 1364 677 1409 laudans
701 1369 854 1421 Deum,
881 1383 904 1410 a
922 1366 1059 1410 tribus
1080 1367 1224 1425 pueris
1240 1366 1287 1409 in
1311 1366 1484 1410 camino
1501 1381 1768 1410 commemo-

377 1443 525 1492 ratur3
550 1444 593 1479 et
615 1451 638 1479 a
657 1436 836 1479 terrenis
865 1435 919 1480 ad
947 1436 1163 1491 eoelestia,
1194 1436 1261 1481 vel
1286 1453 1310 1480 a
1333 1435 1578 1481 coelestibus
1592 1435 1657 1480 ‘ad
1677 1445 1767 1479 ter-

378 1521 481 1549 rena
498 1506 688 1563 hymnus
701 1506 975 1550 laudantium
988 1511 1127 1551 Deum
1140 1509 1358 1567 pervenit⁴
1369 1543 1378 1551 .
1393 1511 1490 1553 Non
1505 1524 1593 1568 quo
1610 1517 1767 1552 cuncta

379 1577 458 1620 ista
486 1576 678 1621 habeant
699 1593 871 1621 sensum
894 1577 1126 1635 laudandi3
1162 1578 1236 1622 sed
1259 1581 1360 1638 quia
1382 1589 1536 1623 cuncta
1559 1579 1671 1625 hene
1691 1593 1768 1622 co-

382 1647 513 1705 gitata
546 1646 721 1691 laudem
752 1648 928 1707 pariunt
943 1683 954 1702 ‚
992 1658 1034 1692 et
1071 1648 1278 1707 impletur
1314 1664 1389 1693 cor
1425 1648 1769 1692 consideratione

380 1726 588 1760 creaturae
611 1717 665 1761 ad
683 1717 972 1762 eructandum
994 1719 1211 1775 hymnum
1225 1719 1434 1762 Creatori.
1458 1718 1660 1762 Laudant
1682 1733 1770 1762 om-

381 1788 451 1830 nia
476 1790 613 1831 Deum
631 1823 641 1842 ,
667 1786 741 1830 sed
763 1803 862 1847 quae
884 1787 986 1831 feeit
1008 1791 1136 1832 Deus.
1168 1787 1394 1848 Numquid
1422 1789 1467 1832 in
1500 1788 1576 1833 illo
1601 1789 1770 1846 hymno

381 1857 621 1901 advertistis
644 1857 764 1917 quod
786 1858 959 1902 avaritia
985 1856 1134 1901 laudet
1157 1860 1328 1902 Deum?
1360 1857 1529 1902 Laudat
1555 1859 1615 1902 ibi
1636 1865 1770 1902 Deum

382 1938 425 1973 et
453 1924 650 1988 serpens3
681 1930 856 1973 avaritia
883 1945 971 1973 non
1000 1928 1165 1973 laudat.
1195 1930 1352 1974 Omnia
1385 1930 1548 1990 quippe
1576 1931 1769 1990 repentia

382 1999 604 2042 nominata
625 2000 684 2043 ibi
708 2008 809 2043 sunt
831 2000 875 2042 in
892 1998 1024 2043 laude
1038 2000 1113 2043 Dei
1135 2019 1142 2043 :
1164 2000 1387 2043 nominata
1410 2009 1512 2044 sunt
1533 2001 1678 2044 omnia
1700 2016 1771 2044 re-

383 2070 526 2129 pentia
544 2091 554 2126 3
581 2069 654 2113 sed
676 2082 766 2114 non
788 2079 890 2114 sunt
905 2071 968 2114 ibi
985 2070 1207 2114 nominata
1222 2070 1366 2130 aliqua
1383 2071 1501 2115 vitia.
1518 2072 1633 2115 Vitia
1655 2072 1771 2115 enim

383 2156 434 2183 ex
454 2140 577 2184 nobis
612 2150 654 2184 et
685 2157 736 2185 ex
769 2151 915 2185 nostra
945 2141 1171 2185 voluntate
1197 2142 1410 2186 habemus
1434 2161 1442 2186 :
1475 2150 1517 2185 et
1546 2142 1649 2186 vitia
1682 2158 1772 2186 non

382 2220 483 2254 sunt
503 2211 756 2255 substantia.
787 2215 836 2255 In
859 2213 924 2256 his
947 2213 1105 2256 infixus
1124 2222 1185 2255 est
1203 2212 1413 2256 Dominus
1429 2247 1440 2266 ,
1465 2212 1644 2272 quando
1668 2228 1770 2272 per·
1833 2211 1837 2213 ’

383 2281 650 2324 secutionem
673 2297 820 2340 passus
842 2292 905 2326 est
928 2302 936 2327 :
968 2283 1013 2325 in
1034 2282 1139 2326 vitio
1168 2281 1425 2327 Judaeorum
1444 2318 1455 2337 ⁷
1482 2299 1571 2327 non
1592 2284 1638 2327 in
1665 2283 1772 2326 sub-

382 2351 537 2395 stantia
559 2351 803 2407 hominum,
830 2369 929 2412 quae
947 2368 1023 2412 per
1044 2351 1167 2395 illum
1186 2352 1299 2396 facta
1321 2362 1400 2396 est.
1431 2372 1447 2391 «
1477 2354 1640 2397 Infixus
1655 2369 1768 2409 sum,

388 2443 405 2463 »
441 2423 607 2483 inquit,
638 2424 682 2466 in
703 2423 808 2467 limo
836 2423 1065 2483 profundi,
1091 2433 1134 2467 et
1157 2440 1246 2468 non
1268 2434 1332 2468 est
1360 2424 1617 2469 substantia.
1649 2445 1665 2466 >›
1693 2428 1772 2469 In-

383 2493 490 2537 fixus
513 2508 625 2549 sum,
647 2502 690 2538 et
702 2509 790 2538 non
807 2495 954 2538 inveni
972 2493 1092 2555 quod
1109 2493 1209 2539 feci.

431 2583 441 2598 ¹
458 2578 538 2608 Gen.
554 2589 578 2618 1,
598 2587 652 2619 27.
669 2595 706 2601 -—
731 2585 743 2600 ²
766 2579 812 2609 Id.
830 2589 872 2619 ιιι,
901 2577 934 2609 6.
955 2595 996 2599 -
1016 2576 1029 2600 3
1053 2580 1144 2610 Joan.
1160 2589 1182 2617 1,
1199 2579 1231 2609 3.
1247 2595 1288 2600 —
1303 2576 1317 2602 4
1334 2581 1411 2610 Dan.
1433 2589 1480 2617 m,
1495 2577 1611 2620 24-90.
