1889 3285
431 217 512 254 308
852 223 885 250 s.
922 226 1151 252 ΑυωυεπηΜ
1183 227 1365 252 Ενιεωονι

426 290 500 334 illa
515 304 613 348 quae
631 287 822 332 habebat
840 289 980 332 virum
994 290 1025 343 ¹,
1034 289 1123 348 jam
1146 288 1278 333 talem
1300 289 1547 333 invenimus
1559 305 1657 348 quae
1679 289 1814 333 oblita

427 368 537 403 esset
559 358 893 417 opprobriorum
912 367 956 401 et
975 357 1224 415 ignominiae
1253 359 1475 404 viduitatis
1497 374 1586 402 suae
1608 375 1616 400 τ
1643 368 1688 402 et
1715 358 1813 402 ideo

425 444 653 489 possumus
675 427 787 473 forte
808 428 954 472 mirari
981 444 1083 472 cum
1103 445 1231 473 voces
1256 429 1512 474 humilitatis
1536 429 1720 484 Christi,
1743 427 1815 473 vel

426 509 607 555 nostrae,
632 499 862 557 legerimus
879 499 926 542 in
944 498 1089 559 aliqua
1111 500 1353 559 prophetia.
1379 504 1436 545 Et
1457 500 1551 543 fieri
1572 508 1714 559 potest
1729 534 1740 554 ,
1764 507 1815 542 ut

426 571 570 615 minus
598 586 650 614 ex
673 571 731 614 eis
759 570 1024 628 assiciamur3
1048 570 1150 630 quia
1172 586 1263 615 non
1289 586 1340 615 eo
1369 580 1566 630 tempore
1586 570 1784 615 venimus
1799 603 1810 625 ,

425 641 602 702 quando
624 641 703 685 ista
727 656 828 685 cum
859 656 1010 700 sapore
1037 641 1298 699 legebantur
1325 641 1577 685 abundante
1598 646 1814 700 pressura.'

427 712 512 757 Sed
533 725 681 756 rursus
702 712 734 756 si
757 710 1092 756 tribulationum
1123 711 1440 756 abundantiam
1470 711 1709 769 cogitemus
1725 745 1736 765 ,
1771 718 1816 754 et

423 783 469 825 in
486 798 572 841 qua
595 782 870 826 ambulemus
893 781 963 825 vi'a
986 795 1316 839 cognoscamus,
1338 782 1372 826 si
1395 780 1599 825 tamenin
1623 779 1697 824 illa
1719 795 1813 824 am-

423 851 625 896 bulamus
641 887 652 907 ,
679 868 810 912 quam
837 852 890 896 sit
914 861 1095 911 angusta
1110 856 1143 907 ²,
1170 861 1213 896 et
1234 868 1310 912 per
1332 867 1551 912 pressuras
1584 860 1715 912 atque
1736 850 1816 894 tri-

421 923 668 967 bulationes
698 923 909 982 perducat
930 923 986 966 ad
1011 922 1204 982 requiem
1228 923 1564 982 sempiternam3
1593 935 1814 981 quamque

422 994 514 1053 ipsa
534 1010 633 1054 quae
655 994 700 1037 in
729 994 856 1037 rebus
880 994 1082 1037 humanis
1108 1002 1288 1037 vocatur
1319 991 1501 1036 felicitas
1521 1028 1532 1047 7
1557 991 1656 1052 plus
1683 992 1736 1035 sit
1756 992 1814 1035 ti-

424 1064 583 1109 menda
606 1081 738 1125 quam
765 1065 961 1122 miseria3
986 1064 1344 1125 quandoquidem
1365 1064 1532 1108 miseria
1554 1063 1814 1124 plerumque

424 1136 552 1180 affert
569 1152 619 1179 ex
641 1134 922 1179 tribulatione
940 1134 1132 1179 fructum
1148 1136 1332 1190 bonum,
1357 1134 1536 1179 felicitas
1559 1144 1703 1178 autem
1722 1150 1814 1178 cor-

424 1206 588 1265 rumpit
611 1206 799 1250 animam
821 1221 1021 1265 perversa
1043 1207 1288 1259 securitate,
1317 1214 1360 1249 et
1376 1204 1451 1249 dat
1469 1204 1615 1249 locum
1637 1204 1814 1249 diabolo

424 1277 655 1333 tentatori3
687 1291 788 1320 cum
821 1292 924 1335 ergo
956 1276 1290 1334 cogitaverimus
1329 1276 1568 1335 prudenter
1596 1284 1639 1319 et
1670 1285 1810 1331 recte,

421 1349 532 1392 sicut
554 1346 675 1391 salita
699 1347 896 1401 victima,
920 1347 1207 1390 tentationem
1225 1361 1315 1390 esse
1333 1346 1467 1390 vitam
1486 1346 1723 1389 humanam
1737 1362 1813 1389 su-

420 1434 498 1477 per
521 1427 678 1461 terram
692 1418 723 1472 3,
750 1417 1059 1475 neminemque
1082 1416 1262 1460 omnino
1281 1431 1369 1460 esse
1391 1431 1613 1470 securum,
1639 1431 1719 1459 nec
1736 1415 1815 1459 de-

421 1489 525 1531 bere
547 1503 636 1531 esse
658 1502 875 1541 securum,
892 1485 1033 1530 donec
1051 1485 1105 1529 ad
1128 1486 1247 1530 illam
1264 1487 1449 1545 patriam
1462 1487 1676 1542 veniatur,
1696 1487 1814 1530 unde

423 1574 552 1603 nemo
576 1559 662 1602 exit
684 1558 846 1601 amicus
862 1593 872 1612 ,
901 1573 989 1617 quo
1011 1572 1140 1600 nemo
1160 1557 1406 1601 admittitur
1432 1558 1634 1601 inimicus
1651 1593 1661 1612 ,
1684 1558 1814 1602 etiam

422 1631 600 1675 nuncin
614 1630 705 1689 ipsa
719 1627 924 1673 Ecclesiae
938 1627 1072 1686 gloria
1091 1628 1365 1686 agnoscimus
1380 1643 1507 1671 voces
1525 1628 1814 1673 tribulationis

421 1709 580 1746 nostrae
601 1720 609 1745 ;
636 1709 679 1743 et
695 1709 906 1759 tanquam
931 1697 1127 1740 membra
1148 1697 1328 1752 Christi,
1363 1713 1572 1757 compage
1594 1699 1813 1743 charitatis

422 1771 598 1817 subdita
620 1770 751 1829 capiti
768 1778 916 1813 nostro
932 1803 943 1824 ,
967 1777 1010 1811 et
1032 1784 1110 1812 nos
1127 1768 1311 1812 invicem
1334 1768 1564 1813 retinentia
1581 1804 1592 1824 ,
1619 1768 1813 1814 dicemus

423 1844 478 1888 de
508 1841 711 1896 Psalmis,
733 1839 854 1900 quod
882 1840 952 1884 hic
979 1839 1133 1883 dixisse
1162 1839 1455 1884 invenerimus
1476 1843 1710 1899 Martyres,
1736 1841 1812 1900 qui

422 1914 605 1960 fuerunt
623 1922 724 1956 ante
741 1927 820 1955 nos
837 1932 848 1969 3
873 1911 976 1971 quia
992 1907 1218 1954 tribulatio
1236 1911 1479 1955 communis
1499 1920 1562 1955 est
1589 1912 1808 1967 omnibus,

423 1986 478 2030 ab
506 1984 631 2028 initio
660 1998 798 2043 usque
823 1983 869 2026 in
899 1982 1048 2025 finem.
1076 1984 1239 2025 Tamen
1266 1982 1397 2034 istum
1428 1982 1646 2027 Psalmum
1680 1998 1812 2043 quem

423 2056 700 2102 tractandum
722 2053 1004 2113 suscepimus,
1025 2061 1068 2095 et
1086 2051 1140 2096 de
1169 2069 1256 2113 quo
1271 2052 1393 2113 loqui
1415 2053 1626 2098 Charitati
1647 2056 1812 2097 Vestrae

423 2129 470 2173 in
491 2127 667 2173 nomine
695 2125 870 2171 Domini
893 2124 1220 2185 proposuimus,
1251 2125 1296 2167 in
1320 2140 1454 2182 grano
1477 2125 1635 2184 sinapis
1657 2141 1813 2183 agnos-

423 2200 591 2244 camus4
610 2217 618 2243 2
637 2197 867 2258 paululum
885 2196 939 2240 ab
958 2195 1188 2239 altitudine
1211 2195 1336 2239 oleris
1351 2204 1393 2238 et
1409 2194 1644 2239 diffusione
1665 2211 1811 2240 ramo-

423 2286 522 2315 rum
539 2305 549 2325 ,
571 2278 614 2312 et
633 2269 687 2312 ab
705 2267 776 2311 illa
801 2266 956 2326 gloria,
983 2266 1061 2311 ubi
1083 2281 1180 2310 aves
1203 2265 1303 2310 coeli
1325 2266 1628 2325 requiescunt,
1657 2283 1812 2311 avoce-

424 2356 521 2385 mus
543 2339 848 2398 cogitationem
871 2357 879 2382 :
906 2347 949 2382 et
978 2338 1073 2381 haec
1104 2337 1361 2395 magnitudo
1384 2353 1484 2398 quae
1517 2352 1595 2381 nos
1624 2336 1812 2383 delectat

424 2413 470 2456 in
498 2410 639 2465 olere,
669 2423 800 2468 quam
829 2408 883 2451 de
910 2423 1043 2468 parvo
1076 2407 1307 2451 surrexerit
1335 2405 1576 2452 audiamus.
1613 2407 1809 2452 Christus

474 2517 482 2533 ¹
504 2511 576 2542 lsai.
603 2518 666 2549 mv,
687 2519 717 2546 1,
735 2513 766 2540 et
791 2506 859 2540 Gal.
882 2517 925 2548 lv,
948 2505 1001 2547 47.
1026 2522 1066 2528 —-
1089 2512 1100 2527 ²
1123 2504 1235 2538 7tlatth.
1270 2516 1332 2546 vn,
1357 2504 1405 2546 14‘.
1432 2522 1472 2528 -
1496 2503 1508 2527 3
1527 2504 1601 2537 Job.
1625 2516 1684 2546 vn,
1709 2516 1736 2537 1.
1768 2523 1808 2529 -—

428 2568 440 2597 -i
464 2566 577 2601 Matth.
600 2576 673 2607 xm,
692 2564 744 2598 31.
