1889 3285
247 295 488 326 ENARRATIO
519 299 553 324 11
584 298 631 326 nv
663 295 865 325 PsALMUM
897 297 1006 337 Lxx,
1040 297 1180 327 sEnMo
1211 301 1259 326 11.
1353 286 1437 327 395

57 362 123 407 dit
143 363 298 406 animae
319 361 497 407 obedire
517 362 563 405 in
585 377 706 406 servo
728 371 777 406 ut
797 361 971 406 obediat
986 361 1188 417 domino,
1212 363 1258 406 in
1280 361 1369 407 filio
1390 372 1440 408 ut

57 433 233 478 obediat
252 434 390 493 patri,
414 433 460 476 in
483 449 616 477 uxore
637 443 687 477 ut
707 432 883 477 obediat
902 433 996 477 viro
1017 453 1028 490 3
1052 443 1216 493 quanto
1239 435 1372 493 magis
1393 435 1440 478 in

56 504 234 549 homine
249 512 299 546 ut
319 502 496 547 obediat
512 505 629 547 Deo?
646 506 860 563 Expertus
874 518 975 561 ergo
991 503 1155 547 malum
1174 503 1330 559 Adam,
1352 519 1439 548 om*

57 573 122 617 nis
142 582 287 616 autem
303 573 437 617 homo
459 571 596 616 Adam
610 608 620 627 ,
637 574 745 617 sicut
756 573 801 616 in
823 573 885 616 his
909 573 984 633 qui
1005 571 1285 616 crediderunt
1302 574 1441 617 omnis

56 645 190 689 homo
221 644 418 688 Christus
438 679 449 699 ‚
490 644 591 704 quia
626 644 823 688 membra
861 651 963 688 sunt
994 644 1154 688 Christi
1192 663 1201 688 :
1241 653 1441 703 expertus

57 729 161 773 ergo
191 714 355 758 malum
372 749 382 769 ,
407 714 529 774 quod
550 730 640 758 non
668 713 821 758 debuit
842 714 1055 774 experiri,
1080 714 1115 757 si
1143 713 1338 758 crederet
1371 713 1442 758 di-

0 780 2 787 *
57 785 197 839 centi‚
226 803 246 826 «
277 783 375 828 Noli
402 793 580 843 tangere
600 786 611 809 ¹
634 803 642 828 :
671 802 690 825 υ
716 794 916 843 expertus
942 800 1044 843 ergo
1076 784 1241 828 malum
1257 820 1269 840 ‚
1293 793 1443 844 postea

0 904 2 911 y
57 854 208 898 saltem
226 853 498 913 obtemperet
517 855 742 913 praeceptis
759 855 917 898 medici
934 864 984 898 ut
1003 863 1150 913 surgat
1167 889 1178 909 ‚
1203 855 1279 915 qui
1301 854 1444 898 noluit

58 923 234 968 credere
267 923 437 968 medico
464 933 515 967 ut
547 939 638 968 non
657 933 901 982 aegrotaret.
925 927 1035 969 Nam
1052 934 1096 968 et
1117 940 1220 969 sano
1242 925 1384 969 bonus
1401 933 1444 968 et

0 1043 2 1057 .
57 993 196 1038 fidelis
207 993 401 1038 medicus
416 993 490 1038 dat
507 1003 792 1054 praeceptum,
811 1010 866 1038 ne
878 995 931 1038 sit
945 994 1009 1038 ini
1025 995 1302 1039 necessarius.
1314 1013 1333 1036 «
1346 997 1445 1039 Non

0 1096 3 1129 ζ
59 1080 82 1105 »ι
117 1071 180 1108 est
201 1064 314 1107 enim
346 1065 456 1108 sanis
489 1065 750 1108 necessarius
772 1064 990 1119 medicus,
1018 1064 1093 1108 sed
1109 1064 1222 1108 male
1243 1065 1447 1108 habenti-

0 1150 2 1154 ·
62 1151 82 1175 u
116 1133 199 1177 bus
212 1137 244 1176 ².
273 1152 293 1175 »
322 1134 432 1178 Boni
453 1143 599 1178 autem
621 1134 746 1178 amici
769 1133 955 1190 medici,
983 1135 1059 1195 qui
1078 1134 1236 1179 nolunt
1259 1133 1446 1178 vendere

58 1213 195 1248 artem
218 1220 366 1259 suam,
388 1214 432 1248 et
456 1204 554 1264 plus
572 1203 765 1263 gaudent
787 1205 842 1248 ad
864 1220 988 1249 sanos
1005 1221 1136 1265 quam
1159 1205 1214 1249 ad
1236 1214 1443 1262 aegrotos,

59 1273 166 1317 dant
187 1274 389 1333 quaedam
412 1283 629 1331 praecepta
646 1275 778 1326 saniS‚
799 1291 898 1332 quae
921 1275 1193 1319 observando
1207 1276 1251 1315 in
1266 1274 1445 1330 aegritu-

60 1344 208 1388 dinem
232 1359 320 1387 non
344 1341 514 1386 cadant.
535 1346 669 1386 Porro
692 1351 837 1386 autem
858 1341 919 1386 illi
936 1343 970 1386 si
986 1351 1200 1403 praecepta
1219 1351 1447 1402 contemp-

59 1414 217 1469 serint,
244 1423 286 1458 et
312 1414 355 1458 in
373 1413 676 1473 aegritudinem
692 1413 926 1458 inciderint
941 1450 951 1469 ,
975 1414 1221 1474 supplicant
1241 1413 1411 1459 medico
1434 1434 1442 1459 :

50 1501 191 1547 unem
205 1494 560 1545 contempserunt
577 1485 694 1540 sani,
719 1495 874 1545 rogant
907 1486 1073 1545 aegroti.
1100 1486 1274 1530 Utinam
1296 1483 1448 1529 saltem

59 1566 213 1615 rogent
231 1593 241 1613 ‚
273 1572 328 1600 ne
357 1572 435 1616 per
468 1556 636 1600 febrem
668 1565 814 1600 mente
843 1556 1014 1616 perdita
1047 1565 1090 1600 et
1116 1554 1333 1600 medicum
1361 1571 1448 1599 cae-

61 1626 181 1672 dant.
207 1626 396 1672 Audistis
418 1627 578 1681 modo,
605 1642 706 1671 cum
723 1626 1011 1685 Evangelium
1024 1626 1243 1685 legeretur
1258 1661 1268 1680 ‚
1295 1641 1448 1685 quem-

61 1697 297 1742 admodum
319 1698 364 1741 in
390 1697 486 1741 illos
513 1696 627 1741 dicta
649 1697 702 1740 sit
738 1696 956 1756 parabola.
986 1696 1144 1740 Mentis
1173 1711 1287 1739 sanae
1327 1704 1450 1739 erant

0 1795 1 1800 =
60 1769 137 1829 qui
154 1768 357 1813 dixerunt
382 1787 391 1812 2
420 1787 439 1809 «
466 1768 547 1812 Hic
564 1776 628 1811 est
639 1769 792 1822 haeres,
816 1767 977 1822 venite,
994 1766 1241 1812 occidamus
1258 1781 1357 1810 eum
1373 1801 1384 1820 ,
1408 1776 1451 1810 et

63 1857 84 1881 u
119 1847 264 1884 nostra
286 1839 366 1882 erit
387 1839 671 1882 haeredita83‘?
692 1857 712 1879 »
732 1838 891 1898 Utique
909 1854 998 1883 non
1025 1857 1033 1882 :
1058 1847 1164 1897 puta
1182 1837 1257 1897 qui
1275 1836 1451 1881 occide-

61 1919 165 1954 runt
198 1909 335 1953 filium
353 1944 363 1963 ‚
400 1917 443 1952 et
464 1917 632 1968 patrem
659 1908 843 1953 occisuri
875 1916 1025 1965 erant3
1048 1909 1132 1951 hoc
1166 1917 1231 1952 est
1258 1916 1451 1951 mentem

61 1995 210 2025 sanam
231 1995 321 2024 non
342 1979 515 2024 habere.
539 1982 763 2023 Postremo
785 1994 885 2023 ecce
899 1979 1001 2038 quia
1014 1977 1269 2022 occiderunt
1284 1976 1422 2021 filium
1439 1997 1448 2022 :

63 2050 293 2094 resurrexit
314 2048 428 2092 filius
445 2083 456 2103 ‚
481 2058 525 2092 et
546 2048 654 2108 lapis
675 2049 931 2108 reprobatus
949 2048 1004 2093 ab
1021 2047 1337 2092 aedificantibus
1359 2046 1452 2092 fac-

62 2129 132 2164 tus
164 2128 228 2163 est
254 2119 301 2162 in
328 2127 459 2178 caput
490 2117 684 2176 anguli&
710 2118 1003 2163 Offenderunt
1029 2118 1074 2162 in
1100 2118 1223 2161 illum
1241 2153 1252 2173 ,
1277 2127 1320 2161 et
1344 2133 1452 2162 con-

62 2189 246 2250 quassati
256 2197 359 2233 sunt
376 2188 540 2233 :veniet
551 2204 680 2248 super
692 2204 779 2243 eos,
805 2197 847 2232 et
865 2197 1060 2233 conteret
1081 2204 1168 2232 eos.
1191 2187 1276 2233 Sed
1287 2203 1376 2231 non
1391 2187 1453 2231 ita

61 2260 140 2305 iste
162 2259 237 2320 qui
260 2268 407 2304 cantat
427 2259 472 2302 in
489 2258 734 2314 Psalmo‚et
755 2258 860 2302 dicit
878 2278 886 2303 :
910 2278 928 2300 (ι
942 2259 1139 2303 Introibo
1155 2258 1200 2301 in
1212 2258 1453 2317 potentiam

66 2350 85 2372 η
120 2330 295 2375 Domini
314 2349 323 2374 ε
353 2348 372 2370 »
393 2345 483 2373 non
506 2345 646 2373 meam
663 2365 673 2385 ‚
697 2329 788 2385 sed,
815 2349 833 2371 «
860 2329 1048 2374 Domini.
1068 2329 1267 2383 Domine,
1284 2344 1453 2372 memo-

66 2419 87 2443 »
120 2402 251 2446 rabor
280 2401 460 2461 justitiae
490 2409 578 2445 tuae
616 2401 811 2445 solius.»
842 2400 1019 2446 Nullam
1051 2415 1194 2444 meam
1230 2415 1416 2457 agnosco
1439 2434 1450 2454 ,

63 2473 193 2518 solius
216 2481 303 2517 tuae
321 2472 500 2532 justitiae
522 2473 811 2517 memorabor.
830 2475 923 2517 Ate
936 2472 1078 2516 habeo
1115 2470 1333 2532 quidquid
1346 2470 1452 2515 boni

121 2574 130 2590 ¹
165 2569 245 2600 Gen.
271 2579 312 2609 n,
339 2579 390 2609 17·
420 2585 460 2590 —-
492 2574 504 2590 2
535 2568 649 2601 Matth.
677 2579 728 2609 lx,
771 2577 822 2600 12.
850 2585 891 2590 —-
919 2565 931 2590 3
968 2568 1014 2600 Id.
1044 2578 1123 2608 xxi,
1170 2566 1223 2598 38.
1254 2582 1296 2588 -
1326 2563 1343 2595 4
1370 2565 1451 2599 Psal.

66 2631 235 2664 cxv11‚‘22.
