<?xml version="1.0" encoding="UTF-8"?>
<!DOCTYPE html PUBLIC "-//W3C//DTD XHTML 1.0 Transitional//EN"
    "http://www.w3.org/TR/xhtml1/DTD/xhtml1-transitional.dtd">
<html xmlns="http://www.w3.org/1999/xhtml" xml:lang="en" lang="en">
 <head>
  <title>
</title>
<meta http-equiv="Content-Type" content="text/html;charset=utf-8" />
  <meta name='ocr-system' content='tesseract 3.04.00' />
  <meta name='ocr-capabilities' content='ocr_page ocr_carea ocr_par ocr_line ocrx_word'/>
</head>
<body>
  <div class='ocr_page' id='page_1' title='image "./operaomniaaccura09auguuoft_0401.png"; bbox 0 0 1889 3285; ppageno 0'>
   <div class='ocr_carea' id='block_1_1' title="bbox 0 1697 3 2954">
    <p class='ocr_par' dir='ltr' id='par_1_1' title="bbox 0 1697 3 2954">
     <span class='ocr_line' id='line_1_1' title="bbox 0 1697 3 2954; baseline 0 0"><span class='ocrx_word' id='word_1_1' title='bbox 0 1697 3 2954; x_wconf 95' lang='lat' dir='ltr'> </span> 
     </span>
    </p>
   </div>
   <div class='ocr_carea' id='block_1_2' title="bbox 314 286 1486 340">
    <p class='ocr_par' dir='ltr' id='par_1_2' title="bbox 314 286 1486 340">
     <span class='ocr_line' id='line_1_2' title="bbox 314 286 1486 340; baseline -0.011 -4"><span class='ocrx_word' id='word_1_2' title='bbox 314 308 556 336; x_wconf 48' lang='lat' dir='ltr'>ExitrinATro</span> <span class='ocrx_word' id='word_1_3' title='bbox 588 309 603 335; x_wconf 89' lang='lat'>1</span> <span class='ocrx_word' id='word_1_4' title='bbox 636 309 680 334; x_wconf 61' lang='lat' dir='ltr'>ns·</span> <span class='ocrx_word' id='word_1_5' title='bbox 713 307 913 334; x_wconf 66' lang='lat' dir='ltr'>PsAtth</span> <span class='ocrx_word' id='word_1_6' title='bbox 947 304 1049 340; x_wconf 60' lang='lat' dir='ltr'>ixx,</span> <span class='ocrx_word' id='word_1_7' title='bbox 1086 302 1223 329; x_wconf 66' lang='lat' dir='ltr'>§nmio</span> <span class='ocrx_word' id='word_1_8' title='bbox 1257 302 1285 327; x_wconf 81' lang='lat'>1.</span> <span class='ocrx_word' id='word_1_9' title='bbox 1402 286 1486 324; x_wconf 77' lang='lat'>389</span> 
     </span>
    </p>
   </div>
   <div class='ocr_carea' id='block_1_3' title="bbox 102 366 1497 2602">
    <p class='ocr_par' dir='ltr' id='par_1_3' title="bbox 102 366 1497 2602">
     <span class='ocr_line' id='line_1_3' title="bbox 106 366 1489 431; baseline -0.007 -16"><span class='ocrx_word' id='word_1_10' title='bbox 106 375 361 425; x_wconf 73' lang='lat' dir='ltr'>Quaeramus</span> <span class='ocrx_word' id='word_1_11' title='bbox 379 388 480 431; x_wconf 86' lang='lat' dir='ltr'>ergo</span> <span class='ocrx_word' id='word_1_12' title='bbox 501 372 839 416; x_wconf 80' lang='lat' dir='ltr'>etlittcraturam</span> <span class='ocrx_word' id='word_1_13' title='bbox 864 367 1085 429; x_wconf 82' lang='lat' dir='ltr'>quomodo</span> <span class='ocrx_word' id='word_1_14' title='bbox 1095 366 1412 423; x_wconf 82' lang='lat' dir='ltr'>intelligamus,</span> <span class='ocrx_word' id='word_1_15' title='bbox 1434 378 1489 406; x_wconf 89' lang='lat' dir='ltr'>nc</span> 
     </span>
     <span class='ocr_line' id='line_1_4' title="bbox 105 437 1487 501; baseline -0.007 -14"><span class='ocrx_word' id='word_1_16' title='bbox 105 444 166 487; x_wconf 86' lang='lat' dir='ltr'>sic</span> <span class='ocrx_word' id='word_1_17' title='bbox 184 442 456 486; x_wconf 81' lang='lat' dir='ltr'>offendamus</span> <span class='ocrx_word' id='word_1_18' title='bbox 480 442 781 501; x_wconf 83' lang='lat' dir='ltr'>grammaticos</span> <span class='ocrx_word' id='word_1_19' title='bbox 795 476 806 495; x_wconf 86' lang='lat'>‚</span> <span class='ocrx_word' id='word_1_20' title='bbox 824 437 1045 500; x_wconf 89' lang='lat' dir='ltr'>quomodo</span> <span class='ocrx_word' id='word_1_21' title='bbox 1074 437 1204 496; x_wconf 87' lang='lat' dir='ltr'>paulo</span> <span class='ocrx_word' id='word_1_22' title='bbox 1232 445 1332 480; x_wconf 87' lang='lat' dir='ltr'>ante</span> <span class='ocrx_word' id='word_1_23' title='bbox 1352 449 1487 492; x_wconf 84' lang='lat' dir='ltr'>nego-</span> 
     </span>
     <span class='ocr_line' id='line_1_5' title="bbox 105 507 1490 572; baseline -0.006 -15"><span class='ocrx_word' id='word_1_24' title='bbox 105 513 279 557; x_wconf 88' lang='lat' dir='ltr'>tiatores</span> <span class='ocrx_word' id='word_1_25' title='bbox 301 532 310 556; x_wconf 89' lang='lat'>:</span> <span class='ocrx_word' id='word_1_26' title='bbox 336 513 438 572; x_wconf 84' lang='lat' dir='ltr'>quia</span> <span class='ocrx_word' id='word_1_27' title='bbox 460 521 502 556; x_wconf 88' lang='lat' dir='ltr'>et</span> <span class='ocrx_word' id='word_1_28' title='bbox 529 512 830 570; x_wconf 85' lang='lat' dir='ltr'>grammaticus</span> <span class='ocrx_word' id='word_1_29' title='bbox 852 518 994 570; x_wconf 88' lang='lat' dir='ltr'>potest</span> <span class='ocrx_word' id='word_1_30' title='bbox 1019 509 1064 551; x_wconf 88' lang='lat' dir='ltr'>in</span> <span class='ocrx_word' id='word_1_31' title='bbox 1091 516 1180 551; x_wconf 86' lang='lat' dir='ltr'>arte</span> <span class='ocrx_word' id='word_1_32' title='bbox 1208 522 1283 551; x_wconf 89' lang='lat' dir='ltr'>sua</span> <span class='ocrx_word' id='word_1_33' title='bbox 1308 507 1490 550; x_wconf 79' lang='lat' dir='ltr'>honeste</span> 
     </span>
     <span class='ocr_line' id='line_1_6' title="bbox 103 577 1490 643; baseline -0.006 -15"><span class='ocrx_word' id='word_1_34' title='bbox 103 584 249 629; x_wconf 86' lang='lat' dir='ltr'>vivere</span> <span class='ocrx_word' id='word_1_35' title='bbox 271 619 282 639; x_wconf 78' lang='lat'><strong>‚</strong></span> <span class='ocrx_word' id='word_1_36' title='bbox 302 599 392 627; x_wconf 90' lang='lat' dir='ltr'>non</span> <span class='ocrx_word' id='word_1_37' title='bbox 413 585 604 643; x_wconf 83' lang='lat' dir='ltr'>pejerare</span> <span class='ocrx_word' id='word_1_38' title='bbox 624 618 634 637; x_wconf 84' lang='lat'>‚</span> <span class='ocrx_word' id='word_1_39' title='bbox 656 599 745 626; x_wconf 91' lang='lat' dir='ltr'>non</span> <span class='ocrx_word' id='word_1_40' title='bbox 762 581 949 626; x_wconf 84' lang='lat' dir='ltr'>mentiri.</span> <span class='ocrx_word' id='word_1_41' title='bbox 969 583 1220 633; x_wconf 87' lang='lat' dir='ltr'>Quaeramus</span> <span class='ocrx_word' id='word_1_42' title='bbox 1248 592 1348 635; x_wconf 84' lang='lat' dir='ltr'>ergo</span> <span class='ocrx_word' id='word_1_43' title='bbox 1376 577 1490 621; x_wconf 89' lang='lat' dir='ltr'>litte-</span> 
     </span>
     <span class='ocr_line' id='line_1_7' title="bbox 103 646 1491 714; baseline -0.006 -16"><span class='ocrx_word' id='word_1_44' title='bbox 103 663 296 698; x_wconf 88' lang='lat' dir='ltr'>raturam</span> <span class='ocrx_word' id='word_1_45' title='bbox 318 669 451 714; x_wconf 86' lang='lat' dir='ltr'>quam</span> <span class='ocrx_word' id='word_1_46' title='bbox 472 669 562 698; x_wconf 93' lang='lat' dir='ltr'>non</span> <span class='ocrx_word' id='word_1_47' title='bbox 594 652 797 711; x_wconf 86' lang='lat' dir='ltr'>cognovit</span> <span class='ocrx_word' id='word_1_48' title='bbox 824 652 928 704; x_wconf 87' lang='lat' dir='ltr'>iste,</span> <span class='ocrx_word' id='word_1_49' title='bbox 961 651 1007 693; x_wconf 91' lang='lat' dir='ltr'>in</span> <span class='ocrx_word' id='word_1_50' title='bbox 1035 650 1156 709; x_wconf 82' lang='lat' dir='ltr'>cujus</span> <span class='ocrx_word' id='word_1_51' title='bbox 1185 664 1258 692; x_wconf 88' lang='lat' dir='ltr'>ore</span> <span class='ocrx_word' id='word_1_52' title='bbox 1291 656 1381 691; x_wconf 81' lang='lat' dir='ltr'>tota</span> <span class='ocrx_word' id='word_1_53' title='bbox 1420 646 1491 690; x_wconf 90' lang='lat' dir='ltr'>die</span> 
     </span>
     <span class='ocr_line' id='line_1_8' title="bbox 102 716 1490 784; baseline -0.006 -15"><span class='ocrx_word' id='word_1_54' title='bbox 102 724 197 769; x_wconf 87' lang='lat' dir='ltr'>laus</span> <span class='ocrx_word' id='word_1_55' title='bbox 215 725 294 769; x_wconf 87' lang='lat' dir='ltr'>Dei</span> <span class='ocrx_word' id='word_1_56' title='bbox 315 734 393 769; x_wconf 88' lang='lat' dir='ltr'>est.</span> <span class='ocrx_word' id='word_1_57' title='bbox 415 727 493 768; x_wconf 90' lang='lat' dir='ltr'>Est</span> <span class='ocrx_word' id='word_1_58' title='bbox 514 725 714 784; x_wconf 86' lang='lat' dir='ltr'>quaedam</span> <span class='ocrx_word' id='word_1_59' title='bbox 738 722 981 766; x_wconf 86' lang='lat' dir='ltr'>litteratura</span> <span class='ocrx_word' id='word_1_60' title='bbox 1001 719 1256 764; x_wconf 59' lang='lat' dir='ltr'>{Iudaeorum</span> <span class='ocrx_word' id='word_1_61' title='bbox 1283 737 1292 762; x_wconf 80' lang='lat' dir='ltr'>z</span> <span class='ocrx_word' id='word_1_62' title='bbox 1317 717 1373 761; x_wconf 85' lang='lat' dir='ltr'>ad</span> <span class='ocrx_word' id='word_1_63' title='bbox 1394 716 1490 760; x_wconf 84' lang='lat' dir='ltr'>illos</span> 
     </span>
     <span class='ocr_line' id='line_1_9' title="bbox 103 789 1486 850; baseline -0.006 -12"><span class='ocrx_word' id='word_1_64' title='bbox 103 794 219 838; x_wconf 89' lang='lat' dir='ltr'>enim</span> <span class='ocrx_word' id='word_1_65' title='bbox 242 803 285 837; x_wconf 90' lang='lat' dir='ltr'>et</span> <span class='ocrx_word' id='word_1_66' title='bbox 298 795 381 838; x_wconf 86' lang='lat' dir='ltr'>boc</span> <span class='ocrx_word' id='word_1_67' title='bbox 404 792 638 837; x_wconf 86' lang='lat' dir='ltr'>referamus</span> <span class='ocrx_word' id='word_1_68' title='bbox 657 815 668 850; x_wconf 74' lang='lat'>3</span> <span class='ocrx_word' id='word_1_69' title='bbox 688 793 747 836; x_wconf 86' lang='lat' dir='ltr'>ibi</span> <span class='ocrx_word' id='word_1_70' title='bbox 765 792 1034 836; x_wconf 84' lang='lat' dir='ltr'>inveniemus</span> <span class='ocrx_word' id='word_1_71' title='bbox 1057 789 1177 850; x_wconf 90' lang='lat' dir='ltr'>quod</span> <span class='ocrx_word' id='word_1_72' title='bbox 1205 789 1372 833; x_wconf 88' lang='lat' dir='ltr'>dictum</span> <span class='ocrx_word' id='word_1_73' title='bbox 1407 796 1486 831; x_wconf 88' lang='lat' dir='ltr'>est.</span> 
     </span>
     <span class='ocr_line' id='line_1_10' title="bbox 103 862 1493 922; baseline -0.005 -14"><span class='ocrx_word' id='word_1_74' title='bbox 103 863 335 917; x_wconf 86' lang='lat' dir='ltr'>Quomodo</span> <span class='ocrx_word' id='word_1_75' title='bbox 363 880 464 908; x_wconf 90' lang='lat' dir='ltr'>cum</span> <span class='ocrx_word' id='word_1_76' title='bbox 495 863 549 908; x_wconf 90' lang='lat' dir='ltr'>dc</span> <span class='ocrx_word' id='word_1_77' title='bbox 578 862 922 922; x_wconf 75' lang='lat' dir='ltr'>negotiatoribus</span> <span class='ocrx_word' id='word_1_78' title='bbox 964 875 1278 921; x_wconf 76' lang='lat' dir='ltr'>quaereremus,</span> <span class='ocrx_word' id='word_1_79' title='bbox 1314 867 1493 918; x_wconf 89' lang='lat' dir='ltr'>propter</span> 
     </span>
     <span class='ocr_line' id='line_1_11' title="bbox 104 930 1494 994; baseline -0.006 -15"><span class='ocrx_word' id='word_1_80' title='bbox 104 943 224 979; x_wconf 83' lang='lat' dir='ltr'>actus</span> <span class='ocrx_word' id='word_1_81' title='bbox 245 944 288 979; x_wconf 86' lang='lat' dir='ltr'>et</span> <span class='ocrx_word' id='word_1_82' title='bbox 310 951 466 994; x_wconf 79' lang='lat' dir='ltr'>opera,</span> <span class='ocrx_word' id='word_1_83' title='bbox 486 935 731 978; x_wconf 86' lang='lat' dir='ltr'>invenimus</span> <span class='ocrx_word' id='word_1_84' title='bbox 752 933 871 977; x_wconf 87' lang='lat' dir='ltr'>illam</span> <span class='ocrx_word' id='word_1_85' title='bbox 893 933 978 976; x_wconf 89' lang='lat' dir='ltr'>dici</span> <span class='ocrx_word' id='word_1_86' title='bbox 996 931 1331 990; x_wconf 80' lang='lat' dir='ltr'>negotiationem</span> <span class='ocrx_word' id='word_1_87' title='bbox 1355 930 1494 973; x_wconf 82' lang='lat' dir='ltr'>detes-</span> 
     </span>
     <span class='ocr_line' id='line_1_12' title="bbox 102 1001 1492 1065; baseline -0.005 -17"><span class='ocrx_word' id='word_1_88' title='bbox 102 1004 307 1059; x_wconf 85' lang='lat' dir='ltr'>tandam,</span> <span class='ocrx_word' id='word_1_89' title='bbox 345 1020 478 1065; x_wconf 89' lang='lat' dir='ltr'>quam</span> <span class='ocrx_word' id='word_1_90' title='bbox 514 1005 682 1049; x_wconf 85' lang='lat' dir='ltr'>notavit</span> <span class='ocrx_word' id='word_1_91' title='bbox 705 1003 959 1062; x_wconf 83' lang='lat' dir='ltr'>Apostolus,</span> <span class='ocrx_word' id='word_1_92' title='bbox 986 1001 1132 1046; x_wconf 84' lang='lat' dir='ltr'>dicens</span> <span class='ocrx_word' id='word_1_93' title='bbox 1160 1022 1168 1045; x_wconf 78' lang='lat'>2</span> <span class='ocrx_word' id='word_1_94' title='bbox 1199 1020 1218 1043; x_wconf 91' lang='lat'>«</span> <span class='ocrx_word' id='word_1_95' title='bbox 1240 1004 1492 1059; x_wconf 84' lang='lat' dir='ltr'>Ignorantes</span> 
     </span>
     <span class='ocr_line' id='line_1_13' title="bbox 106 1072 1493 1134; baseline -0.001 -18"><span class='ocrx_word' id='word_1_96' title='bbox 106 1093 127 1115; x_wconf 84' lang='lat'>»</span> <span class='ocrx_word' id='word_1_97' title='bbox 163 1075 279 1118; x_wconf 88' lang='lat' dir='ltr'>enim</span> <span class='ocrx_word' id='word_1_98' title='bbox 298 1076 374 1118; x_wconf 85' lang='lat' dir='ltr'>Dei</span> <span class='ocrx_word' id='word_1_99' title='bbox 390 1075 602 1134; x_wconf 81' lang='lat' dir='ltr'>justitiam</span> <span class='ocrx_word' id='word_1_100' title='bbox 618 1110 629 1130; x_wconf 78' lang='lat'>‚</span> <span class='ocrx_word' id='word_1_101' title='bbox 654 1083 697 1118; x_wconf 90' lang='lat' dir='ltr'>et</span> <span class='ocrx_word' id='word_1_102' title='bbox 720 1090 841 1118; x_wconf 83' lang='lat' dir='ltr'>suam</span> <span class='ocrx_word' id='word_1_103' title='bbox 864 1073 1060 1118; x_wconf 86' lang='lat' dir='ltr'>volentes</span> <span class='ocrx_word' id='word_1_104' title='bbox 1082 1072 1346 1116; x_wconf 85' lang='lat' dir='ltr'>constituere</span> <span class='ocrx_word' id='word_1_105' title='bbox 1366 1107 1376 1126; x_wconf 83' lang='lat'>‚</span> <span class='ocrx_word' id='word_1_106' title='bbox 1396 1073 1493 1131; x_wconf 86' lang='lat' dir='ltr'>jus-</span> 
     </span>
     <span class='ocr_line' id='line_1_14' title="bbox 106 1141 1492 1205; baseline -0.001 -20"><span class='ocrx_word' id='word_1_107' title='bbox 106 1162 126 1186; x_wconf 87' lang='lat'>»</span> <span class='ocrx_word' id='word_1_108' title='bbox 161 1144 269 1188; x_wconf 72' lang='lat' dir='ltr'>iitiae</span> <span class='ocrx_word' id='word_1_109' title='bbox 288 1145 365 1189; x_wconf 82' lang='lat' dir='ltr'>Dei</span> <span class='ocrx_word' id='word_1_110' title='bbox 386 1161 476 1188; x_wconf 89' lang='lat' dir='ltr'>non</span> <span class='ocrx_word' id='word_1_111' title='bbox 494 1153 595 1188; x_wconf 91' lang='lat' dir='ltr'>sunt</span> <span class='ocrx_word' id='word_1_112' title='bbox 611 1144 838 1205; x_wconf 87' lang='lat' dir='ltr'>subjecti¹.</span> <span class='ocrx_word' id='word_1_113' title='bbox 863 1162 882 1185; x_wconf 75' lang='lat' dir='ltr'>n</span> <span class='ocrx_word' id='word_1_114' title='bbox 909 1146 1070 1188; x_wconf 77' lang='lat' dir='ltr'>Contra</span> <span class='ocrx_word' id='word_1_115' title='bbox 1092 1157 1225 1203; x_wconf 90' lang='lat' dir='ltr'>quam</span> <span class='ocrx_word' id='word_1_116' title='bbox 1247 1141 1354 1185; x_wconf 89' lang='lat' dir='ltr'>dicit</span> <span class='ocrx_word' id='word_1_117' title='bbox 1376 1141 1492 1184; x_wconf 85' lang='lat' dir='ltr'>idern</span> 
     </span>
     <span class='ocr_line' id='line_1_15' title="bbox 102 1211 1490 1273; baseline -0.004 -15"><span class='ocrx_word' id='word_1_118' title='bbox 102 1214 340 1272; x_wconf 88' lang='lat' dir='ltr'>Apostolus</span> <span class='ocrx_word' id='word_1_119' title='bbox 360 1233 368 1258; x_wconf 91' lang='lat'>:</span> <span class='ocrx_word' id='word_1_120' title='bbox 394 1234 414 1256; x_wconf 73' lang='grc' dir='ltr'>ι(</span> <span class='ocrx_word' id='word_1_121' title='bbox 428 1217 525 1259; x_wconf 84' lang='lat' dir='ltr'>Non</span> <span class='ocrx_word' id='word_1_122' title='bbox 544 1230 595 1257; x_wconf 72' lang='lat' dir='ltr'>ex</span> <span class='ocrx_word' id='word_1_123' title='bbox 618 1214 845 1273; x_wconf 81' lang='lat' dir='ltr'>operibus,</span> <span class='ocrx_word' id='word_1_124' title='bbox 871 1229 926 1257; x_wconf 90' lang='lat' dir='ltr'>ne</span> <span class='ocrx_word' id='word_1_125' title='bbox 943 1212 1055 1256; x_wconf 85' lang='lat' dir='ltr'>forte</span> <span class='ocrx_word' id='word_1_126' title='bbox 1073 1213 1169 1272; x_wconf 85' lang='lat' dir='ltr'>quis</span> <span class='ocrx_word' id='word_1_127' title='bbox 1185 1211 1490 1256; x_wconf 71' lang='lat' dir='ltr'>extollatur2.»</span> 
     </span>
     <span class='ocr_line' id='line_1_16' title="bbox 103 1281 1494 1342; baseline -0.003 -15"><span class='ocrx_word' id='word_1_128' title='bbox 103 1282 336 1336; x_wconf 82' lang='lat' dir='ltr'>Quomodo</span> <span class='ocrx_word' id='word_1_129' title='bbox 354 1298 456 1341; x_wconf 85' lang='lat' dir='ltr'>ergo</span> <span class='ocrx_word' id='word_1_130' title='bbox 474 1286 490 1324; x_wconf 77' lang='lat'>‘3</span> <span class='ocrx_word' id='word_1_131' title='bbox 506 1283 734 1342; x_wconf 82' lang='lat' dir='ltr'>Numquid</span> <span class='ocrx_word' id='word_1_132' title='bbox 754 1299 844 1325; x_wconf 91' lang='lat' dir='ltr'>non</span> <span class='ocrx_word' id='word_1_133' title='bbox 868 1282 1147 1339; x_wconf 81' lang='lat' dir='ltr'>operabimur</span> <span class='ocrx_word' id='word_1_134' title='bbox 1160 1282 1357 1323; x_wconf 80' lang='lat' dir='ltr'>bonum?</span> <span class='ocrx_word' id='word_1_135' title='bbox 1375 1281 1494 1340; x_wconf 89' lang='lat' dir='ltr'>Ope-</span> 
     </span>
     <span class='ocr_line' id='line_1_17' title="bbox 103 1350 1493 1411; baseline -0.001 -15"><span class='ocrx_word' id='word_1_136' title='bbox 103 1352 325 1409; x_wconf 80' lang='lat' dir='ltr'>rabimur3</span> <span class='ocrx_word' id='word_1_137' title='bbox 350 1351 424 1395; x_wconf 86' lang='lat' dir='ltr'>sed</span> <span class='ocrx_word' id='word_1_138' title='bbox 446 1353 539 1411; x_wconf 87' lang='lat' dir='ltr'>ipso</span> <span class='ocrx_word' id='word_1_139' title='bbox 556 1352 600 1394; x_wconf 88' lang='lat' dir='ltr'>in</span> <span class='ocrx_word' id='word_1_140' title='bbox 622 1351 747 1394; x_wconf 86' lang='lat' dir='ltr'>nobis</span> <span class='ocrx_word' id='word_1_141' title='bbox 761 1360 990 1410; x_wconf 85' lang='lat' dir='ltr'>operante:</span> <span class='ocrx_word' id='word_1_142' title='bbox 1017 1369 1035 1391; x_wconf 72' lang='grc' dir='ltr'>(ι</span> <span class='ocrx_word' id='word_1_143' title='bbox 1062 1350 1201 1409; x_wconf 87' lang='lat' dir='ltr'>Ipsius</span> <span class='ocrx_word' id='word_1_144' title='bbox 1215 1351 1331 1393; x_wconf 89' lang='lat' dir='ltr'>enim</span> <span class='ocrx_word' id='word_1_145' title='bbox 1344 1365 1493 1394; x_wconf 87' lang='lat' dir='ltr'>sumus</span> 
     </span>
     <span class='ocr_line' id='line_1_18' title="bbox 107 1420 1489 1482; baseline -0.002 -17"><span class='ocrx_word' id='word_1_146' title='bbox 107 1441 127 1464; x_wconf 94' lang='lat'>»</span> <span class='ocrx_word' id='word_1_147' title='bbox 162 1423 445 1482; x_wconf 89' lang='lat' dir='ltr'>figmentum,</span> <span class='ocrx_word' id='word_1_148' title='bbox 471 1422 602 1466; x_wconf 89' lang='lat' dir='ltr'>creati</span> <span class='ocrx_word' id='word_1_149' title='bbox 619 1421 665 1465; x_wconf 90' lang='lat' dir='ltr'>in</span> <span class='ocrx_word' id='word_1_150' title='bbox 687 1421 859 1467; x_wconf 89' lang='lat' dir='ltr'>Christo</span> <span class='ocrx_word' id='word_1_151' title='bbox 876 1424 980 1465; x_wconf 86' lang='lat' dir='ltr'>Jesu</span> <span class='ocrx_word' id='word_1_152' title='bbox 1000 1422 1045 1464; x_wconf 89' lang='lat' dir='ltr'>in</span> <span class='ocrx_word' id='word_1_153' title='bbox 1067 1421 1268 1480; x_wconf 79' lang='lat' dir='ltr'>operibus</span> <span class='ocrx_word' id='word_1_154' title='bbox 1286 1420 1412 1465; x_wconf 83' lang='lat' dir='ltr'>bonis</span> <span class='ocrx_word' id='word_1_155' title='bbox 1427 1422 1489 1464; x_wconf 80' lang='lat'>3.»</span> 
     </span>
     <span class='ocr_line' id='line_1_19' title="bbox 104 1489 1491 1550; baseline -0.003 -13"><span class='ocrx_word' id='word_1_156' title='bbox 104 1492 337 1546; x_wconf 83' lang='lat' dir='ltr'>Quomodo</span> <span class='ocrx_word' id='word_1_157' title='bbox 360 1493 443 1536; x_wconf 85' lang='lat' dir='ltr'>hoc</span> <span class='ocrx_word' id='word_1_158' title='bbox 464 1507 565 1550; x_wconf 88' lang='lat' dir='ltr'>ergo</span> <span class='ocrx_word' id='word_1_159' title='bbox 584 1492 830 1535; x_wconf 87' lang='lat' dir='ltr'>invenimus</span> <span class='ocrx_word' id='word_1_160' title='bbox 844 1500 994 1535; x_wconf 87' lang='lat' dir='ltr'>contra</span> <span class='ocrx_word' id='word_1_161' title='bbox 1012 1491 1299 1548; x_wconf 83' lang='lat' dir='ltr'>negotiatores</span> <span class='ocrx_word' id='word_1_162' title='bbox 1315 1526 1326 1545; x_wconf 84' lang='lat'>‚</span> <span class='ocrx_word' id='word_1_163' title='bbox 1350 1489 1396 1533; x_wconf 88' lang='lat' dir='ltr'>id</span> <span class='ocrx_word' id='word_1_164' title='bbox 1412 1499 1491 1545; x_wconf 78' lang='lat' dir='ltr'>est⁷</span> 
     </span>
     <span class='ocr_line' id='line_1_20' title="bbox 104 1559 1497 1620; baseline -0.002 -14"><span class='ocrx_word' id='word_1_165' title='bbox 104 1563 159 1606; x_wconf 92' lang='lat' dir='ltr'>de</span> <span class='ocrx_word' id='word_1_166' title='bbox 181 1571 281 1606; x_wconf 87' lang='lat' dir='ltr'>actu</span> <span class='ocrx_word' id='word_1_167' title='bbox 301 1562 556 1620; x_wconf 82' lang='lat' dir='ltr'>gloriantes,</span> <span class='ocrx_word' id='word_1_168' title='bbox 583 1561 638 1605; x_wconf 89' lang='lat' dir='ltr'>de</span> <span class='ocrx_word' id='word_1_169' title='bbox 655 1561 830 1619; x_wconf 88' lang='lat' dir='ltr'>negotio</span> <span class='ocrx_word' id='word_1_170' title='bbox 852 1559 970 1620; x_wconf 92' lang='lat' dir='ltr'>quod</span> <span class='ocrx_word' id='word_1_171' title='bbox 989 1570 1117 1617; x_wconf 86' lang='lat' dir='ltr'>neget</span> <span class='ocrx_word' id='word_1_172' title='bbox 1133 1560 1270 1603; x_wconf 88' lang='lat' dir='ltr'>otium</span> <span class='ocrx_word' id='word_1_173' title='bbox 1296 1576 1339 1603; x_wconf 91' lang='lat' dir='ltr'>se</span> <span class='ocrx_word' id='word_1_174' title='bbox 1363 1560 1497 1604; x_wconf 73' lang='lat' dir='ltr'>extol-</span> 
     </span>
     <span class='ocr_line' id='line_1_21' title="bbox 103 1631 1496 1693; baseline -0.002 -16"><span class='ocrx_word' id='word_1_175' title='bbox 103 1633 242 1678; x_wconf 87' lang='lat' dir='ltr'>lentes</span> <span class='ocrx_word' id='word_1_176' title='bbox 255 1669 266 1689; x_wconf 83' lang='lat'>,</span> <span class='ocrx_word' id='word_1_177' title='bbox 281 1633 500 1693; x_wconf 86' lang='lat' dir='ltr'>inquietos</span> <span class='ocrx_word' id='word_1_178' title='bbox 522 1633 666 1692; x_wconf 88' lang='lat' dir='ltr'>potius</span> <span class='ocrx_word' id='word_1_179' title='bbox 683 1648 816 1692; x_wconf 88' lang='lat' dir='ltr'>quam</span> <span class='ocrx_word' id='word_1_180' title='bbox 835 1632 973 1676; x_wconf 87' lang='lat' dir='ltr'>bonos</span> <span class='ocrx_word' id='word_1_181' title='bbox 990 1640 1259 1691; x_wconf 78' lang='lat' dir='ltr'>operatores3</span> <span class='ocrx_word' id='word_1_182' title='bbox 1275 1631 1377 1690; x_wconf 89' lang='lat' dir='ltr'>quia</span> <span class='ocrx_word' id='word_1_183' title='bbox 1390 1631 1496 1675; x_wconf 91' lang='lat' dir='ltr'>boni</span> 
     </span>
     <span class='ocr_line' id='line_1_22' title="bbox 105 1702 1495 1764; baseline -0.003 -15"><span class='ocrx_word' id='word_1_184' title='bbox 105 1714 354 1764; x_wconf 88' lang='lat' dir='ltr'>operatores</span> <span class='ocrx_word' id='word_1_185' title='bbox 371 1704 436 1747; x_wconf 86' lang='lat' dir='ltr'>illi</span> <span class='ocrx_word' id='word_1_186' title='bbox 454 1713 555 1747; x_wconf 91' lang='lat' dir='ltr'>sunt</span> <span class='ocrx_word' id='word_1_187' title='bbox 573 1740 583 1758; x_wconf 87' lang='lat'>,</span> <span class='ocrx_word' id='word_1_188' title='bbox 610 1705 654 1748; x_wconf 91' lang='lat' dir='ltr'>in</span> <span class='ocrx_word' id='word_1_189' title='bbox 672 1703 833 1764; x_wconf 88' lang='lat' dir='ltr'>quibus</span> <span class='ocrx_word' id='word_1_190' title='bbox 855 1707 969 1747; x_wconf 89' lang='lat' dir='ltr'>Deus</span> <span class='ocrx_word' id='word_1_191' title='bbox 992 1711 1197 1761; x_wconf 85' lang='lat' dir='ltr'>operatur</span> <span class='ocrx_word' id='word_1_192' title='bbox 1218 1721 1227 1746; x_wconf 90' lang='lat'><strong>:</strong></span> <span class='ocrx_word' id='word_1_193' title='bbox 1253 1702 1312 1745; x_wconf 90' lang='lat' dir='ltr'>sic</span> <span class='ocrx_word' id='word_1_194' title='bbox 1330 1711 1372 1745; x_wconf 91' lang='lat' dir='ltr'>et</span> <span class='ocrx_word' id='word_1_195' title='bbox 1394 1718 1495 1746; x_wconf 92' lang='lat' dir='ltr'>nes-</span> 
     </span>
     <span class='ocr_line' id='line_1_23' title="bbox 105 1772 1494 1834; baseline -0.001 -16"><span class='ocrx_word' id='word_1_196' title='bbox 105 1775 171 1819; x_wconf 91' lang='lat' dir='ltr'>cio</span> <span class='ocrx_word' id='word_1_197' title='bbox 193 1790 325 1834; x_wconf 90' lang='lat' dir='ltr'>quam</span> <span class='ocrx_word' id='word_1_198' title='bbox 344 1772 633 1818; x_wconf 86' lang='lat' dir='ltr'>litteraturam</span> <span class='ocrx_word' id='word_1_199' title='bbox 657 1773 902 1818; x_wconf 89' lang='lat' dir='ltr'>invenimus</span> <span class='ocrx_word' id='word_1_200' title='bbox 921 1772 1038 1832; x_wconf 87' lang='lat' dir='ltr'>apud</span> <span class='ocrx_word' id='word_1_201' title='bbox 1060 1772 1251 1816; x_wconf 85' lang='lat' dir='ltr'>Judaeos.</span> <span class='ocrx_word' id='word_1_202' title='bbox 1285 1773 1494 1816; x_wconf 89' lang='lat' dir='ltr'>Dominus</span> 
     </span>
     <span class='ocr_line' id='line_1_24' title="bbox 106 1841 1495 1902; baseline 0 -15"><span class='ocrx_word' id='word_1_203' title='bbox 106 1844 215 1888; x_wconf 88' lang='lat' dir='ltr'>adsit</span> <span class='ocrx_word' id='word_1_204' title='bbox 251 1853 302 1887; x_wconf 93' lang='lat' dir='ltr'>ut</span> <span class='ocrx_word' id='word_1_205' title='bbox 329 1843 537 1902; x_wconf 78' lang='lat' dir='ltr'>explicem</span> <span class='ocrx_word' id='word_1_206' title='bbox 565 1843 707 1886; x_wconf 77' lang='lat' dir='ltr'>verbis</span> <span class='ocrx_word' id='word_1_207' title='bbox 728 1878 739 1897; x_wconf 86' lang='lat'><strong>‚</strong></span> <span class='ocrx_word' id='word_1_208' title='bbox 773 1842 895 1902; x_wconf 89' lang='lat' dir='ltr'>quod</span> <span class='ocrx_word' id='word_1_209' title='bbox 924 1842 1126 1900; x_wconf 85' lang='lat' dir='ltr'>dignatus</span> <span class='ocrx_word' id='word_1_210' title='bbox 1163 1851 1227 1885; x_wconf 88' lang='lat' dir='ltr'>est</span> <span class='ocrx_word' id='word_1_211' title='bbox 1256 1841 1419 1885; x_wconf 84' lang='lat' dir='ltr'>donare</span> <span class='ocrx_word' id='word_1_212' title='bbox 1444 1852 1495 1887; x_wconf 92' lang='lat' dir='ltr'>ut</span> 
     </span>
     <span class='ocr_line' id='line_1_25' title="bbox 105 1910 1491 1972; baseline -0.001 -14"><span class='ocrx_word' id='word_1_213' title='bbox 105 1913 236 1958; x_wconf 87' lang='lat' dir='ltr'>corde</span> <span class='ocrx_word' id='word_1_214' title='bbox 265 1913 573 1972; x_wconf 86' lang='lat' dir='ltr'>conspicerem.</span> <span class='ocrx_word' id='word_1_215' title='bbox 616 1912 825 1971; x_wconf 86' lang='lat' dir='ltr'>Superbia</span> <span class='ocrx_word' id='word_1_216' title='bbox 859 1910 1112 1955; x_wconf 85' lang='lat' dir='ltr'>Judaeorum</span> <span class='ocrx_word' id='word_1_217' title='bbox 1136 1913 1491 1970; x_wconf 81' lang='lat' dir='ltr'>praesumentium</span> 
     </span>
     <span class='ocr_line' id='line_1_26' title="bbox 105 1981 1490 2043; baseline -0.001 -16"><span class='ocrx_word' id='word_1_218' title='bbox 105 1993 315 2043; x_wconf 86' lang='lat' dir='ltr'>tanquam</span> <span class='ocrx_word' id='word_1_219' title='bbox 353 1984 407 2026; x_wconf 81' lang='lat' dir='ltr'>de</span> <span class='ocrx_word' id='word_1_220' title='bbox 443 1983 608 2026; x_wconf 86' lang='lat' dir='ltr'>viribus</span> <span class='ocrx_word' id='word_1_221' title='bbox 641 1982 726 2026; x_wconf 88' lang='lat' dir='ltr'>suis</span> <span class='ocrx_word' id='word_1_222' title='bbox 756 1991 799 2025; x_wconf 90' lang='lat' dir='ltr'>et</span> <span class='ocrx_word' id='word_1_223' title='bbox 821 1981 875 2024; x_wconf 87' lang='lat' dir='ltr'>de</span> <span class='ocrx_word' id='word_1_224' title='bbox 892 1982 1059 2041; x_wconf 82' lang='lat' dir='ltr'>justitia</span> <span class='ocrx_word' id='word_1_225' title='bbox 1082 1996 1263 2040; x_wconf 87' lang='lat' dir='ltr'>operum</span> <span class='ocrx_word' id='word_1_226' title='bbox 1286 1997 1463 2026; x_wconf 88' lang='lat' dir='ltr'>suorum</span> <span class='ocrx_word' id='word_1_227' title='bbox 1479 2018 1490 2037; x_wconf 90' lang='lat'>‚</span> 
     </span>
     <span class='ocr_line' id='line_1_27' title="bbox 107 2051 1493 2112; baseline -0.001 -15"><span class='ocrx_word' id='word_1_228' title='bbox 107 2053 373 2111; x_wconf 82' lang='lat' dir='ltr'>gloriabatur</span> <span class='ocrx_word' id='word_1_229' title='bbox 399 2052 453 2095; x_wconf 90' lang='lat' dir='ltr'>de</span> <span class='ocrx_word' id='word_1_230' title='bbox 486 2055 621 2110; x_wconf 82' lang='lat' dir='ltr'>Lege,</span> <span class='ocrx_word' id='word_1_231' title='bbox 653 2051 773 2112; x_wconf 91' lang='lat' dir='ltr'>quod</span> <span class='ocrx_word' id='word_1_232' title='bbox 800 2052 882 2111; x_wconf 89' lang='lat' dir='ltr'>ipsi</span> <span class='ocrx_word' id='word_1_233' title='bbox 908 2055 1067 2109; x_wconf 84' lang='lat' dir='ltr'>Legem</span> <span class='ocrx_word' id='word_1_234' title='bbox 1091 2053 1362 2110; x_wconf 86' lang='lat' dir='ltr'>acceperint,</span> <span class='ocrx_word' id='word_1_235' title='bbox 1399 2052 1493 2097; x_wconf 84' lang='lat' dir='ltr'>aliae</span> 
     </span>
     <span class='ocr_line' id='line_1_28' title="bbox 108 2122 1494 2183; baseline 0.001 -16"><span class='ocrx_word' id='word_1_236' title='bbox 108 2132 255 2183; x_wconf 84' lang='lat' dir='ltr'>gentes</span> <span class='ocrx_word' id='word_1_237' title='bbox 277 2139 367 2167; x_wconf 91' lang='lat' dir='ltr'>non</span> <span class='ocrx_word' id='word_1_238' title='bbox 398 2123 644 2182; x_wconf 87' lang='lat' dir='ltr'>acceperint</span> <span class='ocrx_word' id='word_1_239' title='bbox 664 2143 675 2180; x_wconf 75' lang='lat'>3</span> <span class='ocrx_word' id='word_1_240' title='bbox 700 2123 744 2166; x_wconf 89' lang='lat' dir='ltr'>in</span> <span class='ocrx_word' id='word_1_241' title='bbox 767 2138 854 2182; x_wconf 90' lang='lat' dir='ltr'>qua</span> <span class='ocrx_word' id='word_1_242' title='bbox 880 2125 1017 2180; x_wconf 82' lang='lat' dir='ltr'>Lege,</span> <span class='ocrx_word' id='word_1_243' title='bbox 1050 2138 1139 2166; x_wconf 91' lang='lat' dir='ltr'>non</span> <span class='ocrx_word' id='word_1_244' title='bbox 1162 2122 1216 2166; x_wconf 87' lang='lat' dir='ltr'>dc</span> <span class='ocrx_word' id='word_1_245' title='bbox 1239 2123 1373 2182; x_wconf 85' lang='lat' dir='ltr'>gratia</span> <span class='ocrx_word' id='word_1_246' title='bbox 1398 2124 1494 2182; x_wconf 85' lang='lat' dir='ltr'>glo-</span> 
     </span>
     <span class='ocr_line' id='line_1_29' title="bbox 103 2192 1489 2251; baseline 0.001 -14"><span class='ocrx_word' id='word_1_247' title='bbox 103 2194 344 2248; x_wconf 85' lang='lat' dir='ltr'>riabantur,</span> <span class='ocrx_word' id='word_1_248' title='bbox 368 2192 446 2236; x_wconf 92' lang='lat' dir='ltr'>sed</span> <span class='ocrx_word' id='word_1_249' title='bbox 479 2192 533 2237; x_wconf 92' lang='lat' dir='ltr'>de</span> <span class='ocrx_word' id='word_1_250' title='bbox 567 2192 725 2236; x_wconf 86' lang='lat' dir='ltr'>littera.</span> <span class='ocrx_word' id='word_1_251' title='bbox 758 2195 846 2236; x_wconf 77' lang='lat' dir='ltr'>Lex</span> <span class='ocrx_word' id='word_1_252' title='bbox 880 2193 998 2236; x_wconf 87' lang='lat' dir='ltr'>enim</span> <span class='ocrx_word' id='word_1_253' title='bbox 1026 2193 1119 2236; x_wconf 87' lang='lat' dir='ltr'>sine</span> <span class='ocrx_word' id='word_1_254' title='bbox 1147 2194 1307 2251; x_wconf 77' lang='lat' dir='ltr'>gratia,</span> <span class='ocrx_word' id='word_1_255' title='bbox 1345 2193 1489 2239; x_wconf 87' lang='lat' dir='ltr'>littera</span> 
     </span>
     <span class='ocr_line' id='line_1_30' title="bbox 108 2263 1494 2323; baseline 0.001 -15"><span class='ocrx_word' id='word_1_256' title='bbox 108 2263 197 2308; x_wconf 82' lang='lat' dir='ltr'>sola</span> <span class='ocrx_word' id='word_1_257' title='bbox 225 2273 289 2307; x_wconf 87' lang='lat' dir='ltr'>est</span> <span class='ocrx_word' id='word_1_258' title='bbox 315 2283 323 2308; x_wconf 91' lang='lat'>:</span> <span class='ocrx_word' id='word_1_259' title='bbox 357 2273 504 2307; x_wconf 83' lang='lat' dir='ltr'>manet</span> <span class='ocrx_word' id='word_1_260' title='bbox 533 2263 588 2306; x_wconf 87' lang='lat' dir='ltr'>ad</span> <span class='ocrx_word' id='word_1_261' title='bbox 625 2263 966 2307; x_wconf 87' lang='lat' dir='ltr'>convincendam</span> <span class='ocrx_word' id='word_1_262' title='bbox 1001 2263 1274 2323; x_wconf 82' lang='lat' dir='ltr'>iniquitatem</span> <span class='ocrx_word' id='word_1_263' title='bbox 1292 2299 1303 2319; x_wconf 82' lang='lat'>‚</span> <span class='ocrx_word' id='word_1_264' title='bbox 1328 2281 1417 2310; x_wconf 93' lang='lat' dir='ltr'>non</span> <span class='ocrx_word' id='word_1_265' title='bbox 1439 2266 1494 2309; x_wconf 90' lang='lat' dir='ltr'>ad</span> 
     </span>
     <span class='ocr_line' id='line_1_31' title="bbox 108 2332 1494 2391; baseline 0.001 -14"><span class='ocrx_word' id='word_1_266' title='bbox 108 2332 297 2378; x_wconf 80' lang='lat' dir='ltr'>dandam</span> <span class='ocrx_word' id='word_1_267' title='bbox 318 2332 516 2376; x_wconf 84' lang='lat' dir='ltr'>salutem.</span> <span class='ocrx_word' id='word_1_268' title='bbox 543 2333 659 2385; x_wconf 88' lang='lat' dir='ltr'>Quid</span> <span class='ocrx_word' id='word_1_269' title='bbox 677 2333 791 2376; x_wconf 84' lang='lat' dir='ltr'>enim</span> <span class='ocrx_word' id='word_1_270' title='bbox 808 2332 866 2375; x_wconf 89' lang='lat' dir='ltr'>ait</span> <span class='ocrx_word' id='word_1_271' title='bbox 887 2333 1147 2391; x_wconf 78' lang='lat' dir='ltr'>Apostolus?</span> <span class='ocrx_word' id='word_1_272' title='bbox 1166 2355 1185 2374; x_wconf 75' lang='grc' dir='ltr'>«ι</span> <span class='ocrx_word' id='word_1_273' title='bbox 1204 2334 1246 2379; x_wconf 91' lang='lat' dir='ltr'>Si</span> <span class='ocrx_word' id='word_1_274' title='bbox 1262 2335 1375 2379; x_wconf 86' lang='lat' dir='ltr'>enim</span> <span class='ocrx_word' id='word_1_275' title='bbox 1396 2334 1494 2379; x_wconf 85' lang='lat' dir='ltr'>data</span> 
     </span>
     <span class='ocr_line' id='line_1_32' title="bbox 114 2402 1495 2465; baseline 0.004 -21"><span class='ocrx_word' id='word_1_276' title='bbox 114 2424 132 2445; x_wconf 83' lang='lat'>»</span> <span class='ocrx_word' id='word_1_277' title='bbox 167 2412 277 2447; x_wconf 86' lang='lat' dir='ltr'>esset</span> <span class='ocrx_word' id='word_1_278' title='bbox 295 2402 364 2446; x_wconf 78' lang='lat' dir='ltr'>lex</span> <span class='ocrx_word' id='word_1_279' title='bbox 378 2419 476 2462; x_wconf 83' lang='lat' dir='ltr'>quae</span> <span class='ocrx_word' id='word_1_280' title='bbox 491 2413 635 2462; x_wconf 85' lang='lat' dir='ltr'>posset</span> <span class='ocrx_word' id='word_1_281' title='bbox 646 2403 864 2447; x_wconf 74' lang='lat' dir='ltr'>vivificare</span> <span class='ocrx_word' id='word_1_282' title='bbox 881 2438 891 2457; x_wconf 84' lang='lat'>‚</span> <span class='ocrx_word' id='word_1_283' title='bbox 917 2405 1093 2447; x_wconf 88' lang='lat' dir='ltr'>omnino</span> <span class='ocrx_word' id='word_1_284' title='bbox 1108 2419 1159 2447; x_wconf 78' lang='lat' dir='ltr'>ex</span> <span class='ocrx_word' id='word_1_285' title='bbox 1178 2404 1273 2463; x_wconf 86' lang='lat' dir='ltr'>lege</span> <span class='ocrx_word' id='word_1_286' title='bbox 1291 2415 1399 2449; x_wconf 84' lang='lat' dir='ltr'>esset</span> <span class='ocrx_word' id='word_1_287' title='bbox 1407 2407 1495 2465; x_wconf 88' lang='lat' dir='ltr'>jus-</span> 
     </span>
     <span class='ocr_line' id='line_1_33' title="bbox 111 2471 1492 2532; baseline 0.004 -20"><span class='ocrx_word' id='word_1_288' title='bbox 111 2490 132 2512; x_wconf 86' lang='lat'>»</span> <span class='ocrx_word' id='word_1_289' title='bbox 166 2473 260 2516; x_wconf 88' lang='lat' dir='ltr'>titia</span> <span class='ocrx_word' id='word_1_290' title='bbox 287 2471 392 2516; x_wconf 85' lang='lat' dir='ltr'>:sed</span> <span class='ocrx_word' id='word_1_291' title='bbox 418 2472 630 2516; x_wconf 82' lang='lat' dir='ltr'>conclusit</span> <span class='ocrx_word' id='word_1_292' title='bbox 666 2473 885 2531; x_wconf 84' lang='lat' dir='ltr'>Scriptura</span> <span class='ocrx_word' id='word_1_293' title='bbox 908 2473 1052 2516; x_wconf 87' lang='lat' dir='ltr'>omnia</span> <span class='ocrx_word' id='word_1_294' title='bbox 1085 2473 1167 2517; x_wconf 87' lang='lat' dir='ltr'>sub</span> <span class='ocrx_word' id='word_1_295' title='bbox 1201 2484 1404 2532; x_wconf 87' lang='lat' dir='ltr'>peccato,</span> <span class='ocrx_word' id='word_1_296' title='bbox 1441 2484 1492 2518; x_wconf 91' lang='lat' dir='ltr'>ut</span> 
     </span>
     <span class='ocr_line' id='line_1_34' title="bbox 114 2542 1488 2602; baseline 0.001 -18"><span class='ocrx_word' id='word_1_297' title='bbox 114 2562 133 2582; x_wconf 87' lang='lat'>»</span> <span class='ocrx_word' id='word_1_298' title='bbox 168 2543 391 2602; x_wconf 84' lang='lat' dir='ltr'>promissio</span> <span class='ocrx_word' id='word_1_299' title='bbox 413 2558 466 2586; x_wconf 76' lang='lat' dir='ltr'>ex</span> <span class='ocrx_word' id='word_1_300' title='bbox 497 2542 582 2586; x_wconf 85' lang='lat' dir='ltr'>fide</span> <span class='ocrx_word' id='word_1_301' title='bbox 605 2546 708 2586; x_wconf 72' lang='lat' dir='ltr'>Jesu</span> <span class='ocrx_word' id='word_1_302' title='bbox 735 2543 895 2587; x_wconf 85' lang='lat' dir='ltr'>Christi</span> <span class='ocrx_word' id='word_1_303' title='bbox 923 2542 1100 2587; x_wconf 86' lang='lat' dir='ltr'>daretur</span> <span class='ocrx_word' id='word_1_304' title='bbox 1119 2544 1396 2588; x_wconf 83' lang='lat' dir='ltr'>credentibus</span> <span class='ocrx_word' id='word_1_305' title='bbox 1409 2547 1440 2589; x_wconf 66' lang='lat'>4.</span> <span class='ocrx_word' id='word_1_306' title='bbox 1469 2564 1488 2586; x_wconf 85' lang='lat'>»</span> 
     </span>
    </p>
   </div>
   <div class='ocr_carea' id='block_1_4' title="bbox 161 2625 1334 2669">
    <p class='ocr_par' dir='ltr' id='par_1_4' title="bbox 161 2625 1334 2669">
     <span class='ocr_line' id='line_1_35' title="bbox 161 2625 1334 2669; baseline 0.002 -11"><span class='ocrx_word' id='word_1_307' title='bbox 161 2633 168 2648; x_wconf 90' lang='lat'>¹</span> <span class='ocrx_word' id='word_1_308' title='bbox 192 2629 281 2658; x_wconf 81' lang='lat' dir='ltr'>Rom.</span> <span class='ocrx_word' id='word_1_309' title='bbox 300 2637 332 2667; x_wconf 77' lang='lat' dir='ltr'>x,</span> <span class='ocrx_word' id='word_1_310' title='bbox 354 2627 383 2658; x_wconf 77' lang='grc'>3.</span> <span class='ocrx_word' id='word_1_311' title='bbox 404 2644 445 2649; x_wconf 82' lang='lat'>——</span> <span class='ocrx_word' id='word_1_312' title='bbox 466 2634 478 2649; x_wconf 83' lang='lat'><strong>²</strong></span> <span class='ocrx_word' id='word_1_313' title='bbox 500 2626 612 2669; x_wconf 75' lang='lat' dir='ltr'>Ephes.</span> <span class='ocrx_word' id='word_1_314' title='bbox 640 2639 676 2668; x_wconf 82' lang='lat'>11,</span> <span class='ocrx_word' id='word_1_315' title='bbox 695 2638 727 2669; x_wconf 79' lang='lat'>9.</span> <span class='ocrx_word' id='word_1_316' title='bbox 749 2644 789 2649; x_wconf 97' lang='lat'><strong>—</strong></span> <span class='ocrx_word' id='word_1_317' title='bbox 811 2625 823 2649; x_wconf 82' lang='lat'>3</span> <span class='ocrx_word' id='word_1_318' title='bbox 840 2628 918 2659; x_wconf 76' lang='lat' dir='ltr'>lbi-1.</span> <span class='ocrx_word' id='word_1_319' title='bbox 947 2640 996 2661; x_wconf 88' lang='lat'>10.</span> <span class='ocrx_word' id='word_1_320' title='bbox 1020 2645 1059 2649; x_wconf 80' lang='lat'>--</span> <span class='ocrx_word' id='word_1_321' title='bbox 1084 2627 1098 2650; x_wconf 75' lang='lat' dir='ltr'>l,</span> <span class='ocrx_word' id='word_1_322' title='bbox 1125 2628 1190 2660; x_wconf 83' lang='lat' dir='ltr'>Cal.</span> <span class='ocrx_word' id='word_1_323' title='bbox 1216 2640 1262 2669; x_wconf 69' lang='grc' dir='ltr'>ιιι,</span> <span class='ocrx_word' id='word_1_324' title='bbox 1282 2637 1334 2660; x_wconf 77' lang='lat'><em>¹21.</em></span> 
     </span>
    </p>
   </div>
  </div>
 </body>
</html>
