1889 3285
8 3006 13 3285 Ι

224 243 463 272 ENARRATIO
495 246 526 271 11
559 245 604 272 m
637 244 838 271 PSALMUM
871 245 1030 272 vam.
1066 243 1203 270 senno
1236 245 1283 269 11.
1358 231 1442 268 337

69 323 340 354 noveramus.
362 308 431 353 Ad
452 309 534 353 hoc
562 324 664 367 ergo
685 308 819 353 venit.
850 327 866 348 «
889 308 1185 368 Opprobrium
1207 306 1447 366 expectavit

73 398 92 419 »
126 394 201 423 cor
221 395 366 424 meum
395 388 438 423 et
458 379 689 423 miseriam.
719 399 736 420 »
766 378 849 423 Sed
872 379 1086 422 miseriam
1108 379 1260 437 cujus?
1277 380 1447 436 Expec-

67 449 174 494 tavit
211 450 327 494 enim
353 450 567 494 miseriam
585 484 596 505 ,
630 448 707 493 sed
738 450 874 508 magis
907 448 1252 507 crucifigentium
1273 482 1284 502 ,
1315 447 1448 504 magis

67 521 444 581 persequentium3
478 529 529 565 ut
550 520 596 564 in
629 519 713 564 illis
742 528 851 564 esset
872 519 1038 564 miseria
1055 553 1066 573 ,
1099 519 1145 561 in
1173 517 1249 562 illo
1277 518 1447 561 miseri·-

65 591 228 635 cordia.
248 591 464 636 Miseriam
481 591 643 651 quippe
672 589 847 635 illorum
868 590 1073 634 miserans
1102 589 1229 632 etiam
1255 587 1448 647 pendens

65 660 112 705 in
133 676 260 706 cruce
281 668 332 706 z‘«
350 665 491 715 Pater,
517 661 676 721 inquit,
695 660 870 719 ignosce
890 659 990 715 illis,
1008 658 1110 719 quia
1131 658 1331 702 nesciunt
1343 657 1449 718 quid

70 750 88 773 »
123 729 334 776 faciunt1.
363 731 660 791 Opprobrium
688 731 929 789 expectavit
958 746 1032 774 cor
1061 745 1207 773 meum
1241 737 1284 773 et
1316 728 1447 772 misc-

69 819 89 842 »
123 801 310 845 riamzet
325 801 510 845 sustinui
531 801 607 861 qui
629 800 756 844 simul
773 801 1115 854 contristaretur,
1133 808 1176 843 et
1197 814 1285 843 non
1305 797 1403 842 fuit.
1427 818 1444 839 »

65 871 182 924 Quid
199 885 300 929 ergo
321 871 507 931 profuit,
529 871 630 931 quia
653 872 898 930 expectavi?
921 874 1015 915 Hoc
1032 880 1116 925 est,
1142 869 1248 930 quid
1265 869 1446 929 profuit,

65 942 168 1002 quia
195 942 404 1001 praedixi?
435 942 544 1002 quid
576 941 765 1002 profuit,
797 942 899 1002 quia
925 942 1012 985 dixi
1033 941 1132 986 ideo
1159 958 1228 985 me
1258 941 1450 985 venisse?

65 1015 256 1058 Ventum
275 1023 339 1057 est
357 1023 406 1057 ut
427 1013 681 1073 impleretur
705 1013 825 1074 quod
842 1012 930 1056 dixi
952 1033 960 1057 ε
981 1032 997 1052 «
1019 1013 1211 1057 Sustinui
1228 1013 1304 1072 qui
1321 1011 1450 1055 simul

71 1102 89 1124 »
124 1084 468 1139 contristaretur,
495 1093 537 1128 et
556 1100 645 1128 non
680 1083 784 1140 suit,
810 1092 854 1126 et
875 1082 1170 1137 consolantes,
1203 1091 1247 1125 et
1273 1097 1361 1125 non
1383 1081 1452 1125 in-

0 1176 5 1190 o
69 1173 87 1195 »
123 1153 246 1197 veni·2
272 1173 280 1198 ;
306 1174 322 1194 »
349 1155 432 1197 hoc
454 1163 517 1198 est
532 1189 542 1207 ,
567 1169 658 1198 non
679 1153 777 1197 fuit.
799 1153 924 1205 Quod
948 1153 1060 1196 enim
1086 1152 1306 1212 superiore
1324 1167 1452 1196 versu

3 1240 5 1242 ·
64 1222 197 1267 dixit:
229 1242 245 1263 «
267 1224 460 1268 Sustinui
482 1224 558 1283 qui
576 1222 705 1267 simul
726 1222 1080 1279 contristaretur,
1104 1242 1120 1263 »
1146 1223 1231 1266 hoc
1252 1223 1451 1282 sequenti

0 1283 17 1333 «⁸
63 1309 211 1348 verSU,
242 1311 259 1333 ‹<
287 1296 344 1337 Et
370 1292 656 1338 consolantes.
684 1313 700 1335 »
728 1293 858 1346 Quod
879 1301 1025 1337 autem
1053 1294 1272 1352 superiore
1296 1308 1448 1349 versu,

68 1383 86 1402 «
122 1366 180 1407 Et
201 1379 290 1407 non
311 1361 394 1408 fuit
419 1383 427 1408 :
462 1385 478 1405 »
504 1365 587 1408 hoc
607 1364 806 1424 sequenti
823 1379 970 1417 versu,
1000 1383 1017 1404 «
1046 1366 1103 1407 Et
1124 1379 1214 1408 non
1235 1363 1396 1408 inveni.
1427 1383 1445 1405 >›

64 1437 180 1493 Ergo
203 1450 292 1478 non
318 1434 450 1478 altera
473 1434 689 1494 sribJecta,
719 1436 795 1479 sed
817 1434 1010 1491 superior
1029 1435 1211 1494 repetita
1238 1434 1453 1478 sententia

0 1543 2 1546 ,
64 1513 141 1548 est.
174 1506 316 1557 Quam
343 1505 598 1548 sententiam
622 1505 656 1548 si
684 1513 990 1558 retractemus,
1021 1503 1203 1563 quaestio
1237 1503 1453 1548 nonnulla

14 1575 15 1579 ’
63 1574 222 1634 poterit
253 1573 430 1618 oboriri.
461 1573 688 1633 Numquid
715 1574 833 1617 euim
861 1573 1068 1633 Discipuli
1101 1575 1191 1634 ejus
1223 1590 1313 1618 non
1350 1583 1453 1618 sunt

63 1644 335 1699 contristati,
374 1643 551 1704 quando
587 1643 744 1687 ductus
777 1651 839 1687 est
876 1643 932 1687 ad
968 1644 1237 1702 passionem,
1274 1643 1452 1703 quando

0 1739 15 1754 -ι
62 1713 182 1773 ligno
204 1729 450 1773 suspensus,
476 1712 654 1773 quando
667 1715 891 1757 mortuus?
906 1716 1051 1773 Usque
1066 1713 1174 1758 adeo
1191 1714 1448 1769 contristati,

12 1813 14 1841 ς
65 1793 114 1827 ut
134 1783 208 1828 illa
228 1784 363 1829 Maria
388 1782 673 1841 Magdalena,
695 1798 794 1842 quae
813 1782 953 1841 primo
981 1798 1081 1827 eum
1099 1782 1229 1836 vidit,
1257 1785 1451 1842 gaudens

63 1854 316 1914 lugentibus
333 1854 555 1898 nuntiaret
570 1853 676 1914 quid
692 1852 888 1897 viderit3.
911 1852 1195 1911 Evangelium
1211 1854 1291 1898 ista
1313 1854 1451 1914 loqui-

65 1933 162 1983 tur3
193 1940 283 1969 non
308 1933 453 1968 nostra
485 1923 795 1984 praesumptio,
826 1939 914 1967 non
946 1932 1090 1966 nostra
1130 1923 1314 1982 suspicio
1351 1933 1445 1969 est:

65 2002 232 2038 constat
268 1992 480 2048 doluisse,
524 2001 693 2038 constat
723 1992 879 2036 luxisse
916 1992 1187 2051 Discipulos?
1220 1996 1449 2037 Extraneae

64 2063 266 2109 mulieres
298 2063 484 2118 flebant,
526 2062 704 2123 quando
735 2061 791 2106 ad
829 2062 1068 2121 passionem
1101 2061 1360 2118 ducebatur,
1392 2063 1448 2108 ad

64 2150 171 2194 quas
191 2148 421 2178 conversus
443 2135 503 2177 ait
528 2149 536 2174 :
568 2152 585 2174 «
608 2132 730 2176 Flete
745 2154 755 2189 3
771 2133 847 2177 sed
868 2148 966 2187 vos,
992 2131 1124 2176 nolite
1147 2134 1259 2176 me4.
1287 2154 1303 2174 »
1331 2136 1448 2186 Quo-

64 2203 196 2248 modo
218 2219 320 2262 ergo
337 2203 543 2247 sustinuit
559 2203 635 2263 qui
657 2201 786 2246 simul
802 2202 1145 2257 contristaretur,
1171 2212 1214 2247 et
1232 2219 1321 2247 non
1339 2202 1446 2247 fuit?

65 2273 359 2328 Attendimus,
380 2282 423 2317 et
438 2273 683 2317 invenimus
704 2272 859 2327 tristes,
883 2283 926 2317 et
946 2272 1160 2331 lugentes,
1178 2282 1221 2317 et
1237 2273 1447 2332 plangen-

65 2354 128 2389 tes
154 2361 162 2385 :
188 2345 305 2388 unde
337 2344 463 2388 nobis
494 2344 601 2387 mira
625 2343 800 2388 videtur
826 2344 905 2388 ista
929 2345 1140 2388 sententia
1165 2359 1175 2386 τ
1204 2363 1222 2385 «
1251 2344 1445 2389 Sustinui

70 2435 88 2458 »
123 2416 200 2476 qui
220 2415 347 2460 simul
368 2415 708 2471 contristaretur,
736 2424 779 2460 et
795 2431 885 2460 non
904 2415 1010 2474 fuit3
1034 2425 1076 2460 et
1092 2415 1380 2471 consolantes,
1402 2424 1446 2460 et

114 2519 123 2535 ¹
144 2514 221 2544 Luc.
240 2523 331 2554 xxm,
352 2510 404 2552 34.
425 2529 467 2535 ·-
483 2518 495 2536 ²
514 2511 594 2544 psal.
615 2523 723 2554 mmm,
738 2520 793 2544 21.
809 2529 852 2535 -—
872 2510 885 2535 3
903 2514 996 2545 Joan.
1017 2522 1071 2553 xx,
1089 2512 1140 2553 18,
1161 2516 1194 2544 et
1211 2514 1307 2543 Mare.
1326 2522 1389 2552 xri,
1408 2523 1442 2554 9.

68 2583 110 2590 -
128 2566 145 2597 4
168 2569 245 2600 Luc.
260 2578 348 2608 xxiii,
365 2567 418 2600 28.

228 2630 350 2661 cxv1‚
1208 2621 1260 2659 22
