1889 3285
398 261 636 289 ENAnnAno
670 265 713 289 [Ν
749 263 949 291 PsALMoM
982 265 1098 290 mur.
1338 254 1420 290 257

45 329 214 371 Deum¹.
230 331 421 372 Donatus
437 327 551 370 enim
566 326 647 371 illis
665 337 757 372 erat
775 330 947 388 sanguis
961 330 1134 373 Domini
1151 344 1283 388 quem
1299 328 1425 374 fude-

45 407 160 453 rant,
181 397 368 442 donatus
386 405 477 440 erat
499 397 748 455 ignoscente
762 400 963 454 Domino,
978 409 1028 443 ut
1043 400 1134 458 jam
1155 398 1276 459 quod
1297 398 1425 443 fude-

45 477 143 512 rant
154 468 283 512 etiam
297 467 446 511 bibere
459 466 688 512 discerent.
700 473 884 528 Magnus
895 470 956 514 ibi
972 468 1138 514 fructus
1153 489 1162 514 ι
1177 479 1290 514 terra
1305 468 1427 515 dedit

44 536 235 582 fructum
268 553 417 592 suum,
451 547 495 582 et
512 553 720 596 magnum
746 539 963 594 fructum⁷
999 548 1042 583 et
1064 539 1278 598 optimum
1309 538 1428 582 fruc—

48 617 156 653 tum.
185 607 410 669 Numquid
430 617 541 652 terra
557 608 630 653 illa
652 609 741 653 sola
763 611 917 654 debuit
938 611 1040 654 dare
1061 609 1252 653 fructum
1271 612 1429 653 suum?

50 677 319 741 «Benedicat
340 694 417 723 nos
438 681 552 723 Deus
568 713 579 733 ‚
599 682 713 723 Deus
735 689 895 735 noster,
919 680 1150 724 benedicat
1171 695 1249 724 nos
1266 683 1424 724 Deus.»

46 748 203 794 Adhuc
226 748 455 793 benedicat
475 768 483 792 :
505 748 753 794 benedictio
771 750 886 794 enim
908 750 953 793 in
974 748 1336 808 multiplicatione
1357 765 1429 793 so-

45 819 108 864 let
123 819 308 862 maxime
329 828 371 862 et
389 819 560 878 proprie
588 819 787 878 intelligi.
816 820 1053 864 Probemus
1074 820 1158 864 hoc
1179 820 1225 863 in
1246 820 1427 874 Genesi,

45 890 145 934 vide
166 905 297 949 opera
318 889 396 933 Dei
417 908 426 934 :
454 889 576 934 Fecit
598 892 711 934 Deus
744 889 887 934 lucem
904 925 914 945 ‚
940 899 983 934 et
1004 889 1148 934 divisit
1180 894 1293 934 Deus
1319 890 1432 934 inter

47 960 190 1005 lucem
212 969 255 1004 et
277 960 476 1004 tenebras
499 980 507 1005 :
530 960 674 1004 lucem
702 960 872 1019 vocavit
893 960 1009 1004 diem
1028 996 1038 1014 ‚
1069 971 1113 1005 et
1137 961 1334 1004 tenebras
1355 977 1433 1005 vo-

46 1032 159 1076 cavit
185 1040 374 1076 noctem.
397 1034 494 1076 Non
517 1031 684 1076 dictum
707 1041 769 1075 est
790 1051 798 1076 ;
830 1030 1055 1075 Benedixit
1074 1031 1234 1075 lucem.
1259 1031 1435 1075 Etenim

46 1101 197 1145 eadem
229 1101 305 1145 lux
341 1101 452 1144 redit
483 1110 526 1145 et
548 1101 732 1145 alternat
757 1101 911 1146 diebus
936 1117 984 1144 ac
1006 1100 1222 1145 noctibus.
1252 1101 1436 1145 vocavit

47 1170 212 1216 coelum
249 1173 573 1215 firmamentum
595 1171 709 1214 inter
740 1187 871 1231 aquas
897 1180 940 1215 et
964 1186 1096 1231 aquas
1118 1190 1127 1215 :
1160 1186 1249 1215 non
1268 1171 1437 1215 dictum

48 1250 114 1285 est
134 1261 142 1285 :
168 1240 395 1285 Benedixit
415 1240 594 1286 coelum.
615 1240 824 1285 Discrevit
840 1256 958 1285 mare
979 1241 1035 1284 ab
1057 1239 1176 1285 arida
1192 1275 1204 1296 ,
1229 1250 1271 1284 et
1290 1241 1434 1285 nomi-

49 1311 168 1355 navit
184 1320 420 1370 utrumque
442 1311 605 1354 aridam
623 1321 805 1365 terram,
827 1320 869 1354 et
890 1311 1273 1369 congregationem
1296 1327 1434 1371 aqua-

49 1396 149 1426 rum
170 1396 314 1426 mare:
338 1396 419 1425 nec
442 1381 512 1424 hic
532 1380 700 1425 dictum
721 1391 788 1425 est
812 1400 821 1425 ;
848 1380 1074 1424 Benedixit
1091 1383 1220 1424 Deus.
1246 1383 1439 1426 Ventum

49 1461 114 1496 est
138 1450 194 1495 ad
213 1467 261 1495 ea
283 1467 381 1510 quae
400 1449 696 1495 foecunditatis
725 1451 928 1494 habitura
963 1459 1086 1494 erant
1107 1466 1253 1494 semen
1270 1486 1281 1506 ‚
1318 1460 1361 1495 et
1382 1466 1435 1494 ex

49 1521 172 1581 aquis
218 1520 456 1565 existentia.
499 1524 595 1579 Ipsa
630 1521 746 1563 enim
788 1520 1019 1564 maximam
1062 1520 1436 1579 multiplicationis

50 1590 296 1634 ubertatem
314 1590 479 1633 habent
492 1609 500 1634 :
513 1599 556 1633 et
571 1589 796 1633 benedixit
813 1605 860 1633 ea
875 1590 1085 1633 Dominus
1097 1588 1266 1634 dicens:
1283 1608 1303 1632 «
1316 1592 1438 1634 Cres-

0 1676 1 1716 }
51 1678 73 1702 ))
109 1660 191 1704 cite
209 1695 220 1714 ,
245 1669 288 1704 et
308 1658 657 1717 multiplicamini
673 1694 683 1713 ,
710 1668 752 1702 et
774 1658 937 1718 replete
961 1675 1093 1718 aquas
1115 1659 1246 1703 maris
1260 1694 1270 1714 ‚
1298 1669 1339 1703 et
1363 1676 1437 1705 vo-

0 1759 1 1763 =
52 1748 74 1772 »
108 1730 243 1774 latilia
259 1729 605 1788 multiplicentur
622 1745 750 1788 snper
767 1738 941 1773 terram.
965 1747 984 1770 »
1014 1729 1082 1773 Sic
1103 1738 1147 1772 et
1168 1745 1269 1773 cum
1293 1730 1438 1775 omnia

49 1799 234 1859 subjecit
255 1799 437 1852 homini,
458 1814 588 1857 quem
610 1797 713 1841 fecit
729 1799 784 1841 ad
807 1797 1040 1856 imaginem
1063 1814 1202 1853 suam,
1227 1799 1437 1857 scriptum

51 1879 142 1915 est:
168 1888 188 1910 «
212 1873 270 1913 Et
290 1868 513 1913 benedixit
534 1884 605 1912 eos
626 1871 741 1912 Deus
770 1868 918 1912 dicens
942 1887 950 1912 :
981 1868 1168 1912 Crescite
1185 1903 1195 1923 ‚
1222 1878 1265 1912 et
1286 1868 1437 1913 multi-

52 1958 74 1982 »
108 1939 328 1998 plicamini
345 1974 356 1993 ‚
382 1947 425 1981 et
440 1937 616 1997 implete
640 1937 794 1981 faciem
813 1939 980 1981 terrae2.
1011 1956 1030 1977 »
1053 1941 1169 1996 Ergo
1193 1938 1437 1983 benedictio

50 2009 226 2069 proprie
262 2007 318 2051 ad
348 2007 754 2067 multiplicationem
780 2006 915 2062 valet,
941 2017 983 2051 et
1003 2007 1057 2051 ad
1078 2007 1346 2067 implendam
1367 2009 1437 2052 fa-

51 2079 163 2123 ciem
200 2086 341 2121 terrae.
380 2076 499 2121 Audi
526 2086 569 2121 et
600 2077 646 2120 in
675 2077 758 2121 hoc
796 2076 967 2121 Psalmo
994 2096 1002 2120 :
1045 2096 1065 2118 α
1099 2076 1332 2121 Benedicat
1359 2094 1438 2123 nos

54 2166 76 2190 »
110 2150 225 2192 Deus
246 2181 257 2201 ‚
281 2150 395 2190 Deus
412 2155 572 2200 noster,
593 2146 825 2190 benedicat
843 2162 920 2190 nos
950 2149 1078 2190 Deus.
1106 2149 1195 2190 »Et
1214 2163 1302 2207 quo
1323 2147 1440 2193 valet

51 2218 133 2262 ista
163 2215 439 2260 benedictio?
463 2235 483 2258 «
506 2219 562 2259 Et
586 2225 785 2260 metuant
806 2232 905 2259 eum
935 2232 1084 2260 omnes
1104 2216 1212 2260 fines
1241 2226 1382 2261 terrae.
1411 2237 1431 2259 »

52 2289 191 2345 Ergo,
219 2285 369 2329 fratres
387 2286 473 2329 mei
483 2321 498 2341 ,
531 2286 590 2330 sic
618 2285 893 2330 abundanter
909 2286 955 2328 in
977 2286 1153 2329 nomine
1176 2286 1335 2330 Christi
1357 2288 1436 2331 bc-

53 2357 218 2400 nedixit
239 2371 316 2400 nos
342 2358 454 2400 Deus
473 2391 483 2410 ,
509 2364 559 2399 ut
580 2355 676 2399 filiis
706 2355 791 2399 suis
813 2355 989 2412 impleat
1011 2356 1257 2399 universam
1278 2358 1433 2401 faciem

54 2435 182 2470 terrae
200 2461 210 2480 ‚
249 2425 463 2484 adoptatis
494 2426 539 2468 in
563 2441 747 2484 regnum
768 2440 894 2468 snum
912 2460 922 2479 ,
948 2425 1250 2469 cohaeredibus
1274 2427 1436 2485 Unige-

54 2496 137 2540 hiti
153 2496 232 2539 sui.
251 2496 437 2539 [nicum
458 2496 622 2553 genuit,
642 2505 684 2539 et
703 2488 840 2539 unum
859 2511 947 2539 csse
965 2495 1105 2539 noluit
1127 2515 1134 2539 2
1163 2497 1341 2540 unicum
1362 2512 1434 2555 gc-

103 2586 111 2602 ¹
137 2582 275 2617 Act.1v,
293 2579 391 2610 32-
415 2585 427 2601 2
443 2581 523 2611 Gen.
544 2590 568 2618 1,
592 2579 680 2611 1-28.

244 2643 366 2673 cxvl.
1205 2635 1253 2672 17
