1889 3285
418 226 501 263 320
812 231 845 258 s.
881 232 1111 261 AUGUSTINL
1142 234 1321 260 Eriscori

415 299 582 342 discant
603 297 704 342 odio
725 296 873 340 haberi
895 295 1038 354 gratis.
1059 299 1083 341 J
1088 312 1155 340 am
1174 297 1288 341 enim
1305 297 1338 340 si
1355 311 1527 340 necesse
1548 305 1635 351 est,
1655 296 1800 341 Chris-

414 369 551 421 tiane,
580 375 631 410 ut
650 365 840 411 mundus
871 365 1011 411 oderit
1031 376 1098 421 te,
1125 382 1258 427 quare
1283 383 1373 411 non
1402 366 1507 411 facis
1527 376 1578 410 ut
1606 367 1734 425 gratis
1756 374 1799 410 te

412 436 573 491 oderit,
593 437 706 480 utin
728 452 909 496 corpore
932 436 1106 480 Domini
1128 436 1193 480 tui
1211 471 1222 491 ‚
1242 446 1286 480 et
1301 437 1347 480 in
1359 437 1443 481 hoc
1462 435 1632 481 Psalmo
1650 436 1705 480 de
1723 434 1799 479 illo

413 508 631 567 praemisso
654 523 858 566 agnoscas
891 522 1044 552 vocem
1067 509 1214 551 tuam?
1235 507 1463 560 Quomodo
1489 508 1566 551 fiet
1586 515 1636 550 ut
1658 505 1800 551 oderit

407 587 451 622 te
469 579 661 622 mundus
684 579 843 638 gratis?
864 579 905 624 Si
933 578 1044 623 nihil
1073 579 1280 639 cuiquam
1315 595 1470 624 noceas
1490 614 1500 634 ‚
1536 587 1579 623 et
1611 579 1671 623 sic
1698 576 1799 623 odio

409 650 606 694 habearis
628 670 636 694 :
665 651 749 695 hoc
766 659 829 694 est
851 649 968 693 enim
985 649 1113 708 gratis
1130 685 1140 705 ,
1169 650 1260 694 sine
1287 666 1431 695 causa.
1458 653 1617 694 Parum
1644 649 1698 693 sit
1718 648 1801 693 tibi

409 721 501 765 sine
528 736 655 765 causa
677 720 777 765 odio
799 720 974 775 haberi,
999 720 1175 779 insuper
1194 729 1238 764 et
1271 730 1427 780 praesta
1444 755 1455 775 ‚
1485 729 1537 764 ut
1557 714 1800 764 retribuant

409 791 491 835 tibi
512 791 624 835 mala
653 807 732 851 pro
758 791 899 836 bonis.
937 810 958 833 «
983 789 1228 836 Consortati
1255 801 1358 836 sunt
1384 791 1548 836 inimici
1579 790 1663 834 mei
1679 825 1690 845 ‚
1722 789 1798 850 qui

412 880 432 904 »
468 871 789 922 persequuntur
817 877 887 905 me
919 861 1091 921 injuste.
1117 879 1135 902 »
1163 862 1289 915 Quod
1311 861 1445 916 dixit,
1476 880 1493 901 «
1521 859 1800 920 Multiplicati

411 952 431 975 »
467 944 569 979 sunt
590 949 719 994 super
746 933 922 993 capillos
955 932 1106 992 capitis
1133 933 1241 984 mei3
1269 951 1289 974 »
1326 934 1410 977 hoc
1432 940 1607 992 postea,
1635 950 1654 973 «
1678 934 1799 977 Con-

467 1003 615 1050 fortati
637 1014 738 1049 sunt
753 1004 918 1049 inimici
939 1005 1023 1048 mei
1046 1023 1054 1048 ε
1082 1022 1101 1043 n
1129 1012 1174 1047 et
1200 1003 1321 1064 quod
1336 1003 1503 1062 primo,
1535 1021 1554 1043 «
1581 1003 1663 1056 Qui
1691 1001 1799 1047 ode-

413 1094 432 1116 »
468 1085 571 1119 runt
588 1091 657 1119 me
679 1075 837 1133 gratis3
864 1094 884 1117 »
910 1076 994 1119 hoc
1013 1083 1184 1134 postea,
1220 1092 1239 1115 ‹<
1265 1074 1350 1127 Qui
1376 1083 1699 1133 persequuntur
1729 1088 1800 1117 me

410 1164 430 1186 »
466 1146 640 1205 injuste.
671 1163 690 1186 »
713 1145 843 1197 Quod
859 1160 962 1203 ergo
980 1164 999 1186 «
1025 1145 1174 1202 gratis,
1198 1162 1218 1185 »
1239 1144 1324 1188 hoc
1339 1153 1402 1187 est
1423 1162 1442 1185 «
1462 1143 1634 1203 injuste.
1659 1161 1679 1184 »
1703 1147 1800 1203 Ipsa

407 1224 471 1258 est
490 1230 571 1259 vox
593 1217 861 1272 Martyrum,
891 1230 979 1258 non
1010 1214 1055 1257 in
1078 1229 1230 1273 poena,
1257 1214 1334 1258 sed
1352 1214 1398 1257 in
1420 1229 1562 1258 causa.
1582 1216 1678 1259 Non
1697 1229 1798 1273 per-

406 1285 675 1330 secutionem
695 1284 806 1344 pati,
827 1300 917 1329 non
934 1284 1098 1338 teneri,
1125 1299 1215 1328 non
1242 1283 1451 1341 flagellari
1467 1319 1477 1338 ‚
1499 1300 1589 1328 non
1605 1284 1794 1339 includi,

408 1371 498 1399 non
517 1355 750 1414 proscribi,
776 1370 866 1399 non
883 1354 1022 1399 occidi
1040 1353 1134 1398 laus
1164 1363 1228 1397 est
1254 1373 1263 1397 ;
1299 1354 1375 1397 scd
1394 1354 1600 1397 habendo
1624 1369 1799 1406 causam

407 1426 592 1480 honam,
618 1426 697 1469 ista
726 1426 837 1484 pati,
861 1425 956 1468 haec
977 1424 1070 1468 laus
1098 1432 1175 1467 est.
1209 1427 1320 1467 Laus
1352 1423 1469 1467 enim
1496 1433 1560 1467 est
1586 1424 1632 1467 in
1659 1440 1798 1468 causae

405 1497 623 1550 bonitate,
654 1512 742 1540 non
775 1497 820 1539 in
846 1511 989 1554 poenae
1014 1495 1266 1539 acerbitate.
1304 1498 1413 1540 Nam
1443 1504 1798 1556 quantacumque

404 1568 568 1612 suerint
596 1567 806 1626 supplicia
826 1570 1069 1623 Martyrum
1087 1601 1097 1621 ,
1119 1565 1339 1626 numquid
1372 1576 1606 1626 aequantur
1628 1567 1798 1626 suppli-

405 1639 479 1683 ciis
511 1638 707 1682 omnium
735 1637 978 1693 latronum,
1011 1636 1209 1681 omnium
1242 1635 1798 1694 sacrileg01·um‚‘omnium

405 1708 737 1753 sceleratorum?
753 1707 868 1760 Quid
888 1707 1004 1750 enim
1028 1707 1165 1750 ethos
1183 1706 1277 1750 odit
1297 1706 1514 1749 mundus?
1532 1705 1636 1750 Odit
1649 1706 1793 1766 plane.

405 1778 636 1823 Excedunt
656 1778 771 1820 enim
797 1777 952 1820 mundi
972 1775 1247 1820 medictatem
1279 1775 1566 1835 amplitudine
1592 1776 1767 1821 malitiae
1781 1813 1792 1832 ‚

406 1859 448 1893 θῖ
472 1850 526 1893 ab
555 1850 646 1908 ipsa
668 1846 993 1891 mundanorum
1021 1846 1214 1907 quodam
1244 1845 1375 1890 modo
1401 1847 1630 1891 hominum
1657 1848 1795 1892 socie-

406 1929 493 1964 tate
522 1919 650 1963 alieni
678 1927 805 1973 sunt,
838 1917 1091 1961 infestantes
1121 1932 1272 1976 pacem
1309 1918 1437 1961 etiam
1476 1927 1717 1977 terrenam3
1752 1928 1796 1963 et

405 1991 633 2049 patiuntur
655 1988 794 2032 multa
822 1987 954 2043 mala,
981 1986 1056 2031 sed
1083 2003 1172 2032 non
1202 1988 1346 2045 gratis.
1374 1988 1571 2048 Denique
1598 1988 1697 2033 vide
1717 2005 1795 2034 vo-

407 2076 501 2104 cem
523 2060 638 2104 illius
659 2059 838 2104 latronis
860 2074 961 2102 cum
984 2059 1169 2102 Domino
1196 2058 1239 2101 in
1264 2074 1392 2102 cruce
1414 2059 1642 2118 pendentis
1658 2095 1668 2113 ‚
1693 2076 1795 2104 cum

405 2131 633 2174 insultaret
652 2146 702 2174 ex
740 2130 821 2174 alia
842 2139 964 2188 parte
992 2144 1105 2172 unus
1138 2127 1326 2171 duorum
1356 2128 1578 2173 latronum
1610 2131 1794 2175 Domino

406 2203 610 2247 crucifixo
627 2238 637 2257 ,
664 2211 707 2246 θῖ
729 2202 891 2245 diceret
909 2220 917 2244 :
944 2219 963 2242 «
985 2200 1027 2245 Si
1051 2199 1185 2243 Filius
1206 2199 1283 2243 Dei
1304 2215 1347 2243 es
1363 2235 1373 2254 ‚
1398 2199 1535 2244 libera
1551 2210 1594 2244 te
1611 2221 1620 2245 :
1640 2219 1659 2243 >›
1678 2217 1794 2246 com-

404 2273 571 2333 pescuit
592 2272 716 2316 illum
750 2271 880 2326 alter,
907 2279 950 2314 et
974 2269 1079 2313 dixit
1095 2305 1105 2324 ‚
1137 2288 1156 2310 «
1183 2272 1247 2313 Tu
1269 2285 1357 2313 non
1381 2269 1504 2313 times
1533 2274 1671 2315 Deum
1688 2306 1699 2326 ,
1724 2270 1794 2315 vel

408 2362 428 2385 »
464 2343 564 2403 quia
585 2343 630 2386 in
649 2341 801 2386 eadem
827 2340 1107 2385 damnatione
1137 2339 1302 2399 positus
1326 2341 1397 2383 es?
1419 2342 1475 2384 Et
1505 2356 1582 2385 nos
1614 2341 1793 2401 quidem

407 2433 427 2456 »
462 2422 578 2457 recte
602 2428 681 2472 pro
714 2411 838 2456 factis
861 2411 1016 2456 nostris
1032 2413 1062 2454 1.
1100 2428 1118 2451 »
1157 2412 1269 2454 Ecce
1297 2426 1387 2454 non
1408 2412 1536 2468 gratis
1558 2431 1567 2456 :
1593 2411 1669 2455 sed
1691 2427 1794 2456 con-

404 2483 588 2530 fessione
611 2483 768 2528 effudit
789 2499 840 2528 ex
877 2499 920 2527 se
962 2482 1153 2538 saniem,
1192 2490 1235 2526 et
1267 2479 1406 2527 factus
1436 2492 1500 2528 est
1532 2491 1658 2544 aptus
1691 2483 1792 2529 cibo

411 1023 421 1046 )

423 1024 431 1045 υ

455 2577 461 2593 ¹
483 2571 564 2602 Luc.
582 2581 675 2612 xxm,
697 2568 815 2612 39-111.
