1889 3285
6 369 16 408 v-v-

423 291 664 321 ENARRATIO
697 293 742 319 ΙΝ
774 291 975 319 PsALML'M
1009 292 1143 319 van.
1396 281 1474 318 281

100 359 393 405 ordinatum¹.
421 356 607 401 Proinde
628 366 806 416 propter
822 356 1121 400 haereditatem
1153 373 1252 416 quae
1274 357 1322 400 fit
1354 365 1482 400 testa-

97 440 268 483 mento,
313 439 520 488 tanquam
561 443 638 486 per
667 426 712 470 id
743 425 862 486 quod
891 425 1078 470 efficitur
1099 426 1143 469 id
1171 427 1291 486 quod
1313 427 1445 470 efficit
1465 461 1477 481 ‚

95 502 271 546 nomine
292 499 505 543 clerorum
523 501 793 541 Testamenta
814 498 903 556 ipsa
926 496 1165 554 significata
1179 506 1295 540 sunt.
1378 501 1385 506 '

155 573 253 614 XX.
289 572 550 629 Quanquam
577 568 683 611 mihi
706 577 748 611 et
764 567 872 611 alius
892 567 963 610 hic
986 582 1133 611 sensus
1152 575 1376 621 occurrat,
1400 566 1483 609 nisi

94 639 238 693 fallor,
282 637 636 698 anteponendus,
672 646 722 680 ut
757 636 892 681 cleros
924 636 1064 681 multo
1089 636 1356 696 probabilius
1373 636 1483 695 ipsas

93 710 365 754 haereditates
384 708 676 767 intelligamus
717 728 724 752 :
766 717 816 752 ut
847 707 1053 767 quoniam
1070 707 1300 751 haereditas
1312 698 1480 750 Veteris

98 780 360 824 Testamenti
392 788 480 833 est,
513 778 709 838 quamvis
741 778 785 821 in
817 778 971 821 umbra
999 778 1281 836 significativa
1309 776 1479 830 futuri,

93 859 263 894 terrena
278 850 457 894 felicitas
470 849 719 900 maen-editas
736 865 838 893 vero
849 849 957 893 Novi
974 848 1235 892 Testamenti
1248 857 1312 892 est
1324 857 1485 892 aeterna

91 920 419 978 immortalitas3
453 921 641 965 dormire
663 920 717 964 sit
745 920 857 963 inter
881 918 1046 963 medios
1067 918 1200 963 cleros
1216 954 1227 974 ‚
1253 934 1332 962 nec
1362 918 1482 962 illam

89 993 179 1051 jam
201 1007 395 1051 quaerere
415 990 632 1046 ardenter,
668 999 711 1034 et
747 989 890 1034 adhuc
912 991 1038 1034 istam
1061 999 1289 1049 expectare
1310 990 1483 1048 patien-

93 1069 170 1104 ter.
191 1064 301 1106 Nam
324 1062 399 1121 qui
421 1064 511 1105 Deo
527 1070 755 1120 propterea
773 1060 983 1115 serviunt,
1004 1060 1073 1103 vel
1092 1061 1235 1119 potius
1253 1068 1483 1119 propterea

92 1131 250 1175 servire
274 1130 453 1186 nolunt,
479 1130 584 1174 dum
618 1139 822 1190 quaerunt
851 1130 896 1173 in
929 1131 1012 1174 hac
1032 1130 1120 1174 vita
1138 1139 1181 1174 et
1205 1130 1251 1173 in
1272 1130 1352 1173 hac
1370 1138 1483 1173 terra

92 1200 362 1256 felicitatem,
389 1201 559 1245 ablatus
581 1210 645 1245 est
667 1216 843 1245 somnus
866 1201 919 1245 ab
942 1201 1000 1245 eis
1017 1236 1027 1256 ‚
1061 1210 1102 1245 et
1124 1217 1213 1245 non
1240 1200 1481 1244 dormiunt.

94 1271 472 1315 Inflammantibus
489 1271 605 1314 enim
629 1270 940 1327 cupiditatibus
956 1271 1103 1328 agitati
1122 1271 1167 1314 in
1181 1271 1342 1328 flagitia
1364 1279 1408 1313 et
1422 1268 1486 1313 fa-

93 1341 240 1384 cinora
254 1338 576 1398 propelluntur,
596 1353 675 1381 nec
685 1339 862 1382 omnino
875 1341 1152 1397 requiescunt
1164 1358 1175 1395 3
1195 1336 1486 1382 desiderando

91 1420 141 1455 ut
174 1410 402 1470 acquirant
421 1445 432 1460 ,
473 1408 710 1452 metuendo
741 1424 796 1451 ne
828 1409 1043 1452 amittant.
1085 1409 1208 1461 «Qui
1241 1417 1386 1452 autem
1414 1423 1486 1452 me

97 1500 115 1522 »
151 1480 294 1534 audit,
320 1480 378 1523 ait
408 1480 625 1539 Sapientia
643 1514 654 1532 ,
691 1474 957 1523 inhabitabit
979 1479 1023 1522 in
1042 1494 1138 1537 spe,
1167 1487 1209 1522 et
1242 1478 1482 1537 requiescet

94 1569 116 1592 »
151 1551 242 1595 sine
264 1551 418 1595 timore
441 1552 496 1594 ab
514 1550 633 1594 omni
655 1548 966 1607 1nalignitate2.
998 1568 1017 1590 »
1037 1552 1131 1593 Hoc
1154 1558 1243 1603 est,
1268 1558 1485 1609 quantum

90 1621 199 1665 mihi
219 1620 408 1675 videtur,
441 1620 629 1665 dormire
662 1619 775 1663 inter
797 1618 962 1663 medios
985 1618 1123 1664 cleros
1139 1655 1149 1674 ,
1175 1619 1220 1663 id
1254 1629 1338 1674 est,
1373 1619 1486 1662 inter

89 1689 254 1734 medias
269 1689 569 1747 haereditates3
593 1688 790 1733 nondum
812 1688 858 1731 in
879 1704 946 1739 re,
967 1688 1042 1732 sed
1068 1698 1215 1733 tamen
1233 1690 1278 1733 in
1299 1704 1374 1748 spe
1391 1704 1485 1733 coe-

90 1758 206 1804 lestis
225 1759 493 1803 haereditatis
510 1759 724 1813 habitare,
750 1767 795 1801 et
816 1774 838 1802 a
862 1767 1047 1802 terrenae
1070 1757 1283 1803 felicitatis
1299 1761 1390 1819 jam
1407 1775 1486 1803 cu-

89 1829 269 1889 piditate
291 1830 608 1888 conquiescere.
636 1831 749 1873 Cum
763 1836 908 1871 autem
921 1829 1085 1872 venerit
1100 1828 1221 1888 quod
1233 1844 1453 1888 speramus
1467 1863 1479 1883 ‚

91 1916 180 1945 non
197 1902 287 1961 jam
305 1900 417 1944 inter
434 1899 541 1943 duas
562 1898 839 1942 haereditatcs
854 1899 1172 1958 requiescemus
1189 1921 1200 1957 ς
1222 1899 1297 1944 sed
1311 1901 1357 1943 in
1373 1915 1485 1944 nova

87 1986 209 2025 vera,
241 1972 362 2030 cujus
388 1979 513 2014 vetus
542 1979 632 2013 erat
661 1969 838 2023 umbra,
867 1969 1159 2026 regnabimus.
1205 1974 1484 2030 Quapropter

90 2042 257 2085 etiamsi
288 2041 626 2085 intellexerimus
656 2040 776 2100 quod
803 2039 968 2084 dietum
999 2050 1062 2084 est
1091 2060 1098 2085 :
1131 2060 1150 2082 «
1190 2042 1232 2086 Si
1263 2042 1485 2086 dormiatis

94 2129 115 2153 n
149 2111 263 2154 int-er
283 2111 448 2154 medios
467 2110 602 2154 cleros
619 2146 630 2164 ,
658 2130 677 2151 »
707 2120 914 2170 tanquam
937 2111 970 2154 si
993 2111 1210 2155 diceretur
1237 2131 1244 2156 :
1270 2112 1312 2156 Si
1331 2113 1485 2157 moria-

93 2182 199 2226 mini
213 2182 326 2225 inter
340 2181 505 2225 medios
528 2180 664 2224 cleros
681 2216 691 2235 ‚
711 2190 761 2225 ut
778 2182 904 2224 istam
920 2191 1104 2225 mortem
1120 2183 1260 2227 carnis
1273 2199 1392 2228 more
1406 2199 1484 2228 suo

96 2252 316 2311 Scriptura
339 2251 645 2295 dormitionem
664 2252 903 2308 vocaverit3
930 2253 1024 2296 haec
1057 2262 1122 2297 est
1153 2269 1267 2298 mors
1292 2255 1480 2313 optima,

93 2331 144 2365 ut
169 2322 214 2364 in
246 2321 538 2380 cupiditatum
560 2321 824 2365 cohibitione
848 2338 871 2365 a
894 2322 1100 2377 terrenis,
1126 2324 1173 2366 in
1195 2339 1270 2382 spe
1295 2324 1483 2368 coelestis

93 2390 358 2436 liaereditatis
380 2391 511 2434 homo
535 2406 673 2450 usque
702 2391 747 2433 in
769 2392 898 2434 finem
916 2406 1192 2450 perseverans
1210 2428 1219 2447 ,
1246 2393 1361 2437 diem
1383 2394 1483 2437 vitae

42 2502 46 2503 ⁷
93 2462 225 2520 hujus
258 2459 462 2503 ultimum
489 2459 679 2504 claudat.
715 2461 782 2505 Sic
803 2461 921 2503 enim
945 2460 1209 2505 dormientes
1243 2463 1356 2506 inter
1384 2478 1476 2505 me-

96 2529 190 2574 dios
216 2528 376 2585 cleros,
403 2540 530 2575 erunt
546 2546 702 2589 pennae
724 2530 939 2574 columbze
958 2530 1255 2589 deargentam*
1274 2553 1283 2580 ;
1309 2541 1356 2574 ut
1381 2541 1481 2574 tcm-

146 2622 153 2637 ¹
176 2618 247 2647 Act.
268 2627 293 2655 ῐ,
313 2615 355 2646 2ss
385 2632 425 2636 —-
445 2622 456 2636 ἒ
472 2615 680 2653 Prov.1‚33.
