1889 3285
279 241 518 270 ENARRATio
550 243 565 268 1
598 243 643 268 m
675 240 746 269 PsA
760 242 886 269 LMUM
920 243 1052 280 Lvur,
1088 240 1226 269 Sulmo
1259 244 1289 268 1.
1422 232 1475 268 77

92 316 183 361 est,
220 306 531 351 demonstravit
557 306 665 350 mihi
693 307 739 350 in
770 307 952 351 inimicis
984 307 1120 351 meis?
1149 307 1191 351 Si
1220 307 1335 350 enim
1367 310 1480 352 Deus

93 395 114 418 »
140 376 287 421 volens
310 377 537 420 ostendere
554 376 683 430 iram,
707 386 750 419 et
772 376 1066 421 demonstrare
1093 377 1333 435 potentiam
1355 392 1477 421 suam

95 464 116 487 »
141 445 287 490 attulit
307 446 351 489 in
366 445 502 489 multa
519 446 722 505 patientia
735 462 834 489 vasa
851 447 941 501 irae,
967 462 1066 506 quae
1084 445 1409 505 perfectasunt
1436 448 1482 491 in

95 534 115 558 »
135 516 438 576 perditionem.
465 519 522 560 Et
541 525 718 575 propter
739 516 846 576 quid
869 517 982 560 hoc‘?
1001 519 1058 560 Ut
1081 526 1205 560 notas
1227 515 1388 560 faceret
1410 518 1478 560 di-

95 604 116 628 »
135 587 259 630 vitias
273 602 369 630 suas
385 585 430 629 in
447 602 547 630 vasa
572 586 873 630 misericordiae
889 589 919 630 ¹.
949 604 968 628 »
992 586 1034 631 Si
1061 602 1162 645 ergo
1184 603 1282 631 vasa
1303 587 1378 631 irae
1407 597 1475 632 at-

93 656 215 710 tulit,
239 656 286 699 in
305 655 464 715 quibus
487 664 609 699 notas
631 654 792 700 faceret
813 655 984 700 divitias
1002 672 1098 700 suas
1126 657 1172 699 in
1194 672 1291 701 vasa
1313 657 1477 701 miseri-

93 724 250 771 cordiae
265 745 276 782 3
291 725 525 769 rectissime
536 725 703 769 dictum
714 735 792 781 est,
803 725 1120 771 «Misericordia
1134 728 1169 787 ej
1179 743 1225 770 us
1240 728 1478 787 praeveniet

96 814 116 838 »
141 810 211 839 me
236 814 245 840 :
272 798 386 839 Deus
400 810 521 839 meus
544 794 855 840 demonstravit
877 796 982 840 mihi
1007 797 1053 840 in
1082 797 1266 841 inimicis
1290 798 1395 842 meis
1418 817 1426 842 :
1454 816 1475 839 »

94 865 136 910 id
163 874 247 920 est,
274 874 481 924 quantam
510 865 621 909 circa
645 881 714 910 me
733 866 887 910 habuit
912 866 1247 911 misericordiam
1266 903 1276 922 ‚
1321 868 1366 911 in
1397 867 1479 912 illis

95 936 201 979 mihi
222 935 533 979 demonstravit
549 935 661 979 circa
676 952 784 996 quos
807 951 896 980 non
918 936 1087 980 habuit.
1114 937 1201 982 Nisi
1218 937 1332 981 enim
1356 937 1481 981 debi-

95 1016 164 1051 tor
183 1006 495 1066 suspendatur,
515 1007 659 1050 minus
677 1007 762 1065 agit
776 1007 930 1065 gratias
948 1008 1017 1051 cui
1030 1007 1229 1052 debitum
1246 1008 1476 1054 relaxatur.

100 1096 121 1119 «
142 1080 257 1121 Deus
280 1091 400 1120 meus
423 1075 734 1120 demonstravit
756 1077 862 1120 mihi
884 1077 929 1120 in
951 1077 1134 1122 inimicis
1161 1079 1280 1122 meis.
1310 1097 1330 1119 »

154 1149 274 1191 XXI.
304 1150 365 1191 De
387 1147 486 1205 ipsis
510 1156 653 1190 autem
671 1147 856 1191 inimicis
879 1147 1012 1207 quid?
1039 1167 1058 1189 «
1077 1150 1141 1193 Ne
1164 1149 1370 1193 occideris
1392 1165 1479 1205 eos,

97 1217 333 1278 nequando
356 1217 664 1261 obliviscantur
684 1217 790 1276 legis
814 1222 941 1262 tuae‘2.
973 1236 991 1258 »
1021 1222 1160 1276 Rogat
1187 1235 1265 1278 pro
1300 1220 1482 1264 inimicis

97 1289 208 1343 suis,
240 1287 395 1346 implet
416 1297 697 1346 praeceptum.
726 1288 839 1341 Quid
864 1297 952 1342 est,
988 1308 1008 1330 «
1036 1292 1099 1333 Ne
1128 1290 1365 1335 miserearis
1386 1307 1482 1335 om-

101 1377 122 1400 »
142 1359 263 1402 nium
286 1358 361 1418 qui
381 1353 615 1416 operantur
632 1358 958 1418 imquitatem&
984 1374 1042 1413 ei,
1066 1362 1130 1404 Ne
1150 1360 1355 1405 occideris
1384 1377 1454 1406 eos
1469 1397 1480 1417 ‚

101 1447 122 1470 »
144 1427 378 1488 nequando
402 1427 712 1473 obliviscantur
734 1428 840 1487 legis
861 1431 976 1472 tuae?
997 1447 1014 1470 »
1038 1430 1269 1482 Quomodo
1292 1447 1379 1476 non
1403 1432 1484 1475 mi-

98 1508 263 1542 seretur
284 1498 481 1542 omnium
502 1498 576 1557 qui
598 1507 833 1556 operantur
864 1498 1160 1559 iniquitatem,
1193 1510 1235 1544 ct
1263 1501 1483 1561 quomodo

99 1583 188 1612 non
202 1567 361 1612 occidit
377 1584 448 1611 eos
469 1583 524 1611 ne
550 1567 860 1613 obliviscantur
875 1569 981 1627 legis
997 1579 1084 1613 tuae
1100 1572 1118 1614 Ξ)
1142 1570 1224 1615 Sed
1243 1572 1311 1616 hic
1327 1573 1381 1615 de
1402 1573 1486 1616 ini-

100 1639 220 1683 micis
237 1639 322 1682 suis
343 1639 464 1682 dixit.
497 1638 614 1692 Quid
635 1642 767 1698 ergo?
795 1639 964 1684 Inimici
990 1642 1080 1701 ejus
1109 1643 1358 1702 aequitatem
1382 1660 1483 1704 ope-

102 1711 281 1753 rantur?
300 1709 343 1753 Si
365 1709 440 1768 qui
458 1709 496 1752 ei
509 1709 790 1753 inimicantur
812 1711 1062 1770 aequitatem
1085 1722 1320 1771 operantur
1342 1735 1352 1771 3
1384 1730 1484 1772 ergo

102 1779 191 1839 ipse
218 1779 491 1839 iniquitatem
515 1789 732 1838 operatur.
757 1780 840 1824 Sed
860 1781 961 1840 quia
993 1781 1084 1840 ipse
1105 1783 1355 1842 aequitatem
1379 1800 1485 1844 ope-

103 1859 222 1894 ratur
236 1885 247 1904 ,
262 1865 392 1909 porro
406 1849 482 1909 qui
493 1849 744 1909 aequitatem
760 1859 964 1908 operatur
974 1885 984 1905 ‚
1001 1851 1195 1909 profecto
1212 1853 1487 1912 iniquitatem

104 1921 159 1965 ab
180 1921 362 1965 inimicis
390 1920 576 1980 patitur3
602 1930 733 1964 restat
754 1930 804 1964 ut
825 1921 901 1981 qui
921 1923 1041 1981 justo
1071 1922 1371 1979 inimicantur,
1401 1926 1488 1969 ini-

104 1991 316 2052 quitatem
338 1990 721 2050 operentur.Unde
739 2006 841 2049 ergo
860 1990 991 2050 paulo
1017 1993 1232 2050 superius,
1260 1997 1387 2038 «Non
1408 1996 1489 2039 mi-

108 2079 129 2103 »
155 2061 333 2106 serearis
355 2060 554 2105 omnium
575 2061 652 2120 qui
681 2070 919 2120 operantur
949 2062 1221 2122 iniquitatem
1238 2084 1283 2121 3»
1305 2075 1348 2109 et
1376 2082 1492 2110 nunc

107 2130 350 2176 deinimicis
365 2131 466 2186 suis,
484 2151 504 2173 ‹<
515 2134 578 2176 Ne
600 2131 806 2175 occideris
829 2147 915 2186 eos,
932 2133 1166 2193 nequando
1182 2134 1493 2181 obliviscantur

115 2221 133 2244 »
163 2201 270 2260 legis
303 2204 417 2246 tuae?
437 2222 456 2243 »
492 2204 590 2246 Non
628 2216 728 2260 ergo
763 2202 1001 2247 miserearis
1031 2219 1204 2260 eorum,
1245 2216 1296 2250 ut
1326 2207 1495 2251 occidas

110 2281 288 2331 peccata
311 2286 462 2316 eorum
478 2290 486 2316 :
502 2274 598 2316 Non
616 2272 784 2316 occidas
801 2288 887 2327 eos,
905 2290 1093 2333 quorum
1116 2285 1290 2334 peccata
1316 2277 1490 2322 occidis.

112 2340 229 2394 Quid
263 2350 327 2385 est
348 2351 491 2386 autem
525 2341 690 2385 occidi?
727 2342 934 2386 Oblivisci
957 2342 1062 2401 legis
1096 2346 1283 2389 Domini.
1309 2349 1405 2405 Ipsa
1433 2357 1497 2392 est

109 2426 209 2455 vera
227 2426 342 2455 mors
359 2446 369 2466 ,
391 2411 436 2454 in
457 2410 727 2471 profundum
746 2412 809 2455 ire
827 2414 993 2472 peccati
1020 2433 1027 2457 :
1050 2423 1193 2473 potest
1216 2415 1393 2476 quidem
1411 2418 1494 2461 hoc

111 2490 155 2526 et
170 2482 224 2526 de
241 2484 264 2526 J
269 2481 402 2526 udaeis
423 2481 621 2541 intelligi.
648 2482 761 2536 Quid
776 2482 828 2527 de
849 2486 871 2527 J
878 2483 1012 2528 udaeis
1027 2519 1038 2539 ‚
1055 2487 1147 2531 «Ne
1169 2486 1375 2531 occideris
1396 2502 1467 2532 cos
1482 2523 1492 2542 ‚

159 2583 168 2600 ¹
192 2579 283 2611 Rom.
306 2588 350 2621 ix,
370 2580 491 2612 21—23.
512 2595 553 2602 ·-
574 2584 587 2602 2
607 2577 684 2612 Psal.
706 2589 794 2620 ivm,
825 2588 874 2612 12.
897 2596 938 2603 -
959 2577 972 2602 3
988 2579 1069 2614 lbid.
1088 2580 1121 2612 6.
