1889 3285
420 262 662 292 ENAnnATio
694 266 737 293 m
771 263 974 293 PsALMUM
1006 263 1130 293 Lxm.
1372 257 1455 296 173

75 338 167 374 tota
187 327 316 373 simul
336 328 646 389 impellebatur
661 365 671 383 ‚
698 345 817 375 nunc
840 339 986 374 autem
1004 345 1083 389 per
1104 329 1297 389 singulos
1313 340 1459 378 tenta-

76 409 163 445 tur.
189 398 400 459 Alligatus
435 409 499 445 est
531 400 710 461 quidem
743 400 969 456 diabolus,
1004 416 1061 445 ne
1093 399 1224 445 faciat
1245 412 1461 463 quantum

74 479 238 530 potest,
263 486 318 515 ne
339 469 472 515 faciat
502 479 717 532 quantum
753 471 851 516 vult
876 490 886 516 ι
908 480 1056 515 tamen
1088 479 1261 516 tantum
1293 482 1462 519 tentare

75 541 245 596 sinitur,
270 551 486 601 quantum
507 541 680 602 expedit
701 542 1043 602 proficientibus
1069 544 1167 587 Non
1183 544 1308 589 nobis
1331 560 1463 605 expe-

75 611 140 657 dit
161 627 251 657 esse
276 612 369 656 sine
405 613 721 657 tentationibus
745 632 754 658 ε
786 628 867 658 nec
892 627 1093 671 rogemus
1119 616 1260 658 Deum
1288 624 1339 659 ut
1375 631 1466 662 non

73 691 295 727 tentemur
308 718 320 737 ,
344 683 421 728 sed
442 692 493 727 ut
514 699 604 728 non
620 682 882 728 inducamur
903 684 949 727 in
966 684 1268 729 tentationem.

133 755 193 797 ΙΙ.
231 753 434 798 Dicamus
468 768 569 812 ergo
597 763 641 798 et
674 770 752 799 nos
780 773 790 799 ι
816 773 833 794 «
861 753 1052 810 Exaudi,
1072 760 1205 811 Deus,
1226 755 1466 801 orationem

79 842 97 864 »
131 837 301 878 meam,
329 823 438 867 dum
463 823 673 879 tribulor,
705 840 729 868 a
756 824 912 868 timore
945 823 1110 868 inimici
1139 840 1243 869 erue
1274 825 1465 870 animam

78 912 97 934 n
131 895 316 939 meam¹.
345 913 363 935 »
391 893 632 938 Saevierunt
659 893 823 937 inimici
846 893 893 937 in
919 898 1132 952 Martyres
1153 914 1161 940 :
1183 895 1291 956 quid
1314 897 1469 942 orabat

74 962 153 1007 ista
184 978 267 1008 vox
285 963 473 1023 corporis
497 964 683 1009 Christi?
715 966 809 1008 Hoc
843 964 1021 1019 orabat,
1057 975 1108 1010 ut
1130 976 1388 1010 eruerentur
1410 967 1465 1010 ab

73 1033 280 1089 inimicis,
306 1043 348 1078 et
371 1050 461 1079 non
495 1050 566 1079 eos
583 1044 759 1094 possent
777 1034 975 1079 occidere
996 1035 1176 1079 inimici.
1198 1039 1315 1095 Ergo
1337 1053 1470 1081 exau-

75 1103 156 1148 diti
177 1120 267 1149 non
288 1114 406 1160 sunt,
423 1105 524 1165 quia
547 1105 674 1150 occisi
697 1096 825 1162 sunt,
851 1113 894 1148 et
915 1103 1105 1149 deseruit
1127 1109 1241 1150 Deus
1259 1108 1469 1152 contritos

75 1173 205 1218 corde
243 1190 386 1219 servos
422 1191 547 1230 suos,
588 1183 631 1218 et
666 1183 885 1234 sperantes
918 1174 964 1217 in
992 1190 1035 1219 se
1070 1175 1294 1236 despexit?
1322 1178 1462 1221 Absit.

79 1263 99 1286 «
133 1244 236 1297 Quis
262 1244 380 1288 enim
407 1245 626 1290 invocavit
647 1245 883 1289 Dominum
900 1279 910 1299 ,
937 1254 980 1289 et
1001 1246 1232 1291 derelictus
1256 1250 1347 1290 est?
1368 1248 1467 1307 quis

76 1331 98 1354 ³)
133 1315 319 1372 speravit
339 1316 384 1359 in
406 1330 529 1370 eum,
555 1325 598 1359 et
614 1315 809 1359 desertus
826 1324 890 1359 est
909 1316 963 1359 ab
990 1319 1100 1361 eo2?
1117 1335 1137 1357 »
1153 1316 1465 1360 Exaudieban-

74 1393 147 1428 tur
163 1398 282 1441 ergo,
301 1391 345 1426 et
366 1385 706 1438 occidebantur-3
731 1395 775 1430 et
791 1396 938 1430 tamen
961 1387 1016 1430 ab
1041 1387 1225 1430 inimicis
1249 1387 1466 1431 erueban-

75 1463 162 1497 tur.
192 1452 278 1497 Alii
304 1452 506 1496 timentes
530 1450 888 1506 consentiebant,
925 1461 968 1495 et
988 1453 1194 1499 vivebant
1215 1477 1225 1513 3
1251 1466 1294 1500 et
1321 1467 1469 1502 tamen

74 1524 157 1584 ipsi
177 1523 231 1568 ab
246 1523 431 1567 inimicis
454 1522 819 1567 absorbebantur.
847 1522 987 1566 Occisi
1009 1525 1295 1583 eruebantur,
1321 1529 1470 1572 viven-

76 1603 140 1639 tes
174 1593 537 1638 absorbebantur.
577 1591 686 1635 Inde
724 1600 788 1636 est
818 1601 862 1636 et
901 1591 975 1636 illa
1009 1608 1092 1637 vox
1137 1596 1467 1654 gratulationis,

81 1685 111 1720 «Ι
139 1665 338 1709 Forsitan
356 1664 477 1709 vivos
495 1664 820 1708 absorbuissent
841 1679 919 1708 nos
937 1666 969 1707 3.
994 1682 1015 1705 »
1041 1664 1170 1709 Multi
1191 1665 1407 1726 absorpti,
1429 1678 1472 1714 et

77 1738 165 1782 vivi
187 1737 395 1796 absorpti,
423 1735 552 1780 multi
574 1736 736 1781 mortui
759 1736 1064 1795 absorpti.Qui
1087 1745 1352 1796 putaverunt
1372 1739 1470 1784 ina-

78 1823 181 1853 nem
209 1823 298 1852 esse
320 1807 454 1851 fidem
484 1806 789 1862 christianam,
821 1806 984 1850 mortui
1016 1806 1209 1866 absorpti
1236 1818 1338 1852 sunt
1361 1829 1370 1854 :
1395 1811 1473 1870 qui

11 1894 13 1908 ·
79 1888 227 1923 autem
248 1878 431 1923 scientes
451 1877 680 1922 veritatem
713 1892 802 1921 esse
829 1876 1186 1936 praedicationem
1209 1879 1435 1939 Evangelii
1455 1916 1467 1937 ,

79 1949 302 1994 Christum
337 1963 427 1992 esse
456 1947 616 1992 Filium
639 1947 717 1992 Dei
753 1947 960 2003 scientes,
984 1956 1028 1992 et
1047 1948 1132 1992 hoc
1155 1949 1401 2006 credentes,
1427 1960 1472 1996 et

78 2019 163 2063 hoc
185 2018 302 2062 intus
325 2027 543 2072 tenentes,
575 2026 797 2062 cesserunt
818 2026 966 2062 tamen
989 2017 1214 2064 doloribus
1231 2055 1241 2075 ,
1276 2029 1319 2065 et
1346 2020 1472 2066 idolis

14 2093 18 2141 ἱ,
79 2089 442 2143 sacrificaverunt,
460 2086 547 2131 vivi
564 2086 756 2146 absorpti
777 2097 893 2132 sunt.
921 2087 990 2132 Illi
1013 2089 1204 2150 absorpti
1225 2101 1342 2147 sunt,
1368 2093 1470 2153 quia

16 2203 19 2215 k
81 2159 244 2205 mortui
265 2178 274 2204 ι
308 2158 372 2203 illi
390 2166 537 2202 autem
565 2158 668 2217 quia
696 2158 908 2218 absorpti,
929 2160 1105 2204 mortui.
1131 2163 1229 2206 Non
1252 2162 1366 2206 enim
1390 2164 1473 2208 ab-

17 2277 19 2284 ,
82 2231 218 2292 sorpti
238 2231 384 2275 vivere
404 2238 660 2289 potuerunt,
677 2230 872 2290 quamvis
889 2230 976 2275 vivi
989 2231 1340 2278 absorberentur.
1356 2237 1473 2294 Ergo

82 2302 167 2347 hoc
189 2310 284 2347 orat
299 2316 384 2345 vox
398 2303 643 2358 Martyrum
660 2335 671 2356 ,
697 2319 717 2342 «
737 2303 775 2345 A
797 2300 952 2345 timore
973 2301 1137 2347 inimici
1159 2318 1262 2348 erue
1285 2305 1474 2350 animam

87 2392 108 2415 »
143 2388 284 2417 meam
307 2391 316 2417 ι
339 2390 360 2413 »
382 2386 472 2417 non
491 2380 542 2416 ut
569 2387 638 2416 me
660 2387 751 2417 non
772 2372 941 2417 occidat
961 2373 1182 2431 inimicus,
1209 2375 1284 2420 sed
1311 2386 1360 2422 ut
1382 2393 1472 2422 non

20 2470 22 2475 ·
85 2445 263 2490 timeam
286 2442 558 2488 occidentem
589 2439 832 2488 inimicum.
859 2446 953 2488 Hoc
988 2455 1081 2490 orat
1111 2446 1154 2490 in
1182 2450 1352 2492 Psalmo
1388 2449 1472 2491 im-

22 2546 23 2578 }
86 2514 195 2575 pleri
216 2529 361 2559 servus
378 2548 389 2569 ,
415 2513 536 2574 quod
556 2513 688 2559 modo
704 2515 887 2575 jubebat
911 2515 956 2559 in
982 2517 1218 2575 Evangelio
1242 2518 1467 2563 Dominus.

136 2608 144 2624 ¹
163 2600 243 2633 Psal.
265 2611 349 2642 mun,
370 2609 400 2633 2.
421 2617 461 2623 —-
479 2607 490 2623 2
505 2599 602 2633 Eccli.
619 2611 656 2642 ιι,
680 2612 731 2643 11,
755 2609 804 2634 12.
825 2617 867 2625 -
888 2598 900 2624 3
919 2600 1001 2633 Psal.
1021 2611 1131 2644 cxxiii,
1151 2603 1181 2635 3.
