1889 3285
320 208 560 239 ENARRATIO
591 212 606 238 1
637 212 683 238 nv
715 210 918 239 PsALMUM
949 210 1054 250 Lxx,
1088 209 1227 238 SERMO
1259 213 1289 238 1.
1404 199 1488 238 387

113 289 194 335 pro
212 273 431 331 lucro‚vel
451 291 530 335 pro
547 275 700 320 timore
716 274 865 320 damni
887 285 962 320 aut
982 274 1179 334 egestatis
1200 275 1489 330 mentiuntur,

114 345 338 404 perjurant
356 365 368 403 3
403 360 494 390 non
522 354 585 388 est
605 344 814 389 continua
849 344 926 388 Dei
960 342 1054 388 laus
1079 345 1126 389 in
1159 345 1234 390 eis.
1267 343 1495 398 Quomodo

115 429 218 473 ergo
240 429 413 459 revocas
436 429 459 458 a
481 413 880 473 negotiationePAn
901 422 951 457 ut
971 413 1156 471 agricola
1173 415 1334 469 sim‚'et
1350 414 1499 459 adver-

114 498 186 528 sus
216 487 356 528 Deum
385 493 610 528 tonantem
646 497 943 538 murmurem,
981 492 1032 526 ut
1063 484 1316 540 grandinem
1343 485 1499 529 timens

116 553 367 613 sortilegum
382 554 607 599 consulam
623 588 634 609 ‚
659 563 710 598 ut
729 569 925 614 quaeram
940 552 1050 613 quid
1070 553 1227 598 faciam
1244 563 1396 598 contra
1412 570 1500 599 coe-

115 625 238 682 lum3
261 634 312 670 ut
332 634 481 684 optem
513 625 778 685 pauperibus
802 623 960 668 famem
974 659 986 679 ‚
1023 639 1112 684 quo
1134 624 1291 683 possim
1312 624 1501 668 vendere

115 697 238 756 quod
273 697 468 741 servavi?
498 696 567 741 Ad
589 698 671 740 hoc
691 712 762 740 me
784 695 993 740 adducis?
1017 694 1103 740 Sed
1123 709 1210 738 non
1231 709 1280 737 ea
1302 693 1499 749 faciunt,

115 767 288 827 inquis,
312 765 511 826 agricolae
539 767 656 810 boni.
688 769 777 812 Nec
802 765 876 810 illa
909 765 1197 824 negotiatores
1229 764 1350 809 boni.
1386 763 1505 817 Quid

118 837 234 881 enim
253 871 264 892 ‚
285 836 415 881 etiam
436 846 479 880 et
495 836 605 881 filios
626 837 789 880 habere
810 835 977 880 malum
1004 845 1068 880 est
1084 870 1096 891 ‚
1121 835 1222 894 quia
1244 833 1422 895 quando
1445 834 1506 878 eis

117 916 248 966 caput
265 906 384 951 dolet
403 942 415 963 ‚
440 907 566 951 malae
589 916 632 951 et
653 906 850 950 infideles
872 916 1031 950 matres
1052 905 1258 964 ligaturas
1281 904 1507 964 sacrilegas

117 987 161 1021 et
182 978 495 1022 incantationes
515 979 751 1037 quaerunt?
770 979 855 1021 Ista
877 977 1225 1031 homiuummon
1237 990 1382 1019 rerum
1403 990 1508 1035 pec—

118 1058 213 1093 cata
234 1057 351 1092 sunt.
381 1052 527 1093 Potest
545 1048 652 1092 mihi
670 1049 754 1093 hoc
772 1047 916 1092 dicere
938 1047 1367 1106 negotiator.Quaere
1384 1060 1503 1104 ergo,

118 1119 333 1178 Episcope
348 1153 359 1174 ,
396 1118 771 1179 quemadmodum
806 1116 1022 1176 intelligas
1056 1117 1367 1174 negotiationes
1403 1130 1512 1176 quas

117 1189 259 1248 legisti
292 1191 338 1234 in
360 1190 596 1248 Psalteri03
620 1205 675 1233 ne
711 1188 824 1234 forte
846 1198 896 1234 tu
933 1205 1023 1233 non
1055 1187 1269 1247 intelligas
1286 1222 1298 1243 ‚
1331 1196 1375 1231 et
1394 1202 1464 1230 me
1485 1202 1511 1230 a

120 1260 416 1317 negotiatione
432 1260 677 1318 prohibeas.
690 1262 821 1303 Mone
834 1274 936 1316 ergo
948 1257 1324 1318 quemadmodum
1346 1257 1509 1301 vivam:

120 1330 156 1375 si
176 1330 311 1386 bene,
337 1330 449 1373 bene
468 1330 575 1373 mihi
597 1329 678 1373 erit
698 1348 707 1374 :
734 1344 873 1372 unum
895 1338 1042 1373 tamen
1061 1328 1150 1372 scio
1166 1362 1177 1382 ‚
1198 1327 1301 1387 quia
1322 1327 1356 1371 si
1373 1326 1513 1371 malus

126 1400 264 1456 fuero,
281 1416 369 1445 non
383 1400 620 1460 negotiatio
637 1399 744 1444 mihi
758 1398 877 1454 facit,
890 1398 965 1443 sed
981 1398 1185 1458 iniquitas
1198 1412 1309 1443 mea.
1325 1397 1514 1451 Quando

124 1486 278 1515 verum
300 1470 460 1515 dicitur
474 1504 485 1525 ‚
510 1485 599 1514 non
622 1479 686 1514 est
708 1468 829 1530 quod
850 1467 1188 1513 contradicatur.

183 1543 350 1586 XVIII.
386 1543 642 1593 Quaeramus
684 1555 787 1598 ergo
832 1554 940 1599 quas
974 1537 1132 1582 dixerit
1167 1537 1482 1596 negotiationes
1501 1572 1513 1593 ‚

123 1626 231 1671 quas
247 1626 348 1655 vere
370 1611 446 1671 qui
467 1625 558 1654 non
578 1609 807 1668 cognovit,
831 1617 924 1652 tota
947 1608 1017 1652 die
1033 1607 1186 1652 laudat
1202 1610 1513 1665 Deum.Nego-

124 1682 246 1725 tiatio
280 1690 324 1724 et
350 1680 396 1724 in
424 1695 561 1738 graeca
595 1680 744 1737 lingua
770 1678 826 1722 ab
861 1686 963 1722 actu
996 1677 1172 1732 dicitur,
1201 1686 1245 1721 et
1266 1677 1312 1720 in
1333 1676 1467 1721 latina
1488 1693 1513 1721 a

125 1760 283 1810 negato
309 1751 397 1795 otio
423 1769 433 1795 ε
464 1749 541 1794 sed
569 1750 656 1794 sive
678 1749 733 1793 ab
757 1758 880 1803 actu,
906 1747 994 1792 sive
1010 1762 1034 1790 a
1051 1755 1206 1805 negato
1229 1747 1340 1802 otio,
1365 1746 1512 1791 discu-

124 1821 260 1864 tiatur
275 1819 385 1880 quid
405 1820 473 1863 sit.
495 1820 580 1872 Qui
599 1819 715 1862 enim
735 1818 1022 1877 negotiatores
1044 1816 1234 1871 actuosi,
1255 1817 1378 1876 quasi
1397 1831 1448 1860 ex
1462 1832 1514 1861 eo

123 1889 246 1950 quod
265 1899 402 1948 agunt
433 1897 707 1948 praesumunt
724 1923 737 1942 ,
763 1903 895 1947 opera
911 1903 987 1931 sua
1007 1886 1189 1932 laudant
1203 1922 1215 1942 ,
1241 1902 1331 1931 non
1358 1902 1514 1946 perve-

124 1960 254 2005 niunt
277 1959 333 2003 ad
351 1961 532 2018 gratiam
550 1959 641 2003 Dei.
664 1961 780 2017 Ergo
800 1966 951 2002 contra
975 1956 1094 2001 illam
1112 1957 1293 2015 gratiam
1313 1966 1415 2001 sunt
1435 1971 1514 2001 ne·

126 2030 354 2088 gotiatores
374 2064 386 2084 ‚
417 2044 550 2089 quam
584 2027 863 2073 commendat
888 2023 966 2072 hic‘
992 2026 1203 2071 Psalmus.
1238 2026 1366 2071 Illam
1396 2027 1514 2071 enim

127 2100 308 2160 gratiam
328 2098 606 2145 commendat
625 2134 636 2154 ‚
660 2108 712 2142 ut
732 2112 862 2141 nemo
879 2096 933 2141 de
947 2097 1033 2141 suis
1056 2097 1261 2156 operibus
1285 2096 1509 2156 glorietur.

127 2170 355 2225 Quomodo
378 2170 570 2231 quodam
595 2169 695 2214 loco
718 2168 877 2213 dicitur
903 2187 912 2213 :
943 2186 964 2210 «
986 2167 1146 2212 Medici
1169 2183 1259 2212 non
1281 2167 1511 2212 resuscita-

129 2261 150 2284 »
168 2243 306 2286 buntl
325 2260 334 2287 z
353 2260 373 2282 n
390 2241 586 2285 deserere
608 2239 772 2284 debent
793 2240 990 2283 homines
1007 2237 1387 2284 medicinamPSed
1401 2238 1510 2299 quid

127 2322 192 2357 est
212 2314 327 2356 hoc?
350 2312 440 2356 Sub
461 2311 545 2356 isto
566 2311 743 2355 nomine
765 2309 1067 2367 intelliguntur
1087 2309 1278 2369 superbi,
1298 2308 1511 2369 pollicen-

127 2393 190 2428 tes
213 2382 396 2427 salutem
412 2381 662 2426 hominibus
679 2415 691 2436 ‚
715 2395 815 2425 cum
837 2380 1011 2425 Domini
1031 2379 1086 2424 sit
1103 2380 1215 2424 salus
1231 2382 1263 2423 2.
1280 2379 1509 2434 Quomodo

129 2468 232 2513 ergo
252 2461 405 2498 contra
424 2452 629 2508 medicos,
640 2450 686 2496 id
702 2460 782 2507 est,
799 2449 1009 2510 superbos
1020 2449 1168 2495 salutis
1182 2449 1507 2510 pollicitatores,

175 2545 186 2563 ¹
205 2537 287 2572 Psal.
302 2547 441 2580 Lxxxvu,
465 2547 519 2571 ιι.
534 2552 576 2562 -
597 2535 673 2572 21d.
692 2546 740 2578 m,
757 2545 790 2578 9.

1280 2587 1349 2630 25.
