1889 3285
451 253 691 284 ENARnAno
723 256 768 282 IN
799 253 1000 283 PsALMUM
1033 257 1149 283 wa.
1391 243 1473 281 213

101 321 179 366 ubi
221 321 366 376 audis,
394 320 528 379 gloria
548 320 738 364 victoriae
761 320 1040 377 significatur.
1064 321 1200 363 Vince
1221 319 1443 363 diabolum
1462 354 1473 374 ,

101 401 144 436 et
175 392 354 436 habebis
375 405 595 435 coronam.
624 410 644 432 «
669 390 902 435 Benedices
924 405 1128 435 coronam
1151 390 1252 433 anni
1276 390 1477 449 benigni-

104 481 125 503 »
159 462 257 507 tatis
287 471 386 506 tuae.
416 480 436 502 »
462 465 626 505 Rursus
655 460 932 505 commendat
959 460 1269 518 benignitatem
1295 461 1393 514 Dei,
1423 474 1478 503 ne

100 532 328 592 quisquam
351 530 406 574 de
428 532 513 574 suis
528 530 689 574 meritis
708 530 929 588 glorietur.

157 604 301 646 XVH.
331 620 350 642 «
371 604 426 644 Et
454 601 595 659 campi
618 602 679 644 tui
704 601 988 659 replebuntur
1010 599 1206 643 ubertate
1234 618 1242 643 ε
1274 599 1479 658 pingues-

103 691 123 714 »
158 681 258 716 cent
274 672 379 715 fines
400 672 555 715 deserti
574 706 585 725 ,
611 680 653 714 et
675 671 804 714 colles
821 672 1084 716 exultatione
1108 670 1385 727 accingentur
1402 671 1433 712 1.
1454 687 1474 708 »

99 742 278 801 Campi,
316 741 472 796 colles,
510 742 617 785 fines
661 740 845 796 deserti,
882 741 1014 785 iidem
1043 741 1121 800 ipsi
1142 749 1243 784 sunt
1263 739 1475 783 homines.

99 814 250 872 Campi
272 822 449 871 propter
475 811 765 871 {equalitatem
794 832 802 856 ·.
829 827 931 870 ergo
954 820 1130 870 propter
1151 809 1443 870 aequalitatem
1465 843 1476 863 ,

98 883 200 927 inde
218 883 320 927 dicti
342 892 442 926 sunt
463 883 603 941 campi
626 882 778 942 populi
794 883 914 942 justi.
946 881 1087 927 Colles
1110 890 1288 940 propter
1302 881 1481 924 erectio-

49 982 61 987 -
97 970 198 998 nem
225 974 233 998 z
259 955 360 1014 quia
382 954 506 1012 erigit
529 955 572 997 in
596 969 638 997 se
661 957 773 997 Deus
798 969 868 997 eos
898 954 973 1013 qui
1004 970 1047 997 se
1069 952 1315 996 humiliant.
1352 952 1481 995 Fines

97 1024 269 1079 deserti,
286 1040 434 1068 omnes
455 1026 629 1068 Gentes.
656 1027 798 1077 Quare
820 1025 927 1067 fines
942 1023 1098 1067 deserti
1116 1025 1134 1066 Ρ
1156 1022 1319 1066 Deserti
1337 1029 1475 1075 erant,

96 1094 242 1138 nullus
262 1094 317 1138 ad
333 1110 403 1138 eos
423 1095 637 1153 Propheta
650 1095 801 1137 missus
817 1103 906 1137 erat
934 1113 942 1137 :
968 1094 1026 1137 sic
1049 1092 1242 1137 erantilli
1255 1091 1478 1153 quomodo

96 1180 286 1218 eremus,
313 1181 398 1223 qua
416 1180 505 1208 non
528 1164 680 1207 transit
696 1165 842 1207 homo.
868 1162 1048 1207 Nullum
1070 1163 1252 1207 verbum
1277 1163 1352 1206 Dei
1380 1162 1481 1205 mis-

95 1250 190 1278 sum
213 1245 276 1278 est
297 1234 351 1278 ad
374 1236 532 1278 Gentes
551 1254 559 1277 :
580 1233 658 1277 soli
680 1233 843 1292 populo
867 1233 997 1277 Israel
1011 1232 1357 1291 praedicaverunt
1369 1236 1479 1276 Pro-

94 1306 253 1364 phetae.
280 1307 471 1348 Ventum
506 1313 568 1346 est
598 1302 653 1346 ad
676 1304 932 1357 Dominum,
965 1303 1244 1346 crediderunt
1261 1301 1480 1346 frumenta

93 1375 140 1419 in
171 1376 263 1434 ipso
297 1375 462 1434 populo
501 1373 770 1418 Judaeorum.
808 1376 917 1418 Nam
951 1373 1057 1416 dixit
1082 1382 1188 1417 tunc
1210 1372 1438 1431 Discipulis
1466 1391 1474 1417 :

97 1465 118 1488 «
151 1446 301 1490 Dicitis
323 1444 425 1505 quia
457 1444 585 1502 longe
607 1453 670 1487 est
688 1444 831 1487 messis
847 1478 857 1497 ,
883 1444 1100 1502 respicite,
1121 1451 1163 1486 et
1196 1443 1340 1486 videte
1377 1443 1478 1503 quia

96 1534 116 1557 »
152 1515 263 1560 albae
294 1525 396 1560 sunt
436 1516 630 1574 regiones
665 1515 721 1558 ad
755 1529 935 1557 messem
953 1517 985 1556 2.
1010 1532 1029 1553 »
1060 1514 1163 1557 Fuit
1195 1529 1297 1571 ergo
1330 1514 1478 1558 messis

91 1587 257 1646 prima,
292 1587 373 1630 erit
404 1586 594 1630 secunda
624 1585 671 1628 in
709 1584 866 1629 ultimo
894 1583 1067 1628 saeculo.
1094 1584 1242 1628 Messis
1264 1584 1402 1643 prima
1423 1584 1478 1629 de

93 1655 256 1700 Judaeis
271 1691 282 1711 ,
302 1656 403 1715 quia
424 1655 712 1699 mittebantur
729 1655 784 1698 ad
808 1654 904 1698 illos
927 1655 1156 1713 Prophetae
1170 1655 1477 1699 annuntiantes

91 1737 326 1772 venturum
349 1727 632 1771 Salvatorem.
658 1725 762 1770 Ideo
785 1725 890 1768 dixit
905 1723 1132 1784 Discipulis
1147 1725 1231 1769 suis
1248 1726 1475 1770 Dominus:

96 1817 118 1840 «
151 1796 308 1841 Videte
334 1796 435 1856 quia
458 1795 568 1839 albae
591 1804 694 1838 sunt
714 1795 908 1853 regiones
930 1793 984 1836 ad
1005 1808 1186 1837 messem
1205 1813 1214 1838 :
1237 1812 1257 1835 »
1283 1794 1478 1852 regiones

92 1867 245 1926 utique
268 1865 449 1910 Judceae.
480 1884 498 1906 «
523 1864 634 1919 Alii,
662 1864 832 1924 inquit,
871 1863 1180 1907 laboraverunt
1200 1898 1210 1918 ,
1244 1873 1288 1908 et
1320 1880 1396 1908 vos
1432 1866 1478 1909 in

96 1957 116 1979 »
151 1953 301 1981 eorum
325 1936 494 1980 labores
516 1935 703 1979 intrastis
719 1937 750 1978 3.
780 1954 799 1976 n
826 1930 1154 1978 Laboraverunt
1180 1936 1409 1994 Prophetae
1428 1945 1477 1981 ut

92 2008 377 2060 seminarent,
398 2021 472 2050 vos
507 2021 607 2049 cum
639 2005 748 2048 falce
776 2004 963 2048 intrastis
1001 2004 1056 2048 ad
1085 2004 1260 2048 iliorum
1287 2004 1471 2050 labores.

93 2081 224 2121 Facta
263 2086 326 2120 est
352 2091 454 2135 ergo
476 2077 614 2135 prima
639 2075 784 2119 messis
812 2095 819 2118 ι
844 2084 887 2118 et
914 2074 1016 2118 inde
1049 2074 1102 2118 de
1136 2075 1227 2133 ipso
1256 2073 1476 2120 frumento

92 2147 212 2208 quod
234 2157 338 2191 tunc
366 2156 598 2206 purgatum
622 2155 710 2197 est,
740 2145 973 2189 seminatus
1004 2155 1068 2189 est
1093 2145 1208 2189 orbis
1241 2155 1472 2202 terrarum,

92 2227 141 2262 ut
162 2227 309 2275 surgat
327 2217 409 2261 alia
429 2217 574 2260 messis
592 2232 689 2276 quae
711 2216 756 2259 in
778 2216 865 2259 fine
885 2214 1087 2259 metenda
1109 2225 1185 2259 est.
1215 2218 1266 2259 Iu
1288 2217 1477 2261 secunda

91 2302 227 2331 messe
254 2286 590 2345 superseminata
616 2295 717 2329 sunt
746 2285 929 2339 zizania,
954 2284 1085 2329 modo
1126 2285 1196 2329 hic
1235 2285 1471 2330 laboratur.

93 2358 319 2410 Quomodo
341 2357 385 2400 in
408 2356 481 2400 illa
503 2357 641 2416 prima
663 2356 972 2400 laboraverunt
987 2356 1217 2415 Prophetae
1246 2372 1476 2416 quousque

92 2428 258 2471 veniret
281 2427 487 2471 Dominus
509 2447 516 2471 :
544 2428 602 2470 sic
633 2427 678 2470 in
699 2427 776 2470 ista
799 2425 987 2470 secunda
1008 2425 1317 2470 laboraverunt
1338 2430 1476 2486 Apos-

93 2496 168 2541 toli
186 2532 196 2551 ,
222 2505 264 2539 et
277 2512 426 2540 omnes
447 2496 750 2556 praedicatores
771 2496 961 2540 veritatis
982 2495 1184 2539 laborant
1199 2531 1211 2553 ,
1241 2510 1475 2555 quousque

142 2581 246 2621 [Psoi.
265 2591 351 2618 miv,
376 2581 425 2611 13.
450 2597 483 2602 —-
507 2587 519 2602 2
544 2583 635 2611 Joan.
652 2591 694 2612 iv.
717 2580 768 2611 35.
789 2597 829 2602 ——
851 2578 863 2601 3
888 2580 967 2611 ibid.
991 2580 1042 2611 38.
