1889 3285
269 240 512 272 ENARRAno
543 245 559 271 1
590 244 636 271 m
666 240 870 271 PsALMUM
900 242 1002 281 Lxx,
1035 239 1175 269 SERMO
1205 243 1236 268 1.
1372 229 1455 269 383

79 307 303 352 extorserit
322 317 373 351 ut
394 307 474 351 tibi
495 306 720 366 displiceat
746 310 861 351 Deus
883 306 929 350 in
950 306 1015 350 his
1047 321 1147 365 quae
1174 305 1330 364 pateris
1344 339 1356 359 ‚
1381 314 1458 349 aut

77 387 129 422 ut
145 378 285 423 oderis
305 378 502 422 homines
519 392 597 436 per
618 392 726 436 quos
744 376 902 436 pateris
918 411 929 431 ‚
951 390 1042 419 non
1063 375 1350 419 committitur
1370 374 1458 418 ani-

78 463 148 492 ma
164 457 240 493 tua
266 467 275 493 ε
299 463 476 492 securus
497 447 602 492 dicis
623 447 744 507 quod
762 447 957 507 sequitur
978 465 987 490 ε
1013 464 1033 487 «
1057 448 1152 504 Ego
1175 455 1320 490 autem
1342 460 1458 489 sem-

82 536 103 560 »
138 533 215 578 per
249 519 296 562 in
320 527 363 564 te
395 518 599 578 sperabo,
637 527 681 561 et
717 517 915 577 adjiciam
936 531 1065 575 super
1086 530 1261 559 omnem
1283 514 1459 559 laudem

81 607 103 631 »
138 598 259 633 tuam
274 591 307 632 ¹.
327 606 348 630 »
376 588 489 641 Quid
510 598 574 633 est
594 589 703 634 hoc?
720 591 896 633 Movere
919 603 997 631 nos
1019 585 1153 630 debet
1167 621 1179 641 ‚
1206 604 1226 628 «
1249 585 1461 645 Adjiciam

84 677 103 701 »
138 674 266 718 super
297 674 472 702 omnem
502 658 678 702 laudem
709 667 844 702 tuam.
869 675 889 699 n
915 655 1230 702 Perfectionem
1267 655 1461 700 facturus

80 744 124 773 es
143 728 318 772 laudem
340 728 443 773 Dei?
464 731 541 772 Est
562 727 729 788 aliquid
762 727 881 788 quod
899 726 1286 787 superadjiciatur?
1306 726 1348 770 Si
1368 726 1460 785 jam

81 798 220 843 omnis
259 797 333 842 illa
360 797 455 842 laus
489 807 553 842 est
572 833 583 853 ,
613 807 664 841 tu
695 797 803 857 quid
834 796 1081 857 adjecturus
1114 798 1196 840 es?
1239 794 1462 840 Laudatus

80 877 145 912 est
164 871 278 912 Deus
306 867 352 911 in
381 868 584 912 omnibus
614 868 739 911 bonis
768 866 891 911 factis
919 866 1029 921 suis,
1057 867 1103 910 in
1124 865 1244 910 omni
1265 873 1462 909 creatura

80 953 179 993 sua,
217 938 264 981 in
284 938 405 982 omni
436 937 710 981 institutione
743 951 890 980 rerum
920 936 1144 990 omnium,
1177 936 1223 979 in
1245 934 1464 993 guberna-

76 1008 196 1052 tione
217 1016 261 1051 et
298 1007 504 1064 regimine
534 1007 793 1051 saeculorum
807 1042 822 1062 ,
853 1007 898 1050 in
929 1005 1084 1050 ordine
1115 1015 1362 1064 temporum
1381 1038 1392 1058 ‚
1417 1004 1464 1046 in

77 1077 314 1121 eminentia
335 1076 461 1132 coeli,
481 1077 525 1120 in
550 1075 838 1120 foecunditate
862 1085 1075 1119 terrarum
1091 1110 1102 1129 ‚
1145 1075 1191 1117 in
1222 1071 1463 1118 circumfu-

76 1147 196 1191 sione
217 1147 366 1202 maris,
391 1147 436 1190 in
454 1146 573 1190 omni
593 1145 895 1206 praepollentia
916 1144 1131 1189 nascentis
1151 1143 1318 1203 ubique
1339 1158 1462 1186 crea-

77 1226 186 1261 turae
206 1251 217 1271 ‚
247 1217 293 1260 in
313 1217 414 1276 ipsis
436 1216 533 1260 filiis
555 1217 807 1270 hominum,
831 1215 879 1258 in
901 1214 1045 1258 danda
1065 1213 1161 1272 lege
1177 1247 1188 1268 ‚
1209 1212 1254 1256 in
1274 1212 1465 1255 liberan-

78 1286 143 1330 dis
175 1285 261 1329 suis
297 1301 322 1329 a
358 1286 608 1344 captivitate
636 1285 974 1342 AEgyptiorum‚
1010 1292 1053 1326 et
1074 1282 1240 1326 caeteris
1262 1281 1466 1325 omnibus

78 1354 348 1400 mirabilibus
370 1354 457 1398 suis
478 1374 486 1398 ;
513 1353 712 1398 nondum
733 1362 825 1396 erat
846 1352 1049 1396 laudatus
1067 1352 1111 1395 in
1135 1367 1185 1395 eo
1202 1350 1321 1411 quod
1338 1350 1469 1395 susci-

79 1426 186 1470 tavit
207 1440 381 1470 carnem
397 1425 444 1468 in
464 1425 597 1468 vitam
621 1433 844 1467 aeternam.
879 1423 943 1467 Sit
960 1438 1064 1481 ergo
1085 1423 1165 1466 ista
1182 1421 1276 1465 laus
1298 1422 1467 1481 adjecta

79 1512 156 1556 per
195 1496 555 1540 resurrectionem
594 1493 767 1538 Domini
803 1492 939 1536 nostri
962 1495 1064 1535 Jesu
1089 1492 1248 1536 Christi
1275 1510 1284 1535 2
1315 1491 1369 1534 ut'
1397 1491 1468 1534 hic

80 1568 171 1627 ejus
201 1581 353 1611 vocem
383 1565 674 1622 intelligamus
706 1578 835 1622 super
871 1577 1046 1606 omnem
1067 1561 1242 1605 laudem
1271 1561 1468 1620 praeteri-

82 1646 171 1681 tam
196 1656 205 1681 ε
231 1637 290 1681 sic
312 1637 396 1680 hoc
418 1645 462 1679 et
482 1643 597 1678 recte
619 1632 917 1691 intelligimus.
945 1631 1059 1684 Quid
1075 1666 1087 1686 ,
1108 1641 1158 1674 tu
1180 1630 1292 1675 forte
1314 1646 1469 1689 pecca-

82 1715 150 1751 tor
167 1741 177 1761 ,
198 1706 275 1766 qui
289 1705 473 1749 timebas
491 1703 704 1748 committi
723 1703 911 1745 animam
934 1710 1055 1744 tuam
1073 1735 1084 1755 ‚
1110 1700 1186 1759 qui
1208 1701 1253 1744 in
1268 1701 1361 1759 ipso
1378 1700 1470 1745 solo

83 1778 284 1838 sperabas
303 1811 314 1831 ‚
340 1785 392 1819 ut
427 1792 451 1819 a
471 1775 610 1834 prima
639 1772 712 1817 illa
750 1772 1000 1831 captivitate
1023 1771 1290 1826 liberareris,
1315 1771 1392 1830 qui
1413 1771 1470 1815 de

78 1847 246 1906 justitia
281 1855 358 1890 tua
386 1860 476 1888 non
502 1842 816 1902 praesumebas,
848 1839 924 1884 sed
946 1839 1001 1884 de
1035 1840 1170 1897 gratia
1199 1839 1314 1883 illius
1337 1855 1470 1899 quam

84 1915 362 1961 commendat
382 1914 454 1958 hic
475 1912 692 1966 Psalmus,
723 1910 830 1970 quid
847 1945 858 1965 ‚
890 1919 939 1953 tu
961 1908 1133 1969 adjicies
1157 1908 1323 1968 aliquid
1343 1924 1472 1968 super

86 2002 263 2032 omnem
298 1984 474 2029 laudem
501 1983 613 2028 Dei?
646 1980 857 2041 Adjiciam
876 2015 887 2035 ,
911 1980 1070 2040 inquit.
1106 1980 1342 2024 Videamus
1364 1978 1473 2040 quid

86 2056 273 2117 adjiciat.
288 2058 437 2099 Posset
458 2068 546 2096 esse
563 2051 703 2096 omnis
719 2050 813 2094 laus
836 2058 928 2106 tua,
945 2059 989 2093 et
1003 2049 1113 2093 nihil
1131 2049 1309 2093 omnino
1327 2049 1472 2093 deesse

86 2126 308 2172 videretur
330 2123 385 2168 ad
413 2121 584 2166 laudem
608 2130 730 2165 tuam
758 2139 766 2164 :
792 2120 894 2179 quia
915 2128 959 2163 et
986 2118 1097 2162 nihil
1118 2119 1278 2174 desset,
1299 2119 1332 2162 si
1350 2118 1474 2162 dam—

89 2211 213 2241 nares
235 2209 385 2239 omnes
401 2193 586 2252 iniquos.
612 2193 711 2236 Non
732 2190 849 2234 enim
868 2205 958 2233 non
980 2198 1089 2233 esset
1104 2204 1259 2246 magna
1279 2188 1373 2232 laus
1395 2188 1474 2233 Dei

83 2266 250 2328 justitia
266 2265 357 2324 ipsa
379 2279 466 2323 qua
484 2261 624 2321 iniqui
645 2261 910 2304 damnantur
931 2279 939 2304 :
964 2275 1121 2318 magna
1142 2259 1236 2303 laus
1258 2262 1474 2303 esset.Fe-

90 2337 186 2382 cisti
206 2335 429 2380 hominem
445 2368 456 2388 ,
481 2332 639 2377 dedisti
661 2332 700 2375 ei
721 2331 909 2375 liberum
932 2331 1185 2386 arbitrium,
1211 2331 1257 2373 in
1278 2328 1474 2389 paradiso

92 2405 327 2460 collocasti,
342 2411 611 2463 praeceptum
632 2401 875 2461 imposuisti
893 2421 904 2459 3
928 2409 1129 2455 mortem,
1153 2399 1187 2443 si
1208 2408 1475 2459 praeceptum

96 2477 288 2532 violaret,
302 2473 582 2536 justissimam
599 2470 890 2528 denuntiasti3
913 2470 1021 2516 nihil
1042 2485 1134 2515 non
1154 2468 1320 2525 fecisti,
1345 2483 1474 2512 nemo

141 2569 150 2585 ¹
173 2561 253 2594 Psal.
271 2571 344 2602 Lxx,
363 2558 415 2601 14.
