1889 3285
286 254 525 284 mannum
556 257 571 282 1
603 256 649 283 m
681 255 883 283 PsALMUM
915 255 1014 293 Lxx,
1048 253 1186 282 smnio
1218 256 1248 281 1.
1373 242 1456 281 377

81 321 150 366 tiis
169 356 181 376 ,
206 321 253 364 in
280 320 440 380 rapinis
460 355 470 375 ,
510 320 554 363 in
575 319 852 365 saecularibus
873 319 1158 379 dignitatibus
1176 354 1187 374 ,
1212 319 1258 363 in
1278 318 1460 363 dealba-

81 391 200 435 tione
220 389 326 434 lutei
346 390 520 449 parietis
539 424 550 444 ,
590 390 636 432 in
657 390 722 433 his
750 390 943 434 exultant
970 409 979 434 :
1005 389 1181 433 ambulo
1211 398 1357 432 autem
1379 404 1459 447 ego

79 462 126 505 in
145 461 261 505 viam
285 460 555 514 dissimilem,
578 469 861 504 contemnens
886 477 934 504 ea
957 476 1055 519 quae
1077 458 1303 518 praesentia
1327 469 1456 513 sunt,

81 539 123 574 et
147 531 301 574 timens
323 530 452 573 etiam
474 545 678 588 prospera
701 529 845 573 saeculi
864 565 874 585 ,
909 545 987 573 nec
1006 528 1165 572 alicubi
1185 544 1358 572 securus
1379 529 1460 572 nisi

80 601 125 644 in
143 600 359 660 promissis
382 600 474 643 Dei.
499 603 555 644 Et
577 599 661 654 illi,
693 619 713 642 «
737 600 1050 644 Manducemus
1068 608 1111 642 et
1133 599 1346 653 bibamus,
1368 614 1460 642 cras

82 688 103 711 »
138 670 255 713 enim
273 670 510 714 moriemur
525 672 555 713 ¹.
583 688 603 711 »
627 670 743 723 Quid
766 670 823 713 ais
839 671 856 713 P
871 673 1055 728 Repete,
1085 689 1103 711 «
1126 667 1457 722 Manducemus,

82 758 102 781 »
137 740 305 800 inquit,
331 749 373 783 et
393 739 606 783 bibamus.
635 759 654 780 »
678 743 768 798 Age
786 775 796 794 ,
819 739 925 800 quid
947 748 1095 798 postea
1117 738 1296 783 dixisti?
1323 759 1341 779 (1
1358 741 1461 783 Cras

82 827 102 850 »
138 809 253 852 enim
276 810 526 853 moriemur.
556 828 575 850 »
600 809 803 853 Terruisti
819 845 829 863 ,
866 825 954 853 non
977 808 1197 853 seduxisti.
1224 807 1357 852 Plane
1379 809 1462 852 hoc

79 880 171 939 ipso
193 879 314 939 quod
334 888 480 939 postea
503 879 669 935 dixisti,
693 880 907 923 incussisti
932 881 1038 923 1111111
1055 880 1255 923 timorem
1271 914 1282 933 ,
1309 894 1363 922 ne
1384 879 1462 922 tibi

79 950 362 994 consentiam.
395 968 414 990 α
431 952 534 994 Cras
552 950 666 993 enim
683 950 918 993 moriemur
937 985 948 1002 ,
977 967 996 989 »
1018 949 1159 993 dixisti
1182 968 1190 993 :
1215 958 1258 993 et
1279 964 1464 1007 praeces-

78 1020 157 1074 sit,
188 1019 546 1064 «Manducemus
585 1030 628 1065 et
665 1020 877 1065 bibamus.
912 1039 931 1061 »
963 1022 1077 1065 Cum
1114 1020 1229 1063 enim
1257 1019 1461 1074 dixisses,

83 1108 104 1132 «
136 1089 450 1134 Manducemus
483 1099 525 1133 et
564 1090 762 1134 bibamus
788 1110 797 1134 ;
825 1108 845 1131 »
871 1089 1126 1149 adjunxisti,
1156 1108 1176 1130 «
1206 1091 1310 1133 Cras
1348 1089 1464 1132 enim

82 1177 102 1200 »
138 1159 389 1203 moriemur.
416 1178 436 1200 »
467 1160 584 1203 Audi
612 1168 762 1204 contra
797 1175 821 1203 a
853 1175 922 1203 me
949 1179 958 1203 ε
991 1178 1010 1200 «
1032 1162 1128 1202 Imo
1156 1159 1402 1218 jejunemus
1422 1167 1465 1202 et

81 1245 103 1269 »
139 1243 333 1283 oremus,
359 1245 452 1272 cras
473 1230 589 1272 enim
611 1229 862 1273 moriemur.
887 1246 906 1269 »
930 1232 1051 1273 Hanc
1067 1229 1183 1272 viam
1197 1237 1349 1271 tenens
1371 1242 1466 1271 arc-

80 1307 167 1342 tam
201 1307 245 1342 et
283 1308 510 1357 angustam
527 1333 537 1352 ,
583 1317 603 1340 α
641 1301 866 1358 Tanquam
905 1297 1152 1357 prodigium
1188 1296 1328 1341 factus
1369 1312 1465 1340 sum

82 1385 103 1409 »
138 1367 286 1411 multis
327 1388 337 1413 ι
370 1367 446 1411 sed
480 1376 528 1410 tu
564 1367 736 1428 adjutor
768 1366 906 1411 fortis.
944 1385 964 1407 »
992 1366 1181 1421 Adesto,
1220 1382 1245 1410 o
1281 1366 1466 1410 Domine

80 1441 183 1482 Jesu
200 1473 211 1493 ,
237 1438 313 1498 qui
334 1439 441 1482 mihi
470 1437 586 1481 dicas
613 1457 621 1482 ε
657 1438 756 1483 Noli
785 1438 970 1483 deficere
992 1438 1037 1481 in
1060 1438 1128 1482 via
1151 1446 1332 1496 angusta
1347 1472 1358 1490 ,
1385 1452 1466 1495 ego

79 1509 198 1568 prior
220 1509 383 1563 transii,
407 1523 487 1567 ego
509 1524 605 1552 sum
635 1508 727 1567 ipsa
758 1508 852 1552 via²
873 1543 883 1563 ,
909 1523 989 1566 ego
1012 1507 1142 1562 duco,
1166 1508 1213 1550 in
1235 1523 1304 1550 me
1326 1506 1436 1551 duco
1451 1542 1462 1562 ,

81 1577 136 1621 ad
170 1593 240 1621 me
272 1577 480 1638 perduco.
518 1581 633 1635 Ergo
656 1578 853 1637 quamvis
879 1597 898 1618 «
926 1577 1179 1635 Prodigium
1207 1576 1349 1620 factus
1370 1592 1466 1620 sum

84 1666 104 1689 »
139 1647 285 1692 multis
304 1667 311 1692 :
331 1657 510 1692 »tamen
531 1663 620 1691 non
642 1648 822 1701 timebo,
847 1647 950 1706 quia
972 1666 991 1688 «
1014 1650 1079 1690 Tu
1103 1646 1275 1706 adjutor
1296 1647 1462 1691 fortis.»

137 1721 194 1762 X.
227 1737 246 1759 «
270 1717 507 1776 Repleatur
529 1733 574 1761 os
601 1732 746 1760 meum
770 1716 918 1771 laude,
944 1726 992 1760 ut
1013 1717 1180 1773 hymno
1211 1716 1351 1760 dicam
1370 1716 1466 1775 glo-

83 1807 105 1830 »
141 1789 248 1832 riam
269 1797 413 1838 tuam3
442 1797 530 1831 tota
551 1788 620 1831 die
642 1787 1010 1844 magnificentiam
1033 1795 1153 1830 tuam
1167 1787 1198 1829 3.
1214 1785 1364 1839 »Quid
1385 1796 1464 1842 est,

85 1878 106 1901 «
144 1862 251 1902 Tota
273 1857 373 1901 die?
393 1876 412 1898 »
442 1858 541 1901 Sine
564 1857 893 1901 intermissione.
917 1860 968 1900 In
990 1857 1220 1915 prosperis,
1241 1857 1342 1916 quia
1360 1872 1468 1900 con-

81 1928 255 1984 solaris,
281 1928 326 1970 in
344 1926 555 1981 adversis,
582 1927 683 1986 quia
701 1926 875 1983 corrigis
897 1945 905 1968 ;
929 1935 1165 1985 antequam
1183 1940 1315 1969 essem
1333 1961 1344 1980 ,
1366 1926 1468 1985 quia

82 1996 221 2041 fecisti
239 2017 250 2053 3
270 2011 371 2039 cum
393 2012 543 2050 essem,
561 1996 663 2055 quia
680 1994 864 2039 salutem
882 1994 1037 2038 dedisti
1059 2014 1068 2039 :
1090 2011 1191 2038 cum
1207 2010 1465 2054 peccassem,

82 2067 186 2127 quia
206 2066 407 2125 ignovisti
427 2086 436 2123 3
457 2081 555 2109 cum
581 2080 813 2109 conversus
838 2080 989 2118 essem,
1008 2065 1110 2124 quia
1127 2064 1348 2124 adjuvisti3
1368 2081 1467 2110 cum

82 2151 417 2197 perseverassem
434 2171 444 2187 ,
481 2137 584 2196 quia
613 2139 844 2180 coronasti.
871 2139 934 2179 Ita
959 2135 1085 2194 piane
1122 2155 1141 2177 «
1167 2135 1403 2194 Repleatur
1424 2152 1470 2180 os

87 2226 107 2247 »
144 2221 290 2250 meum
309 2205 455 2260 laude,
480 2215 530 2249 ut
552 2207 717 2262 hymno
741 2205 885 2250 dicam
910 2204 1090 2263 gloriam
1113 2215 1232 2249 tuam
1253 2226 1264 2264 3
1288 2215 1378 2250 tota
1399 2206 1470 2250 die

86 2296 106 2319 »
141 2277 504 2335 magnificentiam
528 2286 663 2319 tuam.
688 2295 708 2317 »

149 2348 228 2390 XI.
273 2365 293 2387 «
321 2348 382 2390 Ne
413 2345 610 2405 projicias
648 2361 717 2389 me
754 2346 798 2389 in
833 2355 1029 2404 tempore
1052 2345 1284 2390 senectutis
1304 2347 1335 2389 4.
1366 2348 1469 2405 Spes

87 2435 108 2458 »
139 2431 236 2460 mea
253 2431 276 2459 a
292 2416 524 2475 juventute
543 2430 655 2470 mea,
672 2430 727 2458 ne
745 2415 944 2475 projicias
962 2430 1030 2458 me
1051 2415 1097 2458 in
1115 2425 1310 2475 tempore
1327 2431 1469 2460 senec-

89 2504 109 2527 »
143 2486 262 2530 tutis.
291 2503 310 2525 »
337 2483 461 2537 Quod
485 2494 547 2529 est
572 2485 655 2529 hoc
677 2495 848 2545 tempus
881 2486 1138 2529 senectutis?
1165 2505 1184 2527 «
1216 2487 1329 2530 Cum
1358 2484 1469 2529 defi-

136 2577 145 2593 ¹
170 2582 181 2603 1
202 2572 342 2612 Coinxv,
363 2570 413 2602 32.
437 2587 475 2593 ——-
496 2577 508 2593 2
523 2573 614 2603 Jnan.
637 2581 701 2611 xiv,
724 2570 755 2601 6.
777 2587 818 2593 ——
834 2569 846 2593 3
866 2571 945 2602 Psal.
967 2581 1039 2611 Lxx,
1060 2570 1092 2603 8.
1113 2583 1153 2592 -Α
1175 2569 1289 2602 41bid.
1311 2581 1344 2611 9.
