1889 3285
402 265 643 295 ENARnAno
675 269 721 294 IN
753 267 955 295 PsALMnM
987 268 1091 294 Lvn.
1367 252 1416 291 51

46 332 208 392 quippe
233 332 555 390 corruptionem
577 331 715 375 carnis
745 332 789 374 in
812 347 899 391 qua
921 330 1122 384 doleant,
1152 343 1241 372 non
1263 328 1308 371 in
1337 342 1425 387 qua

46 403 286 446 moriantur
310 421 318 445 :
344 400 506 460 alioqui
528 410 570 444 et
592 399 655 443 illi
680 400 849 444 dolores
872 400 1115 444 finirentur.
1150 400 1270 441 Tunc
1290 397 1425 456 spinae

45 471 160 515 illius
188 471 385 525 rhamni,
431 469 476 513 id
508 479 593 525 est,
629 469 798 514 dolores
822 485 970 514 omnes
1001 478 1044 513 et
1069 467 1427 527 compunctiones

45 551 363 586 tormentorum
377 539 689 600 producentur.
707 540 864 593 Quales
882 541 1024 599 spinas
1041 539 1262 598 patientur
1275 535 1335 580 illi
1350 536 1428 595 qui

0 654 2 658 ,
47 610 200 656 dicturi
221 619 323 654 sunt
356 630 365 655 :
403 630 424 652 «
445 609 501 654 Hi
523 618 624 653 sunt
647 626 757 669 quos
777 609 1011 670 aliquando
1033 608 1265 653 habuimus
1293 609 1339 650 in
1366 607 1427 650 ri-

0 715 1 721 ,
53 700 69 722 »
104 695 200 724 sum
220 682 232 705 1
262 699 270 724 z
296 698 316 720 »
341 680 483 739 spinas
511 680 859 738 compunctionis
892 678 1191 738 poenitentiae3
1221 675 1298 721 sed
1323 691 1435 720 serae.

47 759 90 793 et
110 749 415 804 infructuosae,
441 750 550 793 sicut
575 750 797 808 spinarum
822 749 1033 794 sterilitas.
1057 747 1320 792 Poenitentia
1341 747 1430 790 hu-

41 822 112 880 jus
137 820 353 878 temporis,
373 818 498 863 dolor
517 818 784 864 medicinalis
799 829 863 863 est
885 838 893 864 :
913 818 1172 878 poenitentia
1189 816 1304 861 illius
1319 826 1430 860 tem-

0 929 1 933 ,
47 890 186 949 poris,
215 889 341 934 dolor
371 888 554 948 poenalis
583 898 659 933 est.
694 892 790 935 Non
823 890 885 934 vis
917 889 1011 933 illas
1044 889 1133 948 pati
1161 888 1329 947 spinas?
1358 887 1429 931 hic

2 981 3 986 ¹
46 975 338 1020 compungere
355 960 486 1019 spinis
501 960 794 1019 poenitentiae3
810 969 860 1003 ut
877 959 1006 1003 facias
1018 958 1138 1019 quod
1149 958 1316 1003 dictum
1333 966 1398 1002 est
1417 973 1427 999 ε

2 1068 3 1072 ,
51 1050 71 1073 «
104 1033 347 1075 Conversus
369 1046 464 1074 sum
495 1030 541 1073 in
564 1045 757 1074 aerumna
773 1065 784 1085 ,
819 1045 919 1073 cum
945 1030 1236 1087 configeretur
1262 1028 1387 1087 spina
1414 1045 1426 1074 ι

2 1123 5 1137 ‹
50 1119 70 1143 »
105 1111 331 1160 peccatum
361 1117 508 1144 meum
538 1102 746 1159 cognovi,
787 1111 830 1145 et
861 1100 1137 1160 iniquitatem
1172 1114 1312 1143 meam
1341 1114 1432 1142 non

49 1189 70 1212 »
105 1172 253 1230 operui
270 1170 382 1228 ,dixi
406 1191 414 1215 ε
436 1172 735 1215 pronuntiabo
759 1171 961 1215 adversus
974 1186 1043 1214 mc
1057 1170 1266 1214 delictum
1284 1184 1432 1212 meum

51 1259 70 1282 »
105 1242 306 1296 Domino,
327 1251 370 1285 et
386 1251 435 1285 tu
455 1241 652 1284 remisisti
673 1241 940 1300 impietatem
954 1239 1095 1284 cordis
1113 1240 1237 1283 mei‘ss.
1258 1258 1277 1280 >›
1297 1238 1431 1283 Modo

0 1330 6 1353 ς
46 1309 115 1355 fac
130 1346 141 1366 ,
161 1310 293 1356 modo
310 1326 602 1370 compungere
622 1332 632 1368 3
653 1326 741 1355 non
759 1311 804 1354 in
822 1320 864 1354 te
880 1311 956 1355 fiat
972 1310 1094 1371 quod.
1112 1310 1277 1354 dictum
1294 1318 1356 1353 est
1376 1307 1432 1352 de

47 1381 308 1441 quibusdam
327 1381 700 1426 destestabilibus:
723 1400 742 1422 «
758 1382 926 1426 Discissi
942 1386 1059 1436 Sunt,
1080 1397 1160 1425 nec
1178 1379 1433 1440 compuncti

0 1480 1 1485 η
50 1470 70 1493 »
89 1453 260 1496 sunt3.»
276 1452 501 1496 Attendite
517 1452 592 1512 qui
612 1450 774 1496 discissi
796 1462 913 1508 sunt,
935 1467 1015 1496 nec
1035 1452 1286 1511 compuncti
1307 1459 1426 1494 sunt.

2 1527 5 1529 ’
47 1521 212 1567 Videtis
234 1521 450 1577 discissos,
475 1531 519 1565 et
544 1538 634 1566 non
655 1522 806 1566 videtis
823 1532 1123 1582 compunctos.
1141 1526 1254 1566 Ecce
1274 1530 1433 1581 praeter

0 1597 7 1635 ἰ
46 1592 281 1636 Ecclesiam
303 1601 426 1646 sunt,
452 1601 496 1636 et
517 1608 607 1635 non
628 1608 699 1636 eos
720 1593 922 1650 poenitet,
947 1602 996 1635 ut
1011 1593 1191 1635 redeant
1210 1591 1329 1634 unde
1343 1591 1433 1634 dis—

0 1662 5 1708 i
47 1662 140 1707 cissi
160 1672 275 1706 sunt.
295 1661 514 1706 Producet
528 1670 672 1718 postea
687 1661 828 1720 spinas
851 1676 1002 1705 eorum
1023 1662 1245 1704 rhamnus.
1265 1659 1433 1705 Nolunt

5 1789 8 1794 Ι
47 1733 346 1778 modohabere
358 1733 740 1792 compunctionem
759 1731 1076 1786 medicinalem,
1096 1732 1326 1775 habebunt
1338 1746 1434 1790 pos-

0 1842 7 1860 ,
47 1813 116 1848 tea
133 1803 367 1864 poenalem.
389 1803 473 1848 Sed
490 1803 619 1847 etiam
642 1803 773 1848 modo
785 1804 903 1862 prius
919 1818 1051 1862 quam
1064 1801 1277 1862 producat
1289 1803 1432 1861 spinas

0 1876 8 1935 ζ’
48 1876 254 1919 rhamnus
266 1909 276 1929 ,
300 1873 586 1933 supercecidit
607 1874 716 1933 ignis
733 1909 744 1929 ,
761 1874 838 1934 qui
857 1890 928 1918 eos
943 1889 1032 1918 non
1049 1873 1263 1933 permittit
1284 1872 1432 1918 videre

5 1984 8 1989 ,
49 1945 198 2000 solem,
210 1944 285 2005 qui
299 1959 370 1988 eos
382 1943 524 1988 adhuc
535 1944 728 1988 viventes
741 1944 785 1988 in
797 1944 859 1987 ira
874 1944 951 1987 Dei
964 1943 1175 1987 combibit
1188 1943 1317 2001 :ignis
1330 1959 1432 1988 con·

0 2040 1 2043 ¹
49 2015 411 2075 cupiscentiarum
428 2013 639 2058 malarum
656 2049 667 2069 ,
692 2014 909 2058 honorum
930 2029 1165 2068 vanorum,
1190 2013 1428 2072 superbiae,

50 2085 238 2130 avaritiae
254 2101 342 2129 suae
363 2104 372 2129 ε
392 2094 436 2128 et
453 2083 668 2144 quidquid
687 2100 759 2128 eos
780 2084 938 2143 premit
958 2100 1014 2128 ne
1034 2093 1298 2143 cognoscant
1315 2084 1430 2129 veri-

49 2165 198 2211 tatem,
215 2171 270 2199 ne
288 2156 390 2199 victi
406 2154 652 2210 videantur,
668 2170 724 2198 ne
736 2155 935 2214 subjiciat
951 2153 1047 2199 illos
1064 2154 1133 2199 vel
1149 2155 1240 2214 ipsa
1258 2155 1429 2200 veritas.

51 2224 168 2279 Quid
188 2226 303 2269 enim
325 2224 546 2283 gloriosius
562 2260 572 2279 ,
598 2224 773 2274 fratres,
798 2239 929 2284 quarn
945 2224 1098 2284 subjici
1123 2234 1167 2268 et
1182 2225 1297 2269 vinci
1315 2240 1339 2269 a
1354 2240 1432 2269 ve-

51 2294 206 2340 ritate?
225 2299 408 2355 Superet
428 2305 470 2339 te
496 2296 651 2340 veritas
672 2295 889 2340 volentem
913 2315 922 2339 t
948 2311 1049 2339 nam
1071 2305 1114 2339 et
1136 2296 1320 2340 invitum
1342 2296 1435 2356 ipsa

51 2365 286 2425 superabit.
318 2368 434 2423 Ergo
466 2364 539 2408 ille
574 2365 685 2424 ignis
717 2365 1166 2424 concupiscentiarum
1197 2365 1431 2421 malarum,

52 2437 126 2496 qui
137 2434 422 2495 supercecidit
434 2444 482 2479 ut
498 2451 589 2480 non
600 2436 777 2480 videant
787 2435 919 2480 solem
928 2471 938 2491 ‚
957 2435 1169 2480 combibit
1182 2436 1431 2491 rhamnum,

51 2507 168 2565 prius
191 2521 323 2566 quam
345 2505 557 2566 producat
579 2507 722 2565 spinas
748 2522 898 2551 eorum
931 2526 938 2550 :
967 2506 1012 2550 id
1032 2515 1096 2551 est
1112 2541 1122 2561 ‚
1147 2506 1337 2552 occultat
1358 2523 1435 2552 eo·-

102 2596 110 2612 ¹
131 2591 204 2632 Sap.
226 2601 260 2631 v,
283 2589 312 2621 3.
335 2606 375 2612 -
398 2596 410 2611 ²
426 2589 507 2621 Psal.
529 2589 699 2631 xxx1,4-·S.
718 2606 759 2611 -
780 2587 792 2612 3
812 2590 858 2621 ld.
878 2599 992 2627 xxnv,
1015 2589 1066 2621 16.

1210 2642 1247 2681 k.
