1889 3285
351 256 620 292 ‚ENARnAno
653 260 695 285 m·
730 258 930 286 PsALMUM
964 259 1099 286 vau.
1353 248 1435 286 285

60 341 81 364 »
118 324 280 367 tiumv?
310 340 330 363 »
363 325 458 382 Ipse
487 332 550 366 est
580 338 705 367 mons
734 323 992 377 incaseatus,
1031 331 1208 381 propter
1236 322 1438 381 parvulos

58 393 193 452 gratia
223 402 432 453 tanquam
452 391 565 436 lacte
592 392 873 437 nutriendos2
894 414 906 451 3
930 407 1052 436 mons
1079 392 1205 447 uber,
1224 393 1287 436 ad
1308 392 1438 437 robo-

55 463 213 507 randos
234 472 365 523 atque
379 461 578 507 ditandos
592 461 809 507 donorum
821 461 1071 507 excellentia
1089 481 1096 506 :
1114 478 1214 506 nam
1238 471 1281 506 et
1297 463 1440 522 ipsum

0 551 3 579 ε
54 532 123 577 lac
144 532 262 577 unde
277 533 327 576 fit
346 548 514 588 casem,
539 533 648 577 miro
667 533 798 577 modo
827 533 1037 591 significat
1059 533 1236 590 gratiam
1257 552 1265 577 :
1292 542 1441 577 manat

0 609 8 627 ¹>
54 604 216 664 quippe
244 619 294 648 ex
327 603 595 648 abundantia
620 604 833 648 viscerum
855 612 1177 656 maternorum,
1203 612 1246 646 et
1280 603 1441 647 miseri-

0 696 7 714 :
55 673 201 720 cordia
230 673 474 719 delectabili
508 674 697 734 parvulis
729 675 858 733 gratis
892 673 1154 718 infunditur.
1195 672 1442 732 Ambiguus

6 763 7 769 ¹
55 753 120 788 est
139 753 284 788 autem
302 744 347 787 in
371 760 510 803 graeco
533 759 654 788 casus
670 779 681 799 ‚
698 753 847 787 utrum
870 744 924 787 sit
944 742 1236 787 nominativus
1251 778 1262 798 ‚
1289 758 1344 786 an
1366 759 1441 788 ac-

6 836 9 839 ’
55 814 270 858 cusativus
290 833 298 857 :
323 814 532 874 quoniam
548 814 595 857 in
616 829 664 857 ea
685 813 836 872 lingua
858 829 983 857 mons
1004 812 1149 856 neutri
1167 812 1331 870 generis
1355 822 1439 868 est,

55 899 145 928 non
168 883 394 927 masculini
414 904 422 927 ;
443 884 542 928 ideo
559 882 761 927 nonnulli
781 884 923 927 Latini
940 899 1030 927 non
1052 883 1320 942 interpretati
1341 893 1445 927 sunt

58 973 78 996 «
111 957 308 998 Montem
325 953 428 1007 Dei,
457 972 477 994 »
503 953 600 1008 sed,
630 974 650 995 «
675 957 800 999 Mons
819 954 910 997 Dei.
938 973 957 994 »
985 957 1097 997 Puto
1121 962 1267 997 autem
1289 953 1443 998 melius

53 1039 142 1068 esse
158 1059 168 1079 ,
210 1043 230 1066 ι(
256 1027 309 1067 In
333 1023 507 1068 Selmon
534 1034 727 1069 montem
764 1024 870 1079 Dei,
896 1043 915 1065 »
951 1025 1034 1068 hoc
1057 1033 1145 1078 est,
1172 1025 1219 1067 in
1246 1033 1442 1068 montem

53 1095 131 1139 Dei
161 1095 237 1154 qui
265 1104 445 1139 vocatur
483 1095 659 1139 Selmon
695 1115 703 1139 :
735 1094 973 1139 secundum
1012 1094 1283 1138 intellectum
1311 1110 1443 1155 quem

55 1180 198 1224 supra,
221 1174 271 1208 ut
292 1165 528 1224 potuimus,
555 1165 847 1224 exposuimus.

110 1238 280 1279 XXIII.
308 1235 474 1279 Deinde
495 1235 616 1296 quod
633 1236 740 1280 dixit
757 1255 766 1280 ε
796 1255 816 1278 «
831 1238 1027 1280 Montem
1044 1237 1121 1280 Dei
1138 1271 1148 1290 ‚
1168 1245 1363 1280 montem
1381 1237 1441 1280 in-

58 1325 76 1347 »
111 1315 327 1348 caseatum
344 1338 354 1358 ,
379 1315 572 1346 montem
599 1306 797 1356 uberem,
822 1321 842 1343 »
869 1320 923 1345 ne
950 1306 1047 1362 quis
1069 1305 1250 1345 auderet
1276 1321 1329 1346 ex
1356 1307 1441 1347 1100

53 1376 290 1422 Dominum
307 1377 331 1418 J
335 1389 454 1417 esum
473 1373 695 1418 Christum
718 1388 968 1431 comparare
991 1372 1155 1416 caeteris
1174 1373 1346 1427 sanctis,
1364 1374 1440 1432 qui

11 1451 14 1454 ’
54 1455 98 1491 et
123 1446 202 1506 ipsi
225 1445 330 1489 dicti
351 1453 454 1488 sunt
477 1452 645 1487 montes
666 1443 747 1487 Dei
774 1462 782 1486 :
813 1441 970 1500 legitur
990 1443 1153 1502 quippe
1174 1462 1182 1486 ε
1220 1462 1239 1484 (1
1265 1446 1287 1486 J
1294 1443 1440 1487 ustitia

56 1535 77 1558 »
113 1525 184 1560 tua
202 1516 313 1559 sieut
329 1523 500 1558 montes
523 1513 601 1557 Dei
617 1515 631 1538 '⁵
652 1532 659 1556 :
688 1531 708 1553 »
734 1511 853 1556 unde
870 1511 1104 1571 Apostolus
1127 1512 1185 1555 ait
1207 1528 1214 1552 :
1241 1531 1260 1553 «
1283 1515 1339 1556 Ut
1360 1528 1439 1557 nos

56 1604 78 1628 »
113 1587 245 1630 simus
264 1585 431 1645 justitia
453 1583 532 1628 Dei
567 1583 613 1626 in
642 1583 776 1642 ipso⁴.
803 1601 821 1623 >1
850 1585 911 1625 De
945 1582 1104 1642 quibus
1138 1583 1361 1627 montibus
1396 1592 1442 1627 et

54 1655 136 1701 alio
152 1656 249 1700 loco
270 1654 429 1699 dicitur
448 1673 459 1701 2
477 1673 497 1695 «
513 1653 768 1697 Illuminans
782 1661 829 1695 tu
847 1651 1160 1695 admirabiliter
1177 1668 1201 1695 a
1215 1653 1443 1697 montibus

57 1744 77 1767 »
113 1725 309 1769 aeternis⁵
332 1743 341 1768 :
367 1744 385 1765 »
411 1723 514 1784 quia
534 1723 621 1767 vita
643 1722 701 1766 eis
719 1731 881 1766 aeterna
904 1720 1064 1765 donata
1087 1730 1176 1775 est,
1203 1731 1247 1765 et
1267 1738 1348 1780 per
1369 1738 1440 1767 eos

0 1821 5 1825 -
55 1804 299 1840 sanctarum
346 1795 667 1852 Scripturarum
697 1791 1033 1835 eminentissima
1066 1791 1299 1835 auctoritas
1331 1808 1441 1837 con-

53 1866 202 1911 stituta
225 1874 318 1921 est,
342 1863 417 1909 sed
437 1863 712 1907 illuminante
734 1862 788 1905 ab
812 1863 871 1906 eis
890 1861 965 1906 illo
985 1861 1056 1906 0111
1071 1861 1255 1906 dicitur:
1287 1882 1305 1902 «
1333 1862 1443 1908 Illu-

58 1954 79 1978 »
113 1936 282 1980 minans
305 1944 367 1979 tu.
395 1933 554 1979 Levavi
583 1933 698 1976 enim
721 1931 869 1976 oculos
892 1945 1010 1974 meos
1032 1932 1078 1974 in
1103 1941 1271 1976 montes
1288 1967 1298 1987 ‚
1324 1933 1443 1978 unde

60 2025 78 2046 »
113 2005 259 2049 veniet
275 2003 485 2048 auxilium
506 2002 614 2046 mihi
639 2021 648 2046 :
675 2019 695 2043 »
718 2016 798 2045 nec
820 2009 967 2045 tamen
984 2000 1193 2045 auxilium
1220 2017 1367 2045 meum
1388 2004 1445 2048 ab

55 2074 155 2135 ipsis
176 2071 349 2134 proprie
362 2074 608 2131 montibus3
633 2072 708 2117 sed
723 2107 734 2127 ‚
759 2091 779 2114 «
800 2071 1021 2116 Auxilium
1042 2087 1189 2116 meum
1211 2088 1235 2116 a
1257 2074 1446 2118 Domino

59 2164 80 2188 »
115 2145 192 2205 qui
218 2142 321 2189 fecit
353 2142 516 2188 coelum
548 2152 592 2186 et
623 2143 824 2185 terramss.
856 2163 874 2184 n
906 2144 1026 2186 Unus
1060 2142 1224 2202 quippe
1250 2142 1445 2202 ipsorum

57 2215 273 2260 montium
295 2212 487 2257 multum
510 2210 721 2256 excellens
741 2225 841 2255 cum
871 2211 1044 2255 dixisset
1060 2247 1070 2266 ,
1096 2212 1217 2272 quod
1241 2212 1338 2272 plus
1360 2213 1447 2258 illis

59 2286 262 2331 omnibus
282 2283 570 2328 laboraverit:
591 2284 721 2328 «Non
743 2290 888 2326 autem
913 2297 1010 2340 ego,
1027 2282 1187 2343 inquit,
1213 2283 1288 2327 sed
1310 2286 1446 2342 gratia

61 2375 82 2398 »
116 2356 196 2400 Dei
230 2370 402 2399 mecum
416 2356 447 2398 ⁷.
479 2374 496 2395 »
529 2356 593 2398 Ne
621 2353 718 2412 quis
750 2367 850 2410 ergo
883 2351 1063 2396 auderet
1091 2353 1217 2397 etiam
1250 2365 1446 2399 montem

59 2426 300 2486 speciosum
321 2423 460 2469 forma
482 2439 572 2484 prae
589 2422 686 2467 filiis
709 2423 938 2467 hominum
955 2423 970 2448 3
993 2423 1216 2467 montibus
1238 2423 1334 2468 filiis
1361 2425 1444 2468 ho-

108 2530 116 2546 ¹
138 2524 208 2555 Isa'i.
224 2534 258 2564 11,
279 2530 311 2554 2.
333 2539 374 2544 —
392 2528 405 2544 ²
432 2533 444 2553 1
474 2523 612 2561 Cor.111,
636 2532 664 2552 1.
681 2537 721 2542 —
744 2517 757 2542 3
776 2519 856 2552 Psal.
878 2529 975 2560 xxxv,
1000 2529 1031 2562 7.
1048 2518 1153 2552 —42
1172 2523 1246 2553 Cor.
1267 2532 1301 2561 v,
1326 2529 1381 2552 21.
1401 2538 1445 2544 —-

61 2576 77 2602 5
102 2577 180 2611 Psal.
200 2589 295 2620 mxv,
315 2577 347 2610 5.
368 2594 408 2600 -
425 2574 440 2600 6
464 2577 511 2609 Id.
531 2586 602 2616 cxx,
632 2587 662 2617 1,
684 2584 717 2609 2.
744 2592 785 2598 -
800 2582 813 2608 7
836 2586 849 2608 1
871 2576 943 2607 Cor.
965 2585 1019 2617 xv,
1047 2586 1099 2609 10.
1120 2592 1162 2599 -
1180 2575 1195 2598 3
1213 2575 1290 2608 Psal.
1308 2586 1391 2618 μιν,
1410 2576 1442 2608 3.
