1889 3285
438 223 678 251 ENARRATIO
711 226 754 251 12<
788 226 988 251 psat-,uon
1021 226 1145 252 Lxx-v.
1389 218 1472 255 513

94 286 200 347 quid
224 287 449 345 promisit?
474 290 526 332 Se
547 288 710 347 ipsum,
741 297 790 332 ut
811 289 857 331 in
879 289 988 333 facie
1009 289 1141 347 ipsius
1164 300 1206 333 et
1227 289 1340 334 1111113
1363 308 1471 336 con-

94 357 378 416 templatione
400 356 663 414 gaudeamus
686 378 694 402 ;
725 368 768 402 et
790 374 879 402 non
903 359 1068 418 aliquid
1089 359 1204 404 aliud
1241 361 1475 405 delectabit

92 442 194 482 nos,
215 428 316 487 quia
337 426 448 470 nihil
469 436 532 471 est
553 427 706 471 melius
729 426 804 471 illo
825 429 901 487 qui
922 427 1024 472 fecit
1041 429 1185 472 omnia
1206 445 1304 489 quae
1325 430 1473 476 delec-

93 506 204 542 tant.
231 517 252 540 «
271 501 304 541 F
309 506 428 541 actus
451 507 514 542 est
534 497 581 541 in
602 513 708 557 pace
734 498 855 543 locus
872 500 964 558 ejus
978 533 993 553 ,
1018 507 1061 542 et
1081 499 1293 544 habitatio
1318 502 1409 560 ejus
1428 502 1472 545 in

97 583 119 608 »
155 567 258 611 Sion
283 586 292 611 :
320 586 340 608 »
368 566 415 610 id
435 576 523 621 est,
548 567 594 611 in
616 567 983 626 contemplatione
1004 567 1193 626 quadam
1218 578 1261 612 et
1287 570 1476 628 specula-

92 636 212 681 tione
233 637 349 681 facta
369 647 432 681 est
452 637 664 681 habitatio
685 639 776 697 ejus
793 671 803 691 ,
834 656 854 679 «
880 640 931 680 In
955 637 1071 681 Sion.
1100 655 1121 678 »

152 709 228 751 VI.
259 726 276 747 «
300 708 367 751 Ibi
387 707 602 765 confregit
622 707 902 752 fortitudines
919 723 1096 752 arcuum
1114 742 1124 762 ,
1150 718 1192 751 et
1215 717 1409 764 scutum,
1437 718 1479 754 et

97 796 118 820 »
153 777 372 837 gladium,
404 787 447 822 et
477 778 643 822 bellum
666 781 695 821 ¹.
733 799 750 820 »
786 778 870 822 Ubi
902 776 1153 836 confregit?
1187 782 1237 822 In
1266 779 1340 823 illa
1374 795 1479 839 pace

93 857 277 903 aeterna,
303 848 349 891 in
377 847 450 892 illa
476 863 582 907 pace
604 846 810 906 perfecta.
836 850 893 891 Et
913 846 1066 901 modo,
1092 846 1245 893 fratres
1265 849 1376 905 11161,
1401 850 1477 910 qui

92 917 207 962 bene
227 917 507 962 crediderunt
529 953 540 973 ,
572 917 723 962 vident
751 917 853 978 quia
872 933 962 962 non
984 918 1038 961 de
1060 933 1104 961 se
1127 917 1291 963 debent
1311 935 1478 979 praesu-

93 1004 238 1045 mere,
264 999 308 1033 et
331 1004 505 1033 omnem
528 989 766 1048 potentiam
791 988 1010 1032 minarum
1042 1004 1219 1033 suarum
1235 1024 1246 1044 ,
1278 999 1321 1033 et
1347 990 1479 1050 quid-

94 1059 203 1119 quid
219 1060 265 1102 in
283 1059 342 1103 eis
365 1069 544 1103 acutum
567 1069 631 1103 est
653 1059 707 1102 ad
729 1057 978 1103 nocendum
994 1093 1004 1113 ,
1029 1057 1314 1118 confringunt
1339 1059 1477 1117 illud;

94 1138 138 1173 et
153 1128 370 1189 quidquid
389 1130 511 1189 quasi
534 1144 612 1188 pro
630 1144 788 1187 magno
814 1129 981 1172 habent
1001 1129 1120 1172 unde
1142 1144 1187 1173 se
1203 1139 1480 1188 protegerent

95 1199 405 1259 temporaliter,
431 1209 475 1244 et
494 1199 661 1244 bellum
679 1198 801 1259 quod
821 1199 1025 1244 adversus
1044 1202 1185 1243 Deum
1201 1199 1479 1245 defendendo

93 1280 271 1330 peccata
290 1287 366 1315 sua
390 1271 619 1328 gerebant,
645 1270 791 1315 omnia
804 1271 899 1314 haec
916 1271 978 1314 ibi
1000 1269 1226 1328 confregit.

160 1344 258 1385 VH.
302 1360 319 1381 «
348 1340 605 1385 Illuminans
630 1350 680 1385 tu
707 1340 1020 1385 admirabiliter
1044 1356 1067 1383 a
1095 1340 1315 1385 montibus
1354 1350 1481 1385 36161-

100 1432 119 1454 »
153 1413 218 1456 1113
231 1416 263 1455 2.
294 1432 311 1454 »
343 1412 428 1465 Qui
450 1421 552 1456 sunt
577 1421 747 1457 montes
770 1411 950 1456 aeterni?
974 1413 1092 1464 Quos
1112 1411 1202 1470 ipse
1222 1410 1325 1455 fecit
1352 1421 1479 1456 aeter-

95 1498 196 1540 nos,
223 1483 299 1543 qui
325 1491 427 1527 sunt
456 1493 625 1527 montes
647 1483 815 1541 magni,
848 1481 1152 1542 praedicatores
1175 1482 1381 1526 veritatis.
1417 1485 1482 1526 Tu

94 1552 336 1602 illuminas,
361 1552 437 1594 sed
464 1569 488 1593 a
510 1553 734 1593 montibus
756 1553 926 1596 aeternis
954 1572 962 1597 :
994 1552 1123 1611 primi
1143 1551 1290 1610 magni
1312 1560 1481 1596 montes

96 1621 318 1681 excipiunt
351 1620 495 1663 lucem
525 1628 647 1663 tuam
670 1653 681 1672 ,
718 1627 761 1662 et
788 1634 811 1661 a
844 1618 942 1662 luce
980 1627 1055 1661 tua
1087 1634 1219 1677 quain
1242 1621 1484 1679 suscipiunt

97 1701 267 1736 montes
283 1726 293 1746 ,
320 1691 500 1735 vestitur
528 1699 571 1733 et
591 1698 720 1733 terra.
753 1687 837 1733 Sed
859 1687 921 1731 illi
947 1688 1094 1745 magni
1112 1697 1280 1732 montes
1301 1705 1482 1749 excepe-

39 1806 41 1808 ,
96 1771 200 1806 runt
220 1759 438 1822 Apostoli,
471 1770 681 1820 tanquam
704 1758 880 1802 orientis
901 1757 1076 1801 luminis
1102 1759 1337 1817 primordia
1353 1775 1480 1804 exce-

96 1841 258 1893 perunt
289 1831 502 1891 Apostoli.
541 1829 768 1890 Numquid
801 1828 922 1888 quod
956 1838 1246 1887 exceperunt,
1283 1830 1400 1888 apud
1438 1846 1482 1875 se

98 1903 403 1948 retinuerunt?
424 1904 537 1947 Non.
563 1904 627 1945 Ne
649 1901 866 1944 diceretur
883 1898 968 1942 illis
991 1918 999 1943 ε
1031 1918 1051 1940 «
1078 1901 1207 1944 Serve
1228 1915 1416 1959 nequam
1440 1911 1484 1946 et

102 1994 122 2017 »
156 1974 280 2035 piger
295 2008 307 2029 ,
326 1972 450 2017 dares
471 1973 701 2032 pecuniam
723 1986 864 2014 meam
889 1969 1232 2014 nummulariis&
1261 1989 1280 2011 »
1317 1971 1360 2016 Si
1381 1986 1483 2030 ergo

99 2043 221 2107 quod
242 2052 553 2103 susceperunt,
588 2057 678 2086 non
710 2041 827 2101 apud
848 2057 892 2084 se
924 2041 1222 2095 retinuerunt,
1261 2040 1337 2084 sed
1364 2042 1484 2086 omni

99 2116 196 2162 orbi
223 2125 436 2159 terrarum
458 2111 821 2172 praedicaverunt.
854 2131 872 2153 «
897 2111 1152 2154 Illuminans
1174 2120 1224 2154 tu
1245 2110 1483 2155 admirabi-

102 2206 124 2229 »
158 2186 256 2231 liter
283 2201 308 2229 a
335 2184 560 2229 montibus
588 2183 775 2226 aeternis.
810 2200 829 2223 n
857 2185 974 2235 Quos
1003 2189 1187 2224 aeternos
1216 2179 1379 2236 fecisti,
1406 2198 1483 2242 per

99 2256 197 2302 illos
211 2257 347 2301 vitam
368 2264 576 2299 aeternam
598 2263 640 2297 et
661 2252 826 2297 caeteris
848 2252 1092 2311 promisisti.
1120 2271 1139 2292 «
1156 2251 1412 2297 Illuminans
1434 2262 1483 2297 tu

104 2346 125 2370 »
161 2324 472 2371 admirabiliter
494 2340 518 2367 a
533 2323 756 2368 montibus
777 2323 962 2366 aeternis.
982 2322 1243 2381 »Magnifice
1260 2338 1361 2367 cum
1378 2339 1485 2382 pon-

103 2398 207 2443 dere
243 2396 411 2443 dictum
442 2403 506 2440 est
524 2430 536 2450 ,
568 2414 588 2437 «
622 2397 717 2438 Tu:
746 2412 766 2435 »
807 2409 862 2437 ne
891 2401 1017 2452 putet
1044 2391 1198 2453 aliquis
1230 2392 1350 2452 quod
1383 2409 1483 2439 eum

153 2513 163 2530 ¹
181 2505 262 2539 Psal.
282 2515 379 2546 mxxv,
398 2504 431 2546 4.
453 2520 489 2526 -
502 2510 515 2527 ²
533 2503 616 2536 Ibid.
636 2502 667 2535 5.
689 2519 729 2525 —
751 2500 764 2525 3
788 2501 889 2535 Matth
922 2512 998 2543 xxv,
1016 2500 1072 2543 26,
1090 2510 1145 2543 27.

343 2581 463 2611 cxvi.
1253 2568 1303 2607 33
