1889 3285
417 250 659 280 ENARRATIO
688 254 733 280 ΙΝ
766 250 970 281 PsALMUM
1002 253 1090 280 LXI.
1361 238 1444 278 143

64 317 210 362 cordia
243 317 493 376 desperetis.
526 315 658 375 Apud
683 316 808 360 illum
837 325 1024 377 potestas
1039 350 1050 370 ,
1075 314 1193 374 apud
1214 314 1337 359 illum
1360 315 1446 358 mi-

62 385 308 431 sericordia.
338 389 467 431 Hunc
481 385 684 430 humiliat
699 421 709 441 ‚
735 396 778 431 et
795 387 912 431 hunc
929 385 1110 430 exaltat¹
1134 404 1142 430 :
1166 385 1284 429 hunc
1305 384 1448 429 humi-

61 457 140 502 liat
158 465 369 517 potestate
384 492 395 512 ,
423 456 550 501 illum
572 455 731 501 exaltat
754 456 1060 502 misericordia.
1091 475 1112 498 «
1138 455 1181 500 Si
1199 456 1315 499 enim
1337 461 1447 500 Deus

63 545 85 569 »
118 526 268 572 volens
285 526 511 571 ostendere
521 527 629 574 iram
645 561 656 583 ,
673 536 716 571 et
735 526 1032 572 demonstrare
1049 525 1292 586 potentiam
1305 540 1443 580 suam,

64 615 87 640 »
121 597 268 644 attulit
298 597 344 642 in
371 597 511 641 multa
531 597 740 657 patientia
757 613 858 643 vasa
878 597 978 653 irae,
999 613 1099 657 quae
1129 593 1320 655 perfecta
1347 604 1449 639 sunt

65 686 86 710 »
120 669 167 713 in
189 668 492 729 perditionem.
519 687 540 710 >›
584 667 757 716 Audisti
784 678 1041 728 potestatem
1068 687 1077 712 ;
1102 682 1249 727 quaere
1280 667 1448 711 miseri-

0 753 1 759 *
61 738 269 784 cordiam,
299 758 320 781 «
340 742 397 783 Et
416 748 540 784 notas
556 773 568 794 ,
593 739 758 799 inquit,
782 738 944 784 faceret
972 738 1142 783 divitias
1163 753 1262 782 suas
1281 737 1327 780 in
1349 752 1449 781 vasa

64 827 87 852 »
119 809 439 854 misericordiae.
462 810 708 854 »spertinet
726 825 829 869 ergo
848 809 904 854 ad
935 811 1025 870 ejus
1046 817 1304 869 potestatem
1324 807 1450 851 dam-

61 894 166 924 nare
186 879 372 939 iniquos.
398 882 456 923 Et
474 879 571 940 quis
593 878 657 923 illi
687 879 828 925 dicat:
863 880 980 933 Quid
1000 879 1171 924 fecisti?
1202 897 1224 921 «
1245 881 1310 922 Tu
1332 878 1449 922 enim
1516 921 1519 923 ,

64 968 86 992 »
120 966 147 994 o
167 950 323 1006 homo,
345 950 441 1010 quis
462 965 506 994 es
526 950 604 1010 qui
629 950 889 1010 respondeas
916 952 1055 995 Deo‘2?
1077 969 1098 992 n
1132 950 1252 993 Time
1281 964 1384 1007 ergo
1407 958 1451 992 et

61 1030 200 1065 treme
221 1021 311 1081 ejus
331 1029 590 1080 potestatem
611 1041 621 1067 ε
642 1021 714 1066 sed
733 1036 856 1081 spera
872 1023 966 1082 ejus
983 1018 1336 1064 misericordiam.
1356 1019 1451 1063 Dia-

61 1089 190 1135 bolus
211 1099 399 1150 potestas
417 1090 619 1151 quaedam
642 1101 731 1149 est3
752 1090 1011 1151 plerumque
1028 1099 1175 1134 tamen
1198 1088 1294 1134 vult
1316 1103 1451 1133 noce—

62 1176 135 1216 re,
160 1169 203 1204 et
223 1176 314 1206 non
348 1170 512 1220 potest,
552 1162 654 1222 quia
690 1170 879 1221 potestas
906 1161 985 1205 ista
1018 1161 1099 1205 sub
1122 1168 1338 1220 potestate
1369 1167 1447 1203 est.

61 1232 172 1276 Nam
194 1231 229 1275 si
258 1239 429 1275 tantum
452 1240 595 1290 posset
620 1247 777 1276 nocere
814 1230 1014 1276 diabolus
1032 1266 1043 1286 ‚
1085 1239 1301 1290 quantum
1327 1229 1449 1286 vult3

62 1317 153 1346 non
167 1301 322 1361 aliquis
337 1303 555 1361 justorum
572 1312 841 1358 remaneret,
867 1311 941 1346 aut
961 1301 1115 1362 aliquis
1130 1301 1325 1345 fidelium
1345 1308 1453 1363 esset

61 1372 109 1416 in
130 1380 257 1415 terra.
285 1374 382 1430 Ipse
406 1386 483 1430 per
503 1387 603 1416 vasa
626 1388 702 1415 sua
723 1371 928 1430 impellit,
958 1371 1080 1431 quasi
1097 1371 1307 1430 parietem
1324 1368 1452 1414 incli—

62 1451 216 1486 natum
238 1457 246 1482 :
264 1441 341 1485 sed
354 1450 526 1485 tantum
543 1440 749 1500 impellit,
771 1450 987 1501 quantum
1001 1440 1157 1499 accipit
1173 1449 1448 1500 potestatem.

64 1514 123 1556 Ut
138 1520 283 1556 autem
301 1527 389 1556 non
411 1511 537 1555 cadat
558 1512 718 1570 paries,
745 1512 952 1555 Dominus
971 1511 1173 1570 suscipiet
1201 1530 1210 1556 ε
1244 1510 1454 1571 quoniam

61 1583 139 1642 qui
155 1581 232 1626 dat
256 1590 515 1641 potestatem
536 1581 766 1636 tentatori,
793 1581 884 1641 ipse
906 1590 1076 1625 tentato
1097 1581 1268 1640 praebet
1289 1581 1455 1624 miseri-

61 1653 272 1700 cordiam.
287 1653 357 1697 Ad
369 1668 615 1697 mensuram
630 1653 743 1696 enim
759 1652 1028 1712 permittitur
1045 1661 1210 1696 tentare
1226 1651 1425 1695 diabolus
1442 1671 1450 1696 ε

68 1743 88 1766 «
121 1727 180 1768 Et
199 1724 370 1784 potabis
407 1739 486 1768 nos
505 1759 516 1779 ‚
547 1723 691 1783 inquit
709 1757 721 1778 ,
751 1723 796 1766 in
826 1722 1027 1780 lacrymis
1059 1721 1105 1765 in
1140 1722 1389 1765 mensurass.
1430 1739 1450 1762 »

63 1795 162 1842 Noli
184 1810 287 1854 ergo
324 1795 476 1839 timere
509 1794 765 1854 permissum
798 1792 962 1853 aliquid
990 1792 1132 1836 faeere
1154 1801 1417 1836 tentatorem
1441 1812 1450 1836 ε

63 1866 198 1910 habes
221 1865 337 1909 enim
359 1863 804 1909 misericordissimum
831 1862 1111 1908 salvatorem.
1141 1864 1331 1905 Tantum
1352 1877 1453 1921 per-

63 1936 254 1980 mittitur
272 1935 343 1979 ille
358 1944 524 1979 tentare
539 1970 549 1990 ,
574 1943 790 1995 quantum
808 1934 889 1978 tibi
899 1932 1080 1993 prodest
1092 1968 1104 1988 ‚
1119 1942 1169 1977 ut
1191 1932 1424 1977 exercearis
1439 1968 1450 1988 ‚

64 2016 115 2052 ut
137 2005 355 2066 proberi53
373 2015 423 2049 ut
439 2005 515 2065 qui
532 2015 574 2049 te
595 2004 814 2049 nesciebas
827 2039 837 2059 ‚
858 2020 881 2047 a
900 2014 943 2049 te
961 2005 1055 2064 ipso
1072 2003 1318 2048 inveniaris.
1345 2006 1454 2048 Nam

65 2077 141 2122 ubi
156 2112 167 2132 ,
190 2076 262 2121 vel
289 2075 407 2120 unde
423 2111 434 2129 ,
460 2076 541 2120 nisi
561 2075 616 2119 de
639 2076 720 2119 liae
752 2076 830 2119 Dei
851 2083 1064 2134 potestate
1096 2082 1139 2117 et
1160 2072 1454 2118 misericordia

65 2147 206 2192 securi
233 2161 322 2191 esse
343 2145 586 2190 debemus?
626 2145 874 2191 Secundum
900 2144 1020 2188 illam
1052 2143 1332 2204 apostolicam
1350 2159 1450 2188 sen-

66 2219 247 2266 tentiam
275 2237 283 2263 :
313 2237 334 2260 «
354 2217 515 2262 Fidelis
533 2220 647 2262 Deus
665 2217 742 2277 qui
763 2232 852 2262 non
871 2216 1086 2276 permittit
1106 2231 1182 2261 vos
1201 2216 1360 2260 tentari
1376 2231 1451 2260 su-

68 2308 91 2333 »
125 2306 201 2350 per
218 2290 264 2333 id
284 2289 403 2350 quod
420 2289 637 2348 potestis4.
664 2304 685 2330 υ

125 2363 248 2405 XXI.
275 2363 412 2418 Ergo,
447 2378 467 2401 «
491 2363 685 2404 Potestas
717 2359 790 2402 Dei
812 2367 875 2403 est
897 2378 905 2403 :
934 2377 954 2399 η
985 2377 1005 2401 ι(
1028 2360 1126 2404 Non
1147 2366 1211 2402 est
1238 2357 1353 2401 enim
1373 2372 1453 2417 po-

71 2451 92 2474 »
126 2440 255 2476 testas
276 2430 360 2474 nisi
395 2446 419 2474 a
450 2432 580 2475 De05.
608 2447 629 2471 »
665 2428 764 2474 Noli
783 2428 953 2484 dicere,
979 2432 1037 2473 Et
1065 2427 1175 2488 quid
1196 2428 1235 2472 ei
1257 2427 1332 2472 dat
1354 2436 1452 2472 tan-

67 2498 82 2513 .

117 2535 126 2551 ¹
149 2528 227 2560 Psal.
249 2537 344 2560 Lxxiv
359 2552 367 2568 ‚
392 2527 424 2559 ὃ,
453 2544 495 2550 -
520 2534 533 2550 2
554 2529 646 2560 Rom.
666 2537 713 2569 ix,
730 2525 840 2559 ’Σο-23.
869 2542 909 2549 -
932 2523 944 2549 3
962 2525 1040 2558 Psal.
1059 2536 1167 2567 tum,
1191 2525 1225 2557 6.
1249 2541 1290 2547 —
1309 2523 1324 2553 4
1342 2534 1354 2556 ι
1375 2525 1450 2556 Cor.

69 2595 104 2625 x,
127 2584 178 2616 13.
206 2600 246 2606 —-
265 2581 280 2606 5
299 2586 388 2614 Rom.
408 2594 478 2624 xm,
502 2594 529 2615 1.
