1889 3285
398 206 414 239 1
425 203 478 240 945
824 211 856 235 s.
892 208 1121 235 Acousnm
1154 209 1334 236 EPlsc0P1

391 276 600 336 Apostolo
630 295 638 319 ;
668 295 687 317 α
713 274 990 319 Conversatio
1021 281 1163 317 nostra
1197 274 1242 317 in
1276 273 1396 317 coelis
1428 276 1531 317 est¹.
1558 276 1608 316 In
1642 289 1770 317 carne

394 366 413 388 »
449 346 565 389 enim
586 345 878 398 ambulantes,
899 343 1063 402 inquit,
1084 358 1174 386 non
1195 344 1437 387 secundum
1458 358 1633 387 carnem
1654 342 1772 386 mili—

393 435 412 457 »
450 425 588 460 tamus
602 419 634 458 ².
663 434 682 457 »
710 418 806 458 Jam
828 413 1040 458 desiderio
1061 413 1123 455 ibi
1140 428 1312 468 sumus,
1333 415 1424 474 jam
1445 429 1566 472 spem
1584 413 1630 457 in
1652 412 1772 457 illam

391 496 547 531 terram
560 521 570 540 ,
591 486 713 545 quasi
727 485 960 528 anchoram
981 482 1266 542 praemisimus
1281 518 1292 537 ,
1313 499 1368 527 ne
1384 484 1431 527 in
1450 484 1532 527 isto
1553 483 1661 527 mari
1685 492 1774 527 tur-

389 557 479 600 hati
505 554 826 615 naufragemus.
861 552 1237 606 Quemadmodum
1263 569 1363 611 ergo
1385 553 1439 598 de
1457 555 1578 609 navi,
1604 570 1702 615 quae
1724 554 1771 597 in

390 628 588 673 anchoris
610 636 694 678 est,
721 636 836 671 recte
858 625 1042 669 dicimus
1065 624 1186 685 quod
1201 626 1291 685 Jam
1316 626 1362 669 in
1394 635 1508 670 terra
1529 625 1607 682 sit,
1627 623 1772 669 adhuc

389 699 505 744 enim
527 700 727 752 fluctuat,
752 697 827 741 sed
840 698 884 741 in
898 706 1008 740 terra
1021 696 1212 757 quodam
1226 696 1358 741 modo
1374 696 1531 741 educta
1544 705 1608 740 est
1622 704 1772 740 contra

391 780 541 814 ventos
559 779 601 813 et
618 778 768 813 contra
790 776 1063 827 tempestates
1083 786 1092 811 ι
1116 767 1175 812 sic
1192 777 1342 812 contra
1363 767 1623 811 tentationes
1643 767 1773 826 hujus

388 839 744 899 peregrinationis
763 845 937 892 nostrae,
963 852 1057 896 spes
1074 846 1219 881 nostra
1236 836 1418 881 fundata
1441 837 1486 880 in
1510 836 1583 880 illa
1604 836 1776 881 civitate

390 909 628 954 Jerusalem
651 908 755 953 facit
774 924 851 952 nos
865 923 955 952 non
968 907 1106 967 abripi
1121 908 1166 951 in
1178 922 1292 951 saxa.
1310 907 1395 960 Qui
1412 922 1512 965 ergo
1535 907 1777 951 secundum

392 982 504 1025 hanc
534 996 654 1040 spem
683 988 852 1034 cantat,
885 979 946 1023 ibi
976 988 1122 1023 cantat
1149 998 1157 1022 :
1196 993 1296 1036 crgo
1330 978 1446 1022 dicat
1478 998 1486 1022 :
1527 998 1547 1020 «
1574 981 1632 1021 Te
1654 977 1780 1023 decet

397 1070 416 1092 »
453 1053 643 1109 hymnus
660 1085 670 1104 ,
698 1053 810 1093 Deus
829 1085 839 1104 ,
866 1049 912 1093 in
936 1050 1051 1094 Sion.
1078 1052 1129 1092 In
1161 1048 1287 1104 Sion,
1314 1067 1334 1089 »
1360 1064 1449 1092 non
1471 1049 1516 1092 in
1533 1049 1773 1106 Babylone.

394 1121 478 1166 Sed
491 1120 621 1164 modo
635 1120 696 1163 ihi
711 1136 754 1163 es
767 1120 909 1163 adhuc
924 1120 969 1162 in
988 1118 1237 1176 Babylone?
1259 1118 1342 1173 Ibi,
1358 1118 1516 1178 inquit,
1533 1133 1646 1173 sum,
1664 1133 1777 1162 ama-

395 1200 459 1234 tor
475 1191 569 1245 iste,
586 1198 629 1233 et
650 1189 753 1233 civis
770 1189 868 1233 iste:
884 1189 945 1232 ibi
968 1204 1062 1232 sum
1080 1209 1090 1244 ·,
1111 1189 1186 1232 sed
1202 1204 1351 1243 carne,
1378 1204 1467 1232 non
1488 1188 1633 1232 corde.
1663 1190 1775 1232 Cum

392 1270 538 1305 autem
552 1260 640 1304 duo
658 1260 858 1320 quaedam
875 1260 1073 1314 dixerim,
1099 1260 1201 1319 quia
1223 1259 1284 1302 ibi
1300 1275 1394 1303 sum
1418 1275 1562 1314 carne,
1580 1275 1670 1303 non
1680 1274 1777 1312 cor-

391 1333 468 1388 de,
493 1331 611 1375 unde
632 1339 776 1385 canto,
792 1345 880 1374 non
896 1330 978 1374 ihi:
1005 1330 1219 1374 nonenim
1234 1345 1361 1374 carne
1380 1339 1523 1383 canto,
1541 1331 1615 1374 sed
1627 1330 1772 1374 corde.

393 1405 579 1447 Carnem
607 1400 784 1461 quidem
815 1410 1041 1445 sonantem
1068 1399 1254 1443 audiunt
1286 1409 1329 1444 et
1360 1400 1472 1443 cives
1499 1399 1775 1458 Babyloniae,

393 1473 532 1518 cordis
550 1483 696 1517 autem
708 1488 863 1516 sonum
883 1470 1003 1515 audit
1022 1471 1221 1516 conditor
1245 1470 1499 1515 Jerusalem.
1531 1470 1655 1515 Unde
1673 1471 1779 1516 dicit

393 1542 643 1602 Apostolus,
655 1543 887 1585 exhortans
904 1542 1017 1601 ipsos
1037 1541 1148 1586 cives
1173 1541 1227 1584 ad
1239 1542 1445 1585 amatoria
1459 1542 1662 1601 quaedam
1680 1557 1779 1586 can-

396 1615 477 1658 tica
510 1623 553 1657 et
585 1612 796 1657 desideria
828 1611 1039 1655 redeundi
1070 1611 1124 1655 ad
1156 1611 1272 1655 illam
1301 1610 1639 1670 pulcherrimam
1676 1612 1780 1656 civi·

396 1694 550 1738 tatem,
576 1683 783 1726 visionem
806 1682 935 1741 pacis.
964 1700 983 1722 «
1005 1683 1261 1735 Cantantes,
1286 1680 1458 1740 inquit,
1484 1690 1527 1724 et
1549 1681 1779 1740 psallentes

398 1774 418 1796 »
445 1755 488 1798 in
504 1754 707 1797 cordibus
728 1751 876 1796 vestris
891 1751 1075 1795 Domino
1089 1752 1121 1794 3.
1146 1769 1165 1791 »
1187 1750 1302 1804 Quid
1323 1760 1407 1805 est,
1438 1770 1458 1793 «
1484 1753 1717 1796 Cantantes
1734 1753 1780 1796 in

398 1845 417 1870 D
453 1822 658 1869 cordibus
678 1822 854 1866 vestris?
875 1840 893 1862 »
914 1824 977 1867 Ne
1006 1821 1107 1865 inde
1129 1812 1331 1876 cantetis,
1357 1820 1476 1866 unde
1505 1823 1603 1867 estis
1626 1823 1671 1866 in
1699 1825 1780 1867 Ba-

396 1893 575 1952 bylonia
598 1913 607 1937 ι
629 1892 704 1936 sed
722 1891 823 1935 inde
846 1900 1038 1946 cantate,
1060 1891 1178 1935 unde
1202 1907 1373 1935 sursum
1396 1892 1614 1937 habitatis.
1637 1895 1777 1951 Ergo,

402 1985 422 2007 α
460 1967 517 2007 Τθ
530 1962 655 2006 decet
667 1962 872 2018 hymnus,
892 1964 1019 2014 Deus,
1037 1960 1081 2004 in
1097 1962 1213 2005 Sion.
1233 1979 1253 2001 »
1272 1964 1324 2005 In
1338 1962 1440 2006 Sion
1455 1971 1497 2006 te
1513 1961 1638 2006 decet
1656 1964 1781 2020 hym-

399 2049 496 2087 nus,
519 2048 608 2077 non
623 2032 669 2076 in
694 2030 949 2088 Babylonia.
982 2030 1066 2083 Qui
1093 2039 1272 2074 cantant
1299 2031 1345 2074 in
1370 2031 1610 2089 Babylonia
1626 2067 1637 2087 ,
1669 2033 1780 2078 cives

398 2101 666 2160 Babyloniae,
680 2101 809 2145 etiam
822 2102 1036 2158 hymnum
1053 2100 1129 2144 Dei
1144 2116 1232 2144 non
1246 2099 1450 2144 decenter
1462 2110 1652 2146 cantant.
1665 2101 1781 2147 Audi

399 2188 552 2218 vocem
574 2171 806 2231 Scripturas
824 2190 832 2214 ;
857 2190 877 2212 «
898 2173 994 2215 Non
1017 2179 1081 2213 est
1108 2171 1296 2229 speciosa
1314 2170 1408 2214 laus
1429 2171 1475 2214 in
1490 2187 1565 2215 ore
1581 2180 1782 2231 peccato-

403 2264 423 2285 «
459 2243 558 2287 ris4.
582 2245 640 2286 Te
662 2241 787 2286 decet
802 2242 992 2299 hymnus
1007 2275 1018 2294 ,
1044 2243 1156 2284 Deus
1172 2275 1183 2295 ,
1203 2240 1248 2283 in
1273 2240 1390 2285 Sion.
1419 2259 1439 2281 »

463 2316 537 2357 IV.
568 2331 587 2354 «
612 2315 668 2356 Et
690 2312 770 2355 tibi
801 2310 1008 2355 reddetur
1027 2319 1179 2355 votum
1202 2311 1247 2354 in
1275 2310 1529 2355 Jerusalem.
1557 2330 1576 2353 >2
1603 2313 1683 2357 Hic
1707 2327 1783 2357 vo·
1846 2343 1849 2372 ‚¹
1884 2302 1889 2355 ζ

402 2399 580 2438 venius,
615 2392 659 2427 et
686 2383 851 2426 bonum
876 2391 939 2426 cst
962 2390 1012 2425 ut
1044 2381 1105 2424 ibi
1134 2380 1381 2426 reddamus.
1421 2382 1506 2434 Qui
1539 2391 1685 2426 autem
1712 2382 1781 2426 hic

402 2462 587 2508 vovent,
618 2461 661 2497 et
682 2468 771 2497 non
798 2451 1017 2496 reddunt?
1042 2451 1128 2504 Qui
1158 2467 1245 2495 non
1273 2461 1547 2511 perseverant
1569 2467 1707 2512 usque
1737 2452 1782 2495 in
1846 2506 1847 2510 Ἰ
1885 2443 1889 2499 s

455 2545 462 2560 ¹
483 2537 590 2576 Philip.
613 2547 658 2576 ιιι,
679 2545 732 2569 20.
751 2552 790 2557 -—-
813 2542 823 2557 ²
845 2544 863 2566 2
882 2536 952 2566 Cor.
976 2545 1006 2573 x,
1027 2535 1057 2565 3.
1080 2550 1119 2558 —-
1141 2533 1153 2557 Ξ
1179 2534 1291 2575 Ephe&
1313 2546 1343 2576 v,
1372 2547 1420 2578 ¹9·
1441 2552 1481 2558 —
1501 2534 1628 2569 4Eecli.
1646 2546 1699 2577 xv,
1724 2546 1756 2578 9.
1787 2558 1792 2562 .
