1889 3285
447 269 687 298 ENAnnArlo
719 271 762 298 m
796 269 997 299 PSALMUM
1029 271 1117 297 mx.
1396 258 1448 295 97

77 336 332 382 Audivimus
349 336 527 381 titulum
548 336 721 391 Psalmi,
741 335 965 380 audiamus
987 335 1114 380 etiam
1131 333 1260 379 verba
1278 332 1450 378 Psalmi.

135 409 216 450 ΙΙΙ.
231 410 377 451 «Deus
393 405 589 466 repulisti
610 422 704 461 nos,
725 415 769 450 et
793 405 1038 450 destruxisti
1059 420 1137 449 nos
1152 407 1182 447 ¹.
1197 403 1457 464 »Numquid

74 476 147 521 ille
179 475 318 521 David
352 476 572 537 loquitur,
608 476 685 536 qui
717 477 926 536 percussit
945 511 956 532 ‚
992 477 1068 536 qui
1096 474 1343 529 succendit,
1380 474 1457 534 qui

11 533 15 639 ἰ

75 546 330 606 debellavit3
350 556 393 591 et
414 563 503 592 non
519 546 583 591 illi
603 547 764 607 quibus
785 548 879 592 haec
902 546 1006 592 fecit
1022 582 1032 602 ,
1052 555 1104 590 ut
1124 554 1458 606 percuterentur

76 625 118 662 et
139 616 452 677 repellerentur
473 618 549 677 qui
581 617 684 661 mali
707 627 829 662 erant
845 653 856 673 ‚
885 626 929 662 et
957 632 1103 662 rursus
1135 617 1459 662 vivificarentur

75 696 119 733 et
140 687 330 733 redirent
359 697 410 734 ut
431 688 537 733 boni
569 690 741 732 essent?
778 691 909 733 Istam
931 687 1108 749 quidem
1132 696 1321 746 stragem
1355 685 1460 731 fecit

75 758 213 803 David
233 758 305 803 ille
331 775 465 803 manu
486 758 609 804 fortis
628 759 824 804 Christus
841 768 1009 815 noster,
1036 758 1160 818 eujus
1181 759 1367 818 figuram
1387 772 1460 816 ge-

75 829 197 873 rebat
218 828 291 874 ille
311 830 470 887 hom03
491 828 594 874 fecit
609 829 711 884 ista,
737 828 858 874 dedit
877 830 991 874 hanc
1012 838 1197 887 stragem
1220 827 1365 888 gladio
1381 843 1461 873 suo

75 908 118 944 et
138 899 238 959 igne
259 916 338 945 suo
355 920 363 945 :
380 916 481 945 nam
496 909 734 961 utrumque
756 899 904 945 attulit
924 901 970 944 in
992 901 1111 944 hune
1133 898 1367 944 mundum.
1383 901 1458 955 Et,

80 989 101 1012 «
134 973 287 1030 Ignem
313 972 413 1016 veni
438 971 609 1016 mittere
632 971 679 1015 in
701 970 967 1026 mundum²‚
990 989 1011 1012 »
1038 970 1172 1014 habes
1190 971 1236 1013 in
1259 972 1462 1029 Evange-

76 1039 135 1085 lio
154 1059 163 1085 ε
181 1049 240 1096 et,
262 1059 281 1083 «
303 1040 507 1086 Gladium
529 1042 628 1086 veni
649 1041 821 1085 mittere
839 1040 885 1084 in
899 1041 1106 1095 terra1n³‚
1127 1058 1147 1081 »
1163 1039 1298 1084 hahes
1318 1039 1463 1085 adime

76 1110 121 1155 in
135 1111 388 1170 Evangelio.
405 1112 720 1172 Attulitjgnem
732 1111 851 1156 unde
868 1111 1205 1156 succenderetur
1217 1113 1396 1171 Mesopo
1404 1119 1462 1155 ta-

75 1182 160 1226 mia
183 1182 318 1239 Syriae
334 1217 345 1238 ‚
370 1191 414 1227 et
436 1183 559 1240 Syria
579 1182 712 1229 So'bal
738 1201 747 1227 :
773 1182 920 1227 attulit
942 1181 1138 1242 gladium
1158 1182 1278 1226 unde
1301 1197 1462 1242 percu-

75 1261 239 1297 teretur
260 1251 418 1298 Edom.
443 1256 469 1298 J
473 1268 542 1298 am
565 1268 667 1311 ergo
688 1254 768 1298 ista
790 1262 949 1311 strages
970 1251 1084 1298 facta
1107 1261 1171 1297 est
1189 1262 1368 1312 propter
1390 1268 1463 1300 eos

75 1323 151 1383 qui
184 1322 473 1368 immutantur
506 1324 552 1366 in
581 1323 699 1367 tituli
732 1323 1058 1382 inscriptionem
1088 1323 1168 1382 ipsi
1190 1321 1345 1367 David.
1368 1326 1464 1369 Au-

77 1392 246 1438 diamus
278 1408 379 1452 ergo
412 1408 564 1438 eorum
600 1408 751 1438 vocem
789 1412 798 1438 ε
839 1392 1071 1437 salubriter
1102 1393 1295 1452 percussi
1328 1403 1431 1439 sunt
1450 1431 1462 1450 ‚

76 1463 206 1508 erecti
227 1463 479 1524 loquantur.
500 1464 657 1508 Dicant
673 1478 774 1521 ergo
793 1464 949 1508 mutati
972 1463 1018 1506 in
1039 1462 1194 1508 melius
1210 1498 1221 1518 ,
1247 1465 1402 1509 mutati
1418 1465 1466 1510 in

77 1534 192 1579 tituli
224 1534 571 1593 inscriptionem,
607 1534 825 1578 immutati
853 1534 900 1578 in
921 1533 1165 1579 doctrinam
1192 1534 1272 1594 ipsi
1294 1536 1462 1594 David3

75 1603 222 1649 dicant
243 1623 252 1649 ;
276 1607 422 1648 «Deus
444 1603 640 1664 repulisti
660 1619 738 1649 nos
755 1639 766 1659 ,
791 1613 835 1648 et
850 1603 1099 1648 destruxisti
1121 1618 1200 1648 nos
1222 1604 1382 1650 :iratus
1395 1621 1463 1662 es,

79 1692 100 1716 »
135 1682 178 1719 et
197 1674 397 1719 misertus
430 1688 473 1718 es
495 1674 647 1719 nostri.
676 1692 696 1716 »
724 1674 978 1718 Destruxisti
1007 1689 1085 1719 nos
1106 1709 1116 1729 ‚
1148 1683 1198 1719 ut
1230 1674 1466 1721 aedificares

10 1795 11 1799 Ἰ
76 1760 179 1802 nos;
212 1743 460 1789 destruxisti
487 1759 565 1789 nos
596 1743 709 1788 male
740 1743 976 1790 aedificatos
994 1778 1005 1800 ,
1037 1744 1284 1790 destruxisti
1306 1761 1465 1792 vanam

77 1823 359 1865 vetustatem3
385 1823 435 1857 ut
455 1813 510 1858 sit
535 1813 763 1858 aedificatio
785 1814 829 1857 in
857 1829 1022 1859 novum
1054 1815 1275 1859 hominem
1294 1850 1305 1871 ‚
1330 1816 1464 1861 aedifi-

76 1885 412 1929 catio-mansura
432 1883 479 1928 in
500 1892 729 1928 aeternum.
745 1884 901 1929 Merito
914 1902 934 1926 «
947 1887 1087 1929 Iratus
1105 1900 1170 1941 es,
1188 1894 1232 1930 et
1258 1886 1463 1932 misertus

79 1973 98 1998 »
134 1970 178 1999 es
199 1955 350 1999 nostri.
378 1972 398 1996 »
425 1956 524 2000 Non
553 1954 790 2010 misereris,
816 1954 898 1998 nisi
921 1955 1176 2001 irascereris.
1203 1959 1462 2004 Destruxisti

77 2041 154 2071 nos
171 2026 217 2070 in
237 2026 299 2070 ira
316 2035 391 2071 tua
415 2044 424 2070 :
450 2024 526 2070 sed
546 2026 608 2071 ira
630 2035 705 2070 tua
725 2026 771 2070 in
791 2035 1053 2071 vetustatem
1070 2036 1262 2072 nostram
1285 2027 1370 2073 luit
1384 2064 1395 2085 ,
1413 2038 1464 2075 ut

78 2097 371 2142 destrueretur
392 2104 596 2141 vetustas,
625 2095 710 2142 Sed
728 2097 928 2141 misertus
950 2112 993 2141 es
1014 2098 1149 2142 nostri
1177 2108 1355 2159 propter
1378 2116 1463 2146 no-

77 2168 250 2213 vitatem
263 2202 274 2223 ‚
305 2176 483 2227 propter
503 2182 576 2211 eos
598 2166 676 2226 qui
696 2167 985 2212 immutantur
1008 2168 1054 2212 in
1075 2167 1193 2212 tituli
1214 2169 1465 2231 inscriptio-

78 2254 177 2283 nem
198 2257 207 2284 :
233 2239 334 2299 quia
368 2247 411 2282 et
443 2238 477 2283 si
510 2237 697 2283 exterior
717 2238 849 2283 homo
869 2247 1015 2283 noster
1035 2240 1332 2300 corrumpitur
1348 2276 1360 2299 ‚
1385 2243 1462 2289 sed

79 2311 254 2356 interior
270 2319 505 2365 renovatur
521 2309 576 2354 de
597 2309 668 2354 die
689 2310 734 2354 in
754 2310 911 2355 diem‘n

135 2385 210 2427 IV.
237 2402 257 2426 α
282 2370 563 2429 (Ιοηιηιοὴἷὶεῐί
579 2391 761 2437 terram,
782 2390 826 2426 et
841 2382 1113 2428 conturbasti
1134 2398 1227 2428 eam
1249 2386 1280 2428 ⁵.
1301 2402 1321 2427 >2
1347 2389 1461 2440 Quo-

80 2452 210 2499 modo
231 2453 490 2499 conturbata
513 2461 577 2498 est
592 2454 738 2498 terra?
759 2452 1031 2498 Conscientia
1048 2463 1342 2514 peccatorum.
1360 2460 1459 2511 Quo

127 2555 137 2572 ¹
157 2549 235 2582 Psal.
252 2550 314 2591 rix,
333 2550 365 2583 3.
387 2565 429 2573 —
449 2556 461 2573 ²
475 2550 551 2584 Luc²
572 2559 628 2591 xn,
648 2548 702 2591 (49.
719 2565 759 2572 -
777 2547 790 2572 3
810 2549 924 2582 Matth.
946 2561 978 2592 x,
998 2548 1051 2591 34.
1072 2567 1113 2574 ·—
1128 2549 1174 2584 ἀεὶ
1189 2553 1260 2584 Cor.
1281 2563 1327 2593 xv,
1353 2553 1460 2585 16.—

82 2601 96 2627 5
110 2604 187 2638 Psal.
201 2616 267 2647 mx,
283 2605 315 2648 4.

266 2671 387 2701 cxw.
1248 2664 1272 2702 7
