1889 3285
395 259 481 300 166
846 271 879 296 s.
917 270 1145 296 AUGUSTINI
1176 270 1355 297 Episcom

391 353 471 398 per
495 335 686 396 quietem
709 333 966 379 dissolvatur
993 344 1036 377 et
1057 333 1334 380 obliviscatur
1355 338 1494 380 Deum
1519 354 1528 380 ε
1554 335 1588 379 si
1612 349 1778 380 memor

393 417 457 453 est
479 407 557 452 Dei
588 405 766 467 quando
792 405 964 466 quietus
990 414 1079 460 est,
1114 405 1160 450 in
1189 407 1432 460 actionibus
1458 408 1544 452 suis
1562 407 1610 450 in
1638 410 1778 451 Deum
1827 401 1834 407 ’

394 477 646 524 meditatur.
668 476 918 521 Diluculum
947 476 1063 520 enim
1099 475 1204 522 dixit
1245 479 1459 533 actiones,
1498 479 1601 538 quia
1638 477 1778 522 omnis

393 552 528 596 homo
559 547 755 593 diluculo
784 547 937 607 incipit
968 546 1135 608 aliquid
1173 563 1314 608 agere.
1357 550 1475 602 Quid
1503 564 1606 607 ergo
1643 547 1778 592 dixit?

396 641 415 664 «
443 621 488 667 Si
509 635 675 665 memor
696 618 760 663 fui
781 619 847 663 tui
862 620 906 662 in
933 627 1066 663 strato
1082 634 1198 674 meo,
1223 628 1267 663 et
1293 620 1338 664 in
1366 619 1568 665 diluculis
1590 618 1777 663 medita-

392 710 416 735 »
441 693 520 737 bar
539 692 586 735 in
607 700 664 735 te.
688 708 708 731 »
737 689 780 734 Si
796 705 899 748 ergo
921 704 1010 733 non
1034 687 1100 733 fui
1120 705 1286 735 memor
1305 689 1352 734 in
1368 700 1502 735 strato
1524 705 1622 734 meo
1636 725 1648 745 ,
1673 689 1778 734 etin

389 762 584 808 diluculo
606 777 695 806 non
715 759 957 804 meditabar
972 759 1018 803 in
1035 768 1094 803 te.
1119 761 1202 814 Qui
1217 760 1396 822 quando
1418 761 1580 805 otiosus
1601 769 1666 804 est
1686 775 1778 804 non

389 834 550 892 cogitat
570 836 709 877 Deum
725 867 736 887 ,
756 831 803 875 in
825 832 1065 876 actionibus
1096 831 1184 876 suis
1213 833 1402 891 cogitare
1429 841 1574 892 potest
1602 832 1777 875 Deum?

389 905 476 959 Qui
493 912 639 948 autem
652 918 819 947 memor
840 903 931 963 ejus
953 911 1017 946 est
1029 901 1207 962 quando
1225 903 1397 962 quietus
1411 911 1498 957 est,
1511 903 1556 945 in
1577 901 1670 960 ipso
1691 916 1779 945 me—

387 974 554 1020 ditatur
584 987 685 1019 cum
707 974 816 1033 agit,
842 989 898 1017 ne
915 974 960 1017 in
982 973 1152 1017 actione
1179 973 1369 1018 deficiat.
1396 972 1502 1017 Ideo
1531 971 1641 1033 quid
1660 971 1779 1032 adje-

388 1046 477 1091 cit?
503 1065 524 1088 «
548 1048 605 1090 Et
620 1045 666 1089 in
682 1044 885 1089 diluculis
902 1043 1144 1088 meditabar
1165 1045 1213 1098 ,in
1235 1053 1279 1088 te
1305 1064 1314 1089 :
1343 1044 1447 1105 quia
1470 1042 1611 1088 factus
1632 1058 1676 1087 es
1697 1042 1778 1086 ad-

389 1135 412 1158 »
432 1117 552 1177 jutor
585 1132 720 1161 meus.
750 1135 770 1157 »
802 1116 978 1161 Etenim
1005 1115 1087 1160 nisi
1124 1119 1238 1160 Deus
1275 1116 1451 1176 adjuvet
1491 1115 1607 1159 bona
1647 1128 1778 1174 opera

386 1199 555 1243 nostra,
579 1187 789 1248 impleria
810 1188 935 1232 nobis
967 1203 1057 1232 non
1089 1196 1286 1247 possunt.
1312 1190 1370 1232 Et
1401 1186 1533 1246 digna
1567 1185 1778 1230 debemus

387 1258 587 1318 operari,
620 1258 665 1301 id
695 1267 786 1313 est,
822 1267 1033 1319 tanquam
1060 1258 1106 1303 in
1137 1258 1257 1313 luce,
1293 1257 1471 1319 quando
1499 1257 1672 1302 Christo
1699 1254 1778 1300 de-

385 1336 655 1373 monstrante
698 1343 946 1386 opeiamur.
991 1328 1266 1389 Quicumque
1306 1337 1511 1385 opeiatui
1551 1326 1694 1380 mala,
1732 1325 1778 1369 in

385 1408 518 1444 noete
534 1407 762 1458 operatur,
786 1412 877 1440 non
899 1396 945 1439 in
961 1394 1182 1439 diluculo·
1173 1395 1418 1475 ,Apostolo
1435 1395 1630 1439 dicente.
1654 1396 1776 1448 «Qui

388 1490 410 1515 >›
432 1470 722 1524 inebriantur,
749 1477 878 1512 nocte
901 1467 1197 1525 inebriantur,
1219 1476 1262 1512 et
1286 1453 1366 1528 qui
1388 1467 1627 1523 dormiunt,
1647 1477 1776 1512 nocte

386 1559 409 1584 »
435 1540 697 1585 dormiunt:
716 1553 794 1581 nos
815 1536 892 1597 qui
915 1536 1000 1581 diei
1027 1552 1200 1592 sumus,
1239 1538 1370 1582 sobrii
1404 1537 1580 1582 simus1.
1612 1555 1633 1579 ³)
1659 1540 1776 1582 Hor-

383 1620 504 1656 tatur
525 1624 603 1653 nos
625 1616 676 1651 ut
696 1606 939 1651 secundum
955 1606 1072 1651 diem
1090 1608 1364 1652 ambulemus
1377 1609 1559 1653 honeste
1576 1627 1586 1652 ε
1611 1627 1632 1651 «
1655 1609 1776 1654 Sicut

387 1699 409 1723 >›
429 1681 474 1724 in
491 1678 577 1733 die,
593 1677 752 1738 inquit,
769 1678 950 1722 honeste
971 1677 1245 1722 ambulemus
1256 1682 1288 1722 ².
1309 1697 1329 1719 »
1346 1681 1402 1722 Et
1423 1679 1581 1723 iterum
1596 1713 1607 1734 ,
1631 1697 1651 1720 «
1672 1681 1775 1733 Vos,

388 1770 410 1794 »
436 1750 602 1810 inquit,
632 1749 710 1792 filii
736 1747 844 1792 lucis
870 1748 969 1793 estis
985 1783 996 1804 ,
1021 1757 1066 1792 et
1097 1747 1175 1792 filii
1202 1748 1317 1807 diei3
1350 1765 1440 1793 non
1468 1765 1617 1794 sumus
1639 1750 1778 1794 noctis

385 1839 408 1864 »
428 1836 572 1881 neque
589 1819 914 1864 tenebrarum³.
941 1838 962 1861 n
984 1820 1066 1873 Qui
1087 1829 1190 1863 sunt
1210 1819 1288 1863 filii
1310 1821 1465 1875 noctis,
1491 1830 1533 1864 et
1551 1819 1629 1864 filii
1651 1829 1777 1864 tene-

383 1893 589 1937 brarum?
610 1891 695 1944 Qui
710 1890 855 1934 omnia
876 1889 990 1934 mala
1007 1899 1258 1950 operantur.
1278 1893 1423 1951 Usque
1446 1891 1555 1935 adeo
1576 1890 1655 1935 filii
1677 1907 1777 1936 noc-

383 1964 437 2008 tis
459 1970 582 2017 sunt,
608 1970 659 2005 ut
679 1961 861 2005 timeant
881 1961 1017 2004 videri
1031 1977 1129 2021 quae
1150 1971 1384 2020 operantur
1403 1970 1470 2005 :et
1487 1977 1586 2021 quae
1601 1961 1776 2020 publice

384 2041 621 2093 operantur
642 2031 755 2075 mala
772 2066 782 2086 ,
802 2030 900 2075 ideo
922 2030 1098 2091 publice
1120 2040 1356 2091 operantur
1373 2067 1383 2086 ,
1415 2032 1519 2092 quia
1542 2032 1673 2076 multi
1700 2032 1775 2077 illa

383 2111 620 2163 operantur
635 2121 643 2147 ;
659 2118 759 2163 quae
770 2102 897 2162 pauci
910 2111 1161 2161 operantur,
1178 2102 1224 2145 in
1237 2101 1494 2146 abscondito
1510 2112 1772 2162 operantur,

382 2175 459 2237 qui
471 2183 616 2219 autem
627 2172 728 2217 talia
741 2173 917 2233 publice
927 2181 1178 2233 operantur,
1190 2182 1291 2217 sunt
1302 2173 1481 2233 quidem
1493 2173 1539 2216 in
1547 2172 1644 2218 luce
1654 2173 1769 2230 solis,

382 2246 459 2291 sed
488 2245 533 2290 in
559 2245 748 2289 tenebris
774 2245 931 2289 cordis.
954 2247 1091 2289 Nemo
1113 2260 1215 2303 ergo
1244 2244 1291 2288 in
1311 2243 1507 2289 diluculo
1537 2255 1768 2305 operatur,

380 2316 462 2361 nisi
484 2315 561 2376 qui
592 2315 637 2359 in
659 2315 832 2360 Christo
866 2323 1083 2375 operatur.
1113 2314 1197 2359 Sed
1226 2315 1301 2375 qui
1324 2315 1486 2359 otiosus
1512 2330 1680 2361 memor
1708 2326 1771 2361 est

381 2385 556 2441 Christi,
577 2385 624 2429 in
638 2385 731 2445 ipso
748 2385 983 2429 meditatur
994 2385 1040 2429 in
1051 2385 1251 2429 omnibus
1265 2385 1509 2430 actionibus
1523 2386 1625 2441 suis,
1647 2395 1691 2430 et
1705 2395 1769 2431 est

381 2457 443 2501 illi
457 2456 628 2517 adjutor
638 2456 682 2499 in
696 2456 812 2500 bono
824 2471 969 2516 opere,
981 2471 1035 2499 ne
1048 2471 1124 2515 per
1135 2455 1431 2500 infirmitatem
1442 2472 1562 2500 suam
1577 2456 1766 2501 deficiat.

434 2572 441 2587 ¹
467 2577 477 2596 1
504 2565 611 2597 Thess.
639 2577 671 2602 ν,
696 2575 727 2605 7,
748 2565 779 2596 S.
802 2582 841 2586 --
862 2572 873 2586 ²
895 2567 981 2596 nom.
1010 2575 1076 2604 x'ni,
1103 2565 1150 2595 13.
1194 2581 1216 2585 -
1240 2563 1251 2586 3
1276 2575 1284 2595 1
1309 2564 1414 2595 Thess.
1434 2578 1466 2605 v,
1504 2578 1511 2594 ›

1849 1091 1856 1520 ÷¹

1848 1524 1853 1663 π

1843 1809 1850 2090 1

1841 2097 1872 2259 ¹

1837 2510 1841 2601 i
1870 2491 1871 2497 Ν
