1889 3285
426 209 510 250 274
865 216 897 244 S.
935 217 1165 245 Ancusnm
1195 218 1377 244 EPISCOPI

422 284 614 329 dubitari
635 282 813 327 omnino
835 296 925 325 non
944 282 1092 340 possit.
1119 280 1267 334 Qualis
1284 291 1327 325 et
1348 281 1421 325 illa
1443 282 1489 326 in
1510 280 1807 333 Pentateucho

419 354 567 399 multis
585 353 690 398 locis
703 351 922 397 invenitur
949 371 956 395 ;
987 370 1006 392 «
1024 354 1081 395 Et
1097 349 1200 395 fecit
1213 354 1383 409 Moyses
1402 351 1510 396 illud
1529 361 1660 412 atque
1674 349 1804 405 illud,

420 443 441 466 »
476 424 588 469 sicut
609 423 816 483 praecepit
837 422 1041 466 Dominus
1067 422 1241 478 Moysi&
1270 440 1290 463 »
1315 424 1412 466 Non
1442 421 1552 466 dixit
1573 420 1694 482 quod
1715 420 1807 464 usi-

418 504 559 540 tatum
580 503 645 538 est
662 493 710 536 in
732 491 1028 536 locutionibus
1050 491 1206 534 nostris
1228 510 1236 535 :
1266 511 1286 533 «
1305 493 1363 535 Et
1383 491 1487 535 feeit
1507 494 1678 548 Moyses
1697 490 1809 534 sicut

421 584 441 607 »
476 563 685 626 praecepit
705 563 745 606 ei
765 562 1001 620 Dominus3
1023 579 1043 602 »
1065 559 1157 616 sed,
1187 580 1208 603 «
1232 561 1354 606 Fecit
1374 564 1545 619 Moyses
1567 561 1678 605 sicut
1696 575 1809 620 prae-

420 654 441 677 »
476 634 593 695 cepit
613 632 822 678 Dominus
839 631 1005 689 Moysi3
1025 649 1045 673 »
1065 631 1189 691 quasi
1210 630 1318 675 alius
1340 631 1394 676 sit
1409 634 1583 690 Moyses
1605 631 1677 676 cui
1699 645 1811 690 prae-

417 706 547 765 cepit,
572 713 616 748 et
636 702 744 748 alius
763 704 934 759 Moyses
956 701 1032 761 qui
1053 699 1158 745 fecit
1173 736 1189 757 ,
1214 717 1316 745 cum
1338 701 1456 746 idem
1476 703 1566 762 ipse
1590 702 1659 746 sit.
1686 699 1815 744 Tales

418 774 663 819 locutiones
691 772 739 815 in
773 774 895 817 Novo
925 773 1200 814 Testamento
1224 770 1479 815 difficillime
1511 771 1823 833 reperiuntur.¹
1888 812 1889 815 ,

416 844 526 890 Inde
552 854 617 889 est
646 853 794 888 tamen
815 841 936 903 quod
956 841 1190 902 Apostolus
1217 843 1278 886 ait
1307 862 1316 887 :
1344 862 1364 885 «
1383 846 1446 887 De
1468 842 1580 886 Filio
1602 857 1681 886 suo
1696 876 1708 897 ‚
1732 839 1810 900 qui

417 934 438 958 »
455 915 614 960 ‘factus
643 923 706 959 est
733 914 772 957 ei
795 929 847 958 ex
877 914 1040 958 semine
1070 912 1211 958 David
1233 913 1475 959 secundum
1506 928 1708 968 carnem,
1732 911 1812 972 qui

417 1005 438 1029 »
463 986 794 1047 praedestinatus
807 983 1014 1030 estFilius
1027 985 1104 1029 Dei
1116 985 1330 1029 invirtute
1343 983 1585 1029 secundum
1602 983 1811 1043 Spiritum

418 1077 439 1100 »
475 1056 827 1102 sanctificationis
845 1072 895 1100 ex
917 1055 1233 1100 resurrectione
1245 1065 1520 1100 mortuorum
1537 1058 1561 1099 J
1565 1070 1640 1099 esu
1653 1053 1813 1099 Christi

417 1147 439 1170 n
475 1129 642 1174 Domini
663 1127 819 1172 nostri2
846 1147 855 1172 2
884 1146 903 1169 »
932 1137 1144 1188 tanquam
1162 1127 1271 1172 alius
1291 1128 1345 1172 sit
1371 1126 1506 1171 Filius
1522 1127 1600 1172 Dei
1621 1126 1697 1187 qui
1716 1123 1811 1169 fac-

415 1192 485 1245 tus
507 1210 572 1245 est
589 1215 639 1244 ex
658 1201 820 1243 semine
839 1196 980 1243 David
999 1199 1243 1243 secundum
1265 1214 1440 1243 carnem
1458 1233 1468 1253 ,
1494 1207 1538 1242 et
1558 1197 1667 1242 alius
1688 1199 1713 1241 J
1716 1212 1811 1242 esus

415 1271 616 1315 Christus
646 1269 856 1313 Dominus
878 1278 1052 1323 noster,
1088 1284 1188 1312 cum
1219 1270 1274 1312 sit
1295 1285 1410 1312 unus
1436 1277 1569 1327 atque
1598 1268 1731 1312 idem.
1759 1270 1812 1310 In

414 1341 634 1385 veteribus
674 1348 821 1383 autem
854 1338 974 1383 libris
1006 1339 1156 1384 crebra
1191 1348 1254 1383 est
1283 1339 1364 1383 ista
1390 1339 1555 1383 locutio
1591 1358 1599 1383 ι
1633 1348 1676 1382 et
1711 1338 1811 1382 ideo

416 1410 595 1472 quando
615 1409 885 1455 subobscure
902 1410 951 1452 fit
972 1444 982 1464 ,
1001 1425 1052 1452 ex
1074 1408 1312 1453 manifestis
1334 1409 1401 1453 sui
1421 1409 1590 1468 generis
1608 1407 1812 1468 exemplis

417 1480 701 1540 intelligenda
722 1489 809 1538 est3
833 1480 947 1524 sicut
963 1480 1046 1524 hoc
1063 1479 1161 1524 loco
1179 1478 1339 1523 Psalmi
1360 1481 1491 1540 hujus
1509 1495 1641 1539 quem
1658 1488 1811 1523 tracta-

416 1567 529 1608 mus?
561 1551 828 1596 subobscure
857 1549 972 1594 facta
995 1558 1072 1594 est.
1098 1553 1208 1595 Nam
1229 1551 1263 1593 si
1287 1549 1505 1594 diceretur
1521 1553 1644 1594 Jesus
1660 1549 1808 1595 Chris-

416 1632 508 1677 tus,
536 1625 631 1665 Rex
653 1621 877 1665 Virtutum
900 1622 1003 1664 Jesu
1030 1620 1218 1675 Christi,
1250 1629 1338 1663 tam
1362 1630 1512 1680 aperta
1540 1630 1649 1665 esset
1678 1635 1812 1680 quam

415 1690 490 1736 illa
517 1711 526 1735 ;
558 1710 579 1733 ι(
603 1690 724 1734 Fecit
757 1693 929 1747 Moyses
959 1689 1071 1733 sicut
1097 1690 1306 1749 praecepit
1336 1691 1549 1735 Dominus
1581 1689 1724 1748 Moysi
1749 1709 1758 1733 ε
1786 1707 1806 1730 »

417 1762 521 1823 quia
540 1777 642 1806 vero
663 1760 829 1805 dictum
851 1769 935 1816 est,
962 1779 979 1800 ‹<
1012 1763 1103 1804 Rex
1122 1761 1335 1805 virtutum
1352 1759 1552 1816 Dilecti‚»
1573 1776 1664 1804 non
1685 1758 1808 1804 facile

417 1841 482 1877 est
501 1842 552 1877 ut
570 1840 769 1877 occurrat
788 1831 931 1891 ipsum
954 1845 1044 1874 esse
1063 1846 1211 1889 regem
1228 1832 1471 1886 Virtutum,
1497 1831 1573 1891 qui
1595 1840 1658 1875 est
1673 1840 1716 1875 et
1730 1829 1804 1874 Di-

418 1904 572 1948 lectus,
603 1922 623 1944 «
646 1905 741 1947 Rex
763 1918 868 1961 ergo
886 1902 1102 1945 virtutum
1125 1901 1291 1956 Dilecti,
1316 1920 1335 1943 η
1361 1902 1421 1946 sic
1443 1901 1629 1961 intelligi
1646 1910 1804 1962 potest,

419 1991 469 2019 ac
490 1975 524 2018 si
546 1974 762 2018 diceretur
780 2008 791 2028 ‚
817 1988 891 2019 rex
912 1973 1124 2016 virtutum
1150 1988 1343 2028 suarum,
1369 1973 1472 2033 quia
1494 1982 1537 2017 et
1566 1988 1639 2016 rex
1665 1973 1806 2018 virtu-

423 2056 516 2091 tum
548 2054 612 2089 est
654 2045 852 2090 Christus
866 2079 876 2099 ‚
919 2052 962 2088 et
990 2043 1176 2087 Dilectus
1207 2053 1270 2087 est
1301 2043 1417 2088 idem
1456 2045 1546 2102 ipse
1589 2044 1802 2088 Christus.

420 2116 625 2170 Quamvis
653 2131 742 2160 non
764 2115 923 2159 habeat
946 2114 1026 2158 iste
1047 2129 1194 2158 sensus
1226 2122 1392 2157 tantam
1413 2114 1708 2159 necessitatem
1722 2149 1733 2170 ,
1758 2123 1809 2159 ut

420 2185 540 2231 aliud
556 2202 646 2230 non
665 2185 807 2230 valeat
831 2184 966 2244 accipi
991 2204 1000 2228 :
1026 2183 1128 2243 quia
1150 2193 1193 2227 et
1210 2187 1336 2227 Pater
1353 2193 1496 2243 potest
1517 2183 1700 2243 intelligi
1732 2200 1807 2228 rex

418 2258 630 2304 virtutum
650 2255 748 2300 Filii
768 2256 833 2299 sui
851 2255 1014 2310 dilecti,
1035 2255 1106 2298 cui
1130 2254 1234 2298 dicit
1253 2255 1344 2313 ipse
1366 2254 1552 2299 Dilectus
1575 2274 1584 2300 :
1609 2275 1626 2296 «
1648 2257 1804 2300 Omnia

423 2346 444 2370 ))
479 2342 577 2371 mea
603 2335 680 2370 tua
701 2335 817 2380 sunt,
844 2334 886 2369 et
909 2335 984 2370 tua
1005 2326 1144 2368 meass.
1174 2343 1193 2366 »
1220 2323 1350 2378 Quod
1371 2325 1405 2368 si
1426 2325 1539 2369 forte
1565 2326 1801 2386 quaeritur,

422 2407 573 2442 utrum
590 2400 704 2441 Deus
720 2395 894 2440 Domini
911 2398 935 2439 J
939 2411 1014 2439 esu
1031 2395 1189 2439 Christi
1206 2398 1333 2439 Pater
1361 2395 1491 2438 etiam
1511 2411 1585 2439 rex
1605 2396 1691 2440 dici
1712 2412 1808 2456 pos-

424 2468 478 2513 sit
502 2487 512 2512 :
536 2468 681 2512 nescio
702 2475 852 2511 utrum
870 2467 1102 2526 quisquam
1121 2466 1279 2510 audeat
1300 2466 1384 2510 hoc
1403 2466 1458 2510 ab
1478 2482 1530 2511 eo
1551 2482 1712 2512 nomen
1735 2483 1806 2512 au-

473 2560 481 2576 ¹
502 2554 595 2585 Num.
611 2563 688 2594 xvn,
707 2563 757 2593 11,
775 2551 867 2592 juxta
884 2563 957 2583 Lxx.
975 2569 1015 2574 —
1031 2559 1043 2574 ²
1063 2554 1154 2584 Rom.
1171 2563 1195 2592 1,
1213 2551 1244 2593 3,
1265 2550 1296 2593 4.
1317 2568 1358 2574 --
1378 2549 1391 2574 3
1409 2554 1500 2584 Joan.
1525 2563 1604 2594 xvn,
1623 2564 1670 2584 xo.
