1889 3285
385 204 470 243 434
822 212 856 241 s.
891 213 1122 244 Auens‘rnu
1143 216 1327 244 Emscom

378 288 546 333 cantat,
565 279 640 322 sed
654 287 698 322 et
718 287 834 322 amat
857 294 959 323 eum
979 295 1111 339 quem
1133 289 1294 325 cantat.
1321 283 1373 325 In
1399 280 1530 324 laude
1548 281 1766 325 confiten-

378 351 429 394 tis
443 357 506 393 est
516 348 792 408 praedicati03
812 349 858 392 in
873 350 1041 394 cantico
1061 351 1243 395 amantis
1264 351 1451 407 affectioq
1473 369 1492 392 ι(
1506 350 1768 397 Defecerunt

378 437 398 460 »
434 433 534 476 ergo
555 419 709 476 hymni
743 419 906 474 David,
937 438 957 461 »
985 420 1043 464 ait
1070 439 1079 465 :
1112 429 1155 464 et
1186 419 1386 475 addidit,
1423 440 1443 463 «
1465 420 1564 464 Filii
1585 424 1718 465 Jesse.
1741 439 1763 462 »

376 492 482 534 Erat
502 489 618 533 enim
640 489 776 534 David
798 505 871 533 rex
900 489 1032 538 Israel
1047 525 1058 545 ,
1083 489 1198 535 filius
1232 493 1371 535 Jesse¹
1394 526 1404 546 ‚
1429 501 1625 550 tempore
1652 506 1768 551 quo·-

375 559 476 603 dam
495 560 662 604 Veteris
687 561 951 604 Testamenti
977 580 986 605 2
1003 576 1092 620 quo
1107 569 1304 620 tempore
1321 563 1495 606 Novum
1517 564 1768 605 Testamen-

377 639 471 675 tum
493 630 761 675 occultatum
793 630 856 673 ibi
880 640 971 675 erat
987 666 998 686 ‚
1024 639 1236 691 tanquam
1257 629 1426 679 fructus
1451 631 1499 675 in
1530 630 1691 675 radice.
1724 631 1768 676 Si

377 700 492 744 enim
515 716 683 761 quaeras
705 699 896 744 fructum
919 700 966 744 in
983 701 1149 756 radice,
1169 716 1259 745 11011
1273 700 1465 746 invenies
1483 722 1494 759 3
1518 716 1599 745 nec
1619 709 1768 744 tamen

375 770 541 814 invenis
562 771 608 813 in
630 770 757 814 ramis
779 769 972 815 fructum
989 805 1000 826 ‚
1034 771 1116 814 nisi
1137 770 1214 831 qui
1241 769 1296 815 de
1318 771 1462 815 radice
1491 770 1762 830 processerit.

378 840 460 885 Illo
474 856 577 899 ergo
587 850 799 901 ternpore,
810 841 976 901 populo
986 840 1127 901 primo
1139 841 1331 885 venienti
1344 857 1395 885 ex
1407 841 1570 886 semine
1579 841 1768 885 Abrahae

376 911 627 970 carnaliter3
654 927 755 955 nam
782 921 826 956 et
844 912 1032 971 populus
1047 911 1264 956 secundus
1282 911 1502 971 pertinens
1524 910 1768 957 adNovum

376 983 724 1038 Testamentum,
748 981 805 1026 ad
826 998 975 1026 semen
1001 982 1190 1026 Abrahae
1202 982 1393 1041 pertinet
1408 1016 1420 1038 ‚
1444 980 1521 1026 sed
1535 982 1628 1041 jam
1649 981 1768 1040 spiri-

374 1051 518 1097 taliter
544 1071 553 1097 :
576 1052 640 1096 illi
675 1068 778 1112 ergo
800 1052 966 1113 populo
987 1053 1129 1114 primo
1147 1053 1294 1098 adhuc
1321 1051 1505 1108 carnali,
1541 1052 1620 1096 ubi
1642 1052 1768 1112 pauci

373 1122 604 1181 Prophetae
638 1122 944 1181 intelligebant
965 1132 1009 1167 et
1045 1122 1155 1183 quid
1189 1122 1511 1168 desideraretur
1537 1138 1562 1166 a
1583 1125 1700 1178 Deo,
1724 1131 1770 1166 et

376 1191 555 1253 quaudo
575 1193 759 1237 haberet
780 1193 959 1253 publice
982 1194 1232 1253 praedicari,
1267 1194 1673 1253 praenuntiaverunt
1691 1193 1769 1237 fu-

376 1271 473 1306 tura
484 1262 580 1307 haec
601 1272 813 1323 tempora,
828 1273 872 1307 et
884 1263 1123 1317 adventum
1134 1264 1310 1309 Domini
1324 1264 1461 1308 nostri
1477 1263 1765 1309 JesuChristi.
1826 1304 1831 1310 .

376 1335 433 1387 Et
456 1333 829 1393 quemadmodum
853 1334 1050 1393 Christus
1078 1334 1168 1393 ipse
1195 1333 1439 1380 secundum
1461 1349 1636 1379 carnem
1664 1349 1768 1382 nas—

375 1403 561 1458 citurus,
575 1404 621 1453 in
639 1403 783 1449 radice
805 1414 896 1452 erat
913 1404 1113 1449 occultus
1134 1405 1181 1448 in
1201 1404 1366 1448 semine
1390 1404 1739 1449 Patriarcharum
1753 1438 1765 1460 ‚

376 1482 420 1518 et
435 1474 629 1534 quodam
641 1483 837 1534 tempore
848 1474 1106 1520 revelandus
1126 1484 1338 1534 tanquam
1350 1473 1502 1519 fructu
1514 1483 1765 1534 apparente,

375 1543 488 1588 sicut
522 1543 732 1603 scriptum
761 1553 846 1600 est,
875 1563 896 1587 «
928 1545 1101 1589 Floruit
1122 1545 1242 1604 virga
1274 1543 1330 1588 de
1355 1544 1501 1590 radice
1529 1548 1682 1589 Jesse2
1707 1563 1716 1589 :
1745 1562 1766 1586 »

375 1616 434 1661 sic
455 1615 584 1660 etiam
616 1616 759 1674 ipsum
791 1619 964 1662 Novum
991 1619 1342 1671 Testamentum,
1374 1615 1496 1676 quod
1522 1617 1568 1660 in
1584 1616 1769 1663 Christo

374 1694 460 1740 est,
486 1685 703 1744 prioribus
733 1684 817 1728 illis
845 1686 1118 1745 temporibus
1139 1685 1364 1730 occultum
1397 1696 1515 1742 erat,
1541 1685 1641 1730 solis
1659 1689 1767 1730 Pro-

375 1756 516 1815 phetis
538 1756 791 1814 cognitum,
817 1764 860 1799 et
890 1755 1156 1815 paucissimis
1177 1756 1283 1814 piis,
1314 1771 1406 1800 11011
1435 1771 1487 1800 ex
1517 1754 1769 1801 manifesta-

374 1826 492 1870 tione
526 1825 829 1885 praesentium,
868 1824 944 1876 sed
967 1841 1018 1869 ex
1050 1825 1312 1869 revelatione
1345 1824 1614 1871 futurorum.
1658 1828 1768 1872 Nam

376 1895 485 1956 quid
502 1896 582 1939 sibi
601 1895 722 1951 vult,
744 1894 897 1939 fratres
912 1930 923 1951 ,
952 1905 1002 1939 ut
1022 1911 1160 1939 unum
1176 1894 1388 1955 quiddam
1411 1911 1764 1952 commemorem,

376 1967 498 2027 quod
517 1966 741 2010 Abraham
761 1967 937 2010 mittens
966 1982 1140 2011 servum
1163 1982 1292 2010 suum
1310 1965 1561 2019 fidelemad
1582 1966 1768 2027 despon-

376 2036 555 2080 sandam
576 2052 753 2086 uxorem
781 2037 911 2081 unico
933 2036 1022 2080 filio
1043 2052 1146 2092 5110,
1184 2035 1292 2081 facit
1304 2052 1405 2081 eum
1420 2038 1567 2097 jurare
1588 2030 1695 2093 sibi,
1723 2046 1768 2081 et

374 2108 419 2152 in
445 2111 695 2168 juramento
719 2108 823 2152 dicit
844 2108 883 2151 61
918 2127 926 2151 ;
957 2126 978 2149 «
1003 2111 1122 2151 Pone
1144 2123 1324 2151 manum
1346 2108 1429 2152 sub
1451 2107 1618 2157 femore
1646 2122 1764 2164 meo,

378 2196 398 2219 »
434 2188 477 2222 et
489 2181 591 2239 jura
608 2180 651 2220 ³?
670 2177 786 2232 Quid
808 2186 900 2222 crat
911 2179 957 2222 in
974 2177 1137 2222 femore
1159 2178 1348 2222 Abrahae
1364 2213 1376 2233 ‚
1397 2178 1471 2222 ubi
1493 2178 1566 2231 ille
1584 2193 1768 2232 matrum

378 2249 523 2308 posuit
533 2250 684 2309 jurans
697 2251 714 2290 ‘?
727 2249 844 2303 Quid
866 2249 927 2293 ibi
944 2257 1055 2304 erat,
1079 2248 1161 2292 11151
1179 2248 1300 2308 quod
1321 2257 1364 2292 et
1386 2258 1494 2293 tunc
1516 2250 1560 2292 ei·
1581 2250 1766 2308 promis-

378 2336 472 2364 sum
496 2329 585 2365 est:
616 2339 636 2362 «
661 2323 712 2363 In
736 2321 898 2364 semine
911 2329 987 2364 tuo
1008 2319 1324 2364 benedicentur
1346 2335 1495 2365 omnes
1514 2322 1721 2378 gentes4?
1740 2339 1775 2362 υ,

380 2391 573 2434 Femoris
592 2389 767 2434 nomine
789 2406 888 2433 caro
909 2389 1183 2447 significatur.
1206 2393 1273 2439 Dc,
1288 2404 1416 2440 carne
1447 2389 1658 2446 Abrahae,
1687 2405 1765 2450 per

431 2504 438 2519 ¹
464 2509 475 2528 1
496 2500 572 2538 Reg.
594 2508 659 2538 xw,
686 2497 735 2529 ιὸ.
752 2514 794 2519 -
815 2504 828 2519 ²
847 2499 918 2528 Isa'i.
942 2509 986 2537 xl,
1012 2508 1041 2528 1.
1066 2513 1107 2518 —-
1128 2494 1141 2518 3
1159 2498 1240 2528 Gen.
1258 2507 1347 2537 xxiv,
1363 2505 1393 2529 2.
1417 2513 1457 2519 -
1475 2494 1492 2526 4
1509 2497 1554 2528 Id.
1576 2507 1652 2539 xxu,
1673 2499 1725 2529 18.
