1889 3285
380 204 618 239 ENARRVA'HO
651 207 693 232 liv
727 205 924 234 PsALMUM
961 207 1058 233 va.
1339 193 1417 233 241

50 267 130 310 ista
144 276 220 312 est.
247 269 448 321 Quandiu
465 285 567 328 ergo
584 271 654 314 hic
669 286 839 327 sumus,
859 272 942 317 hoc.
964 285 1163 329 rogemus
1188 274 1324 314 Deum
1341 306 1352 326 ,
1376 281 1428 315 ut

51 354 140 382 non
163 355 185 382 a
208 340 332 384 nobis
358 350 555 385 amoveat
579 341 928 401 deprecationem
960 351 1149 386 nostram
1166 376 1176 396 ,
1202 350 1246 385 et
1267 342 1430 385 iniseri-

51 408 243 453 cordiam
268 426 388 454 suam
405 446 416 466 ,
441 411 485 454 id
519 420 602 467 est,
629 421 678 456 ut
701 421 1021 472 perseveranter
1043 427 1236 467 oremus,
1262 421 1304 456 et
1326 428 1429 471 per-

50 489 294 525 severanter
311 480 584 527 misereatur.
604 482 733 528 Multi
752 484 865 527 enim
881 483 1166 541 languescunt
1179 483 1225 526 in
1245 483 1427 538 orando,

51 559 95 595 et
120 550 165 595 in
199 551 392 596 novitate
424 568 512 596 sure
540 554 830 598 conversionis
858 552 1072 598 ferventer
1099 562 1252 609 orant,
1281 563 1430 613 postea

49 622 275 682 languide,
296 631 442 682 postea
464 621 639 681 frigide,
660 633 808 683 postea
830 624 1099 682 negligenter
1119 643 1127 668 :
1153 624 1276 684 quasi
1292 624 1431 668 securi

50 696 177 739 fiunt.
204 693 364 752 Vigilat
392 694 525 738 hostis
552 709 561 734 z
595 694 756 739 dormis
779 703 842 738 tu.
868 698 964 755 Ipse
993 695 1203 740 Dominus
1224 696 1432 755 praecepit

49 769 96 812 in
117 764 353 824 Evangelio
376 784 384 809 :
413 784 432 807 «
453 765 563 818 Quia
585 775 756 825 oportet
777 781 944 826 semper
975 782 1096 810 orare
1112 802 1122 822 ,
1148 775 1191 810 et
1213 782 1302 811 non
1324 765 1433 810 defi-

53 856 74 879 »
110 852 221 880 cere.
250 854 269 876 n
296 838 352 879 Et
378 834 454 879 dat
475 835 800 880 similitudinem
823 835 876 880 de
899 836 973 881 illo
995 836 1146 897 iniquo
1166 838 1330 897 judice,
1356 837 1432 897 qui

49 924 132 954 nee
154 911 293 952 Deum
315 907 521 962 timebat,
549 923 629 952 nee
651 908 874 952 hominem
896 909 1188 963 reverebatur,
1214 924 1346 969 quem
1366 908 1435 951 iu-

50 977 309 1039 terpellabat
330 976 403 1021 illa
429 977 560 1022 vidua
586 977 783 1038 quotidie
805 986 855 1021 ut
877 978 1048 1021 audiret
1073 993 1166 1021 eam
1195 997 1204 1022 ι
1241 987 1284 1021 et
1313 979 1437 1022 cessit

49 1050 182 1095 taedio
196 1049 294 1109 ,qui
316 1064 406 1100 non
428 1049 688 1094 flectebatur
708 1047 1000 1092 misericordia
1018 1069 1029 1105 3
1053 1057 1096 1092 et
1118 1048 1177 1091 ait
1202 1048 1285 1092 sibi
1301 1047 1437 1107 judex

24 1135 239 1180 >nequam
265 1139 273 1165 ε
303 1139 323 1162 (1
346 1121 389 1164 Si
410 1136 490 1163 nec
525 1123 663 1164 Deum
694 1119 849 1174 timeo,
884 1134 964 1163 nee
993 1119 1191 1164 homines
1220 1134 1434 1176 revereor,

52 1210 74 1234 >›
109 1191 179 1236 vel
200 1200 377 1251 propter
393 1190 573 1234 taedium
588 1189 709 1251 quod
723 1190 828 1234 mihi
847 1189 1042 1250 quotidie
1059 1189 1164 1234 facit
1175 1191 1269 1234 haee
1284 1189 1434 1245 vidua,

51 1280 76 1305 >›
110 1261 285 1305 audiam
303 1276 474 1305 causam
494 1262 601 1319 ejus,
622 1270 664 1304 et
681 1259 913 1304 vindicabo
930 1275 1040 1303 eam.
1056 1262 1113 1303 Et
1126 1259 1186 1303 ait
1200 1260 1408 1304 Dominus
1425 1278 1435 1304 z

51 1353 72 1376 »
110 1331 158 1378 Si
173 1331 307 1390 judex
325 1346 515 1390 nequam
536 1331 620 1374 hoc
637 1330 739 1374 fecit
753 1365 763 1384 ,
786 1334 911 1374 Pater
929 1339 1066 1373 vester
1087 1345 1177 1374 non
1197 1329 1438 1374 vindicabit

52 1423 74 1445 »
109 1403 272 1447 electos
294 1417 392 1445 suos
427 1401 504 1461 qui
527 1400 582 1444 ad
609 1416 709 1444 eum
732 1399 920 1444 clamant
941 1399 1011 1443 die
1041 1416 1090 1444 ac
1114 1409 1241 1444 nocte
1256 1402 1301 1443 1?
1326 1419 1345 1441 »
1373 1403 1440 1444 Ita

51 1474 150 1518 dieo
171 1471 294 1517 vobis
315 1507 326 1527 ,
356 1470 486 1515 faciet
512 1471 727 1530 judicium
755 1486 904 1515 eorum
934 1471 1035 1514 cito.
1072 1473 1187 1528 Ergo
1218 1487 1308 1514 11011
1330 1471 1440 1514 defi-

49 1544 215 1588 ciamus
230 1543 276 1585 in
299 1541 508 1585 oratione.
537 1540 615 1584 Ille
632 1539 753 1600 quod
770 1556 1050 1585 concessurus
1073 1550 1151 1595 est,
1172 1541 1250 1584 etsi
1272 1540 1438 1592 differt,

48 1629 143 1658 non
165 1611 332 1657 aufert:
361 1611 499 1655 securi
517 1610 572 1654 de
594 1610 905 1670 pollicitatione
926 1611 1060 1670 ipsius
1076 1626 1167 1653 11011
1187 1610 1439 1655 deficiamus

49 1683 217 1727 orando
234 1718 244 1738 ,
271 1691 314 1725 et
334 1682 418 1726 hoe
450 1697 500 1723 ex
521 1680 732 1723 beneficio
755 1680 888 1739 ipsius
915 1689 992 1723 est.
1024 1683 1258 1739 Propterea
1290 1680 1399 1723 dixit
1425 1699 1434 1724 :

53 1773 75 1796 ‹(
110 1752 370 1796 Benedictus
398 1754 512 1794 Deus
529 1766 672 1804 meus,
701 1750 776 1809 qui
799 1765 887 1793 11011
909 1749 1070 1805 amovit
1089 1750 1440 1807 deprecationem

50 1843 71 1866 »
107 1839 253 1867 meam
275 1820 675 1866 et-misericordiam
697 1835 818 1863 suam
835 1836 858 1863 a
879 1835 962 1862 me.
993 1839 1011 1860 »
1034 1822 1146 1864 Cum
1168 1819 1325 1864 videris
1348 1836 1439 1864 11011

48 1912 73 1940 a
95 1892 137 1939 te
156 1903 346 1938 amotam
370 1891 719 1951 deprecationem
734 1900 854 1934 tuam
869 1926 880 1946 ,
900 1905 1076 1934 securus
1094 1900 1201 1946 esto,
1223 1890 1324 1950 quia
1346 1906 1436 1935 non

50 1976 114 2011 est
130 1983 155 2011 a
174 1975 217 2010 te
236 1975 380 2010 amota
401 1963 690 2008 misericordia
706 1964 810 2022 ejus.

98 2068 108 2085 ¹
126 2064 204 2094 Luc.
225 2072 316 2103 xviu,
336 2059 402 2094 1-8.

236 2610 354 2639 cxvi.
1221 2610 1268 2646 16
