1889 3285
410 229 650 258 ENARRATIO
683 233 726 258 IN
760 231 961 259 PsALMUM
993 235 1147 261 Lxxnr.
1367 225 1449 263 477

75 303 119 338 et
139 294 359 349 robustus,
386 295 509 354 cujus
531 295 684 339 fluvios
705 296 835 340 siccat
856 300 990 341 Deus?
1011 299 1116 351 Quis
1130 334 1140 354 ‚
1166 300 1248 343 nisi
1268 300 1340 344 ille
1362 302 1452 360 ipse

74 364 235 409 draco?
260 383 280 406 «
304 366 441 410 Nemo
454 365 569 408 enim
591 366 723 410 intrat
742 367 787 410 in
809 367 989 411 domum
1004 367 1146 424 fortis,
1163 379 1213 413 ut
1227 386 1326 414 vasa
1342 370 1455 415 illius

77 451 99 476 »
132 435 327 494 diripiat,
352 434 434 478 nisi
454 435 573 495 prius
595 436 831 495 alligaverit
851 436 1054 482 fortem¹.
1081 457 1102 480 »
1128 442 1225 499 Ipse
1247 450 1310 484 est
1334 439 1455 486 fortis

75 504 131 549 de
158 505 319 549 virtute
352 521 430 550 sua
461 521 744 565 praesumem,
779 517 822 552 et
842 510 981 552 Deum
1015 507 1214 554 deserens
1241 510 1360 570 3ipse
1394 521 1458 555 est

76 573 221 630 fortis,
251 575 328 635 qui
356 575 415 620 ait
436 594 445 619 :
471 594 490 617 «
515 579 680 621 Ponam
701 576 849 621 sedem
868 593 1008 621 meam
1028 577 1082 622 ad
1103 579 1364 639 Aquilonem
1378 615 1389 635 ,
1417 589 1459 624 et

69 638 100 687 ‘»
136 660 210 689 ero
231 644 378 689 similis
399 645 618 691 Altissimo
633 648 664 690 ².
696 667 714 688 »
740 650 802 691 De
827 647 920 707 ipso
941 647 1074 692 calice
1099 663 1310 707 perversae
1332 648 1459 694 forti-

78 716 242 761 tudinis
261 716 427 761 homini
450 718 710 777 propinavit.
735 721 886 767 Fortes
909 734 997 762 esse
1030 718 1285 776 voluerunt,
1310 721 1386 781 qui
1418 736 1461 765 se

79 785 184 831 deos
199 785 370 831 futuros
395 786 450 831 de
472 787 571 832 cibo
589 788 725 834 vetito
749 787 1208 834 crediderunt.Factus
1230 800 1293 835 est
1320 790 1462 835 Adam

78 855 224 913 fortis,
251 857 321 902 cui
344 856 626 901 insultaretur
645 877 653 902 :
675 877 695 900 «
716 860 828 902 Ecce
850 858 991 903 factus
1007 868 1070 904 est
1090 861 1229 904 Adam
1257 869 1462 920 tanquam

81 945 104 969 »
137 943 252 972 unus
273 943 326 971 ex
348 928 475 973 nobis
501 929 532 971 3.
554 946 574 969 »
600 931 751 973 Fortes
773 938 817 972 et
829 928 973 972 Judaei
994 929 1048 973 de
1064 930 1229 989 justitia
1250 946 1326 975 sua
1347 946 1462 990 prae-

79 1007 298 1043 sumentes
316 1018 324 1042 :
345 1017 365 1040 «
391 1001 645 1057 Ignorantes
663 999 779 1042 enim
795 999 871 1043 Dei
881 999 1094 1058 justitiam
1106 1035 1117 1055 ,
1145 1009 1188 1044 et
1201 1016 1322 1045 suam
1333 1001 1464 1060 justi-

83 1087 104 1111 »
125 1068 228 1114 tiam
244 1078 486 1129 quaerentes
499 1069 778 1123 constituere,
795 1077 1005 1129 tanquam
1024 1068 1174 1125 fortes,
1191 1070 1370 1130 justitiae
1385 1071 1464 1115 Dei

86 1160 105 1182 »
123 1156 213 1185 non
225 1150 326 1185 sunt
340 1140 521 1200 subjecti
531 1143 562 1184 4.
581 1159 601 1182 n
620 1140 776 1184 Videte
784 1140 1004 1184 hominem
1015 1140 1234 1199 digessisse
1246 1141 1466 1186 fortitudi-

81 1226 183 1255 nem
196 1225 334 1266 suam,
346 1219 389 1254 et
403 1210 655 1254 remansisse
665 1211 904 1264 infirmum,
916 1210 1107 1269 inopem,
1119 1210 1248 1269 longe
1259 1220 1442 1255 stantem
1451 1248 1462 1267 ,

83 1296 163 1325 nec
183 1280 332 1326 oculos
354 1279 410 1325 ad
423 1279 584 1324 coelum
606 1278 748 1323 levare
776 1279 1024 1336 audentem3
1050 1279 1125 1323 sed
1151 1282 1467 1339 percutientem

83 1361 234 1412 pectus
243 1365 387 1406 suum,
399 1350 668 1394 etdicentem
681 1369 688 1394 :
702 1350 924 1405 «Domine,
936 1350 1149 1409 propitius
1158 1360 1248 1395 esto
1257 1352 1360 1395 mihi
1371 1368 1471 1412 pec-

87 1440 108 1464 »
126 1423 260 1467 catori
276 1424 307 1465 ⁵.
331 1440 351 1463 »
373 1424 470 1465 Jam
483 1421 679 1465 infirmus
697 1430 774 1475 est,
790 1422 879 1481 jam
899 1421 1195 1465 infirmitatem
1216 1424 1463 1479 confitetur,

85 1508 175 1538 non
191 1501 255 1537 est
274 1491 397 1536 fortis
415 1511 424 1536 :
440 1491 579 1536 arrida
600 1500 713 1535 terra
735 1500 819 1546 est,
840 1491 1004 1549 rigetur
1024 1491 1218 1536 fontibus
1240 1503 1283 1537 et
1304 1502 1468 1538 torren-

85 1564 217 1608 tibus.
236 1562 305 1607 Illi
320 1563 463 1607 adhuc
477 1562 607 1607 fortes
621 1571 736 1617 sunt,
755 1563 831 1621 qui
847 1561 901 1605 de
919 1562 1079 1605 virtute
1093 1578 1168 1606 sua
1181 1574 1464 1622 praesumunt.

89 1635 313 1681 Siccentur
342 1633 524 1677 flumina
550 1648 723 1687 eorum,
759 1648 849 1677 non
872 1633 1100 1692 proficiant
1122 1632 1331 1678 doctrinae
1362 1651 1470 1694 gen-

88 1705 220 1760 tium,
274 1704 576 1763 haruspicum,
619 1704 1050 1758 mathematicorum,
1098 1704 1276 1762 magicae
1318 1715 1428 1750 artes
1458 1726 1466 1751 :

88 1776 297 1837 quoniam
334 1775 479 1820 siccati
514 1783 616 1818 sunt
646 1774 768 1817 fluvii
800 1771 950 1817 fortis:
975 1792 996 1816 «
1034 1776 1100 1817 Tu
1123 1775 1287 1819 siccasti
1316 1776 1470 1821 fluvios

92 1866 113 1889 n
147 1848 322 1892 Etham.
366 1864 386 1887 »
428 1849 606 1890 Arescat
634 1843 707 1889 illa
739 1843 959 1899 doctrina,
1003 1844 1275 1889 inundentur
1305 1856 1472 1891 mentes

89 1919 327 1978 Evangelio
347 1918 553 1963 veritatis.

149 1993 270 2035 XIX.
296 2009 316 2032 «
343 1992 460 2033 Tuus
479 1999 542 2033 est
557 1988 670 2043 dies,
696 1997 738 2032 et
762 1997 834 2032 tua
857 1996 919 2032 est
937 1989 1066 2032 noxe.
1087 2005 1107 2029 υ
1130 1988 1234 2041 Quis
1248 1989 1472 2048 hocigno-

93 2072 181 2118 rat,
212 2061 390 2123 quando
411 2061 502 2120 ipse
529 2059 632 2104 fecit
652 2060 747 2104 haec
770 2059 937 2104 omnia:
963 2059 1063 2119 quia
1081 2074 1158 2118 per
1178 2060 1360 2104 verbum
1384 2060 1473 2106 fac-

95 2144 139 2178 ta
160 2142 262 2178 sunt
282 2133 427 2178 omnia
441 2133 485 2173 ⁷?
508 2130 576 2175 Illi
595 2131 675 2190 ipsi
689 2129 764 2190 qui
783 2139 983 2190 operatus
995 2138 1059 2174 est
1075 2129 1257 2174 salutem
1270 2131 1315 2174 in
1333 2131 1476 2177 medio
1531 2167 1533 2169 .

96 2213 239 2258 terrae,
256 2203 320 2246 illi
336 2202 494 2247 dicitur
511 2220 520 2246 2
536 2220 556 2243 «
573 2204 690 2244 Tuus
705 2209 768 2244 est
778 2199 883 2255 dies,
903 2209 945 2243 et
962 2209 1036 2244 tua
1056 2209 1119 2243 est
1138 2216 1239 2244 nox.
1261 2219 1281 2241 »
1299 2202 1478 2262 Aliquid

97 2275 170 2319 hic
185 2273 427 2333 intelligere
441 2272 673 2326 debemus,
697 2270 817 2331 quod
829 2271 1040 2330 pertineat
1059 2271 1113 2314 ad
1124 2271 1259 2330 ipsam
1271 2271 1449 2318 salutem
1465 2309 1476 2329 ‚

99 2360 233 2406 quam
254 2353 456 2404 operatus
477 2351 540 2387 est
552 2342 598 2386 in
619 2341 764 2386 medio
786 2350 926 2385 terrae.
956 2361 975 2383 «
1002 2344 1118 2385 Tuus
1141 2351 1202 2386 est
1219 2341 1322 2386 dies.
1347 2361 1366 2384 »
1393 2344 1478 2396 Qui

103 2435 125 2458 »
160 2416 369 2461 suntisti‘?
393 2433 413 2456 »
444 2413 678 2474 Spiritales.
699 2432 719 2455 «
743 2415 889 2457 Ettua
913 2421 976 2456 est
996 2427 1095 2457 nox.
1119 2430 1140 2454 »
1163 2413 1247 2466 Qui
1269 2413 1478 2470 suntisti?

151 2521 159 2536 ¹
179 2513 368 2553 Matth.x11‚
387 2521 440 2554 29.
461 2527 503 2533 --
522 2517 536 2533 ²
559 2511 631 2542 lsai.
647 2521 710 2551 ειν,
734 2509 785 2542 13.
807 2527 847 2532 -—-
868 2507 881 2532 3
895 2511 974 2542 Gen.
992 2519 1038 2551 m,
1060 2518 1110 2542 12.
1131 2527 1172 2532 —
1186 2508 1201 2539 4
1220 2512 1308 2541 Rom.
1333 2520 1363 2550 x,
1383 2510 1412 2541 3.
1436 2526 1477 2533 —

106 2568 120 2592 5
136 2572 213 2601 Luc.
235 2580 323 2609 xvm,
351 2570 402 2600 13.
418 2585 458 2589 —
477 2565 492 2590 6
511 2566 578 2598 psal
607 2578 711 2606 tum,
737 2566 786 2597 tsi.
814 2582 854 2588 --
874 2573 886 2597 7
907 2567 995 2596 Joan.
1012 2577 1034 2605 1,
1054 2563 1085 2596 3.
