1889 3285
402 262 643 293 ENARRATro
674 266 720 294 m
751 264 955 294 PsALMUM
985 267 1092 295 Lx11.
1346 254 1429 294 155

0 291 2 395 ξ
52 330 283 383 Quomodo
300 338 343 375 et
359 345 538 389 corpore
556 330 633 390 qui
650 330 810 375 dormit
829 332 942 375 inter
959 330 1098 375 diem:
1116 330 1207 391 jam
1226 339 1348 377 ortus
1369 340 1433 376 est

0 397 2 474 j
51 399 131 455 sol,
151 401 242 460 jam
263 399 352 444 dies
367 399 493 455 calet,
519 409 562 443 et
578 399 651 444 ille
672 409 882 461 tanquam
899 401 944 444 in
961 409 1089 444 nocte
1108 409 1174 444 est
1187 435 1198 456 ‚
1223 401 1326 461 quia
1343 416 1434 446 non

0 477 3 510 Ι
50 471 201 530 vigilat
213 481 264 516 ut
278 472 423 518 videat
431 474 521 532 jam
536 481 682 518 ortum
700 472 837 522 diem:
855 473 914 518 sic
928 472 1210 532 quibusdam,
1221 471 1309 531 jam
1321 488 1435 532 prae-

0 515 3 601 i
49 551 172 588 sente
193 543 363 587 Christo
376 577 388 597 ,
401 542 492 601 jam
509 540 740 601 praedicata
751 542 946 597 veritate,
966 541 1077 586 inest
1097 540 1241 586 adhuc
1258 558 1434 588 somnus

49 614 220 656 animae.
262 611 351 656 Illis
388 626 490 670 ergo
525 627 602 657 vos
617 648 628 668 ,
668 613 702 656 si
744 612 927 671 vigiletis
947 647 959 668 ‚
999 612 1150 656 dicetis
1187 612 1383 672 quotidie
1420 630 1430 655 :

53 699 75 724 «
110 684 267 741 Surge,
287 683 364 742 qui
381 682 542 726 dormis
558 717 569 737 ,
595 691 638 726 et
660 697 818 741 exurge
841 698 864 726 a
880 682 1084 737 mortuis,
1106 691 1150 725 et
1170 681 1437 728 illuminabit

52 768 74 797 >›
107 761 151 795 te
167 752 403 797 Christus¹.
421 752 557 796 »Vita
579 752 695 795 enim
711 762 867 806 vestra,
892 761 936 796 et
954 767 1094 796 mores
1107 753 1239 797 vestri
1261 752 1437 811 vigilare

47 821 214 869 debent
228 822 274 866 in
296 822 491 878 Christo,
516 831 566 866 ut
588 823 776 867 sentiant
799 822 871 867 alii
894 823 1069 880 Pagani‚
1089 821 1368 879 dormientes,
1393 833 1438 868 et

46 890 104 938 ad
121 892 312 936 sonitum
330 892 577 950 vigiliarum
600 901 840 936 vestrarum
863 893 1122 947 excitentur,
1141 902 1186 936 et
1206 893 1288 952 ipsi
1309 908 1436 938 excu-

48 962 160 1006 tiant
181 977 405 1018 somnum,
435 971 480 1006 et
501 963 711 1022 incipiant
739 963 785 1006 in
807 963 980 1007 Christo
1007 963 1234 1007 vobiscum
1257 962 1401 1008 dicere
1422 982 1432 1008 ε

48 1049 74 1078 ,«
107 1034 221 1076 Deus
238 1067 250 1087 ,
275 1035 389 1077 Deus
405 1047 548 1087 meus,
572 1032 627 1078 ad
642 1041 685 1076 te
705 1032 760 1076 de
781 1032 880 1076 luce
904 1032 1050 1090 vigilo.
1080 1050 1101 1073 »

106 1103 160 1145 V.
185 1121 206 1144 «
229 1102 371 1147 Sitivit
388 1102 467 1147 tibi
487 1103 630 1147 anima
646 1117 755 1147 mea.
778 1121 799 1145 »
825 1105 937 1146 Ecce
953 1102 1064 1146 illud
1085 1102 1305 1147 desertum
1327 1103 1436 1147 Idu-

2 1162 7 1291 ι
47 1187 184 1217 maeae.
210 1172 364 1217 Videte
384 1174 608 1234 quomodo
631 1174 703 1218 hic
728 1174 839 1232 sitit,
864 1173 940 1218 sed
969 1173 1113 1219 videte
1133 1174 1242 1235 quid
1262 1174 1334 1219 hic
1356 1174 1438 1219 bo-

47 1258 156 1287 num
177 1252 261 1298 est,
297 1262 318 1285 ‹<
345 1244 488 1289 Sitivit
511 1245 606 1289 tibi.
642 1246 753 1289 Sunt
784 1245 900 1288 enim
929 1245 1004 1304 qui
1032 1245 1207 1299 sitiunt,
1239 1245 1316 1288 sed
1346 1260 1437 1289 non

2 1294 7 1452 ι
47 1316 154 1358 Deo.
180 1314 332 1358 Omnis
355 1315 431 1374 qui
452 1315 534 1359 sibi
565 1315 660 1359 vult
691 1314 857 1375 aliquid
878 1314 1099 1374 praestari,
1132 1315 1177 1357 in
1196 1313 1348 1358 ardore
1374 1323 1439 1358 est

48 1381 250 1426 desiderii
278 1401 286 1427 ε
317 1383 461 1441 ipsum
488 1384 749 1427 desiderium
780 1385 870 1426 sitis
900 1393 963 1426 est
1002 1384 1172 1427 animae.
1207 1386 1264 1427 Et
1295 1383 1439 1428 videte

3 1453 8 1524 j
48 1461 214 1514 quanta
233 1452 443 1496 desideria
466 1453 554 1496 sint
575 1451 621 1496 in
647 1452 853 1497 cordibus
876 1454 1107 1497 hominum
1132 1470 1144 1498 .·
1179 1453 1286 1497 alius
1320 1454 1437 1498 desi-

4 1525 8 1582 Ι
49 1523 172 1568 derat
201 1538 379 1578 aurum,
419 1523 527 1566 alius
559 1522 774 1566 desiderat
802 1532 1054 1580 argentum,
1087 1523 1194 1567 alius
1222 1523 1439 1568 desiderat

4 1587 9 1673 Ι
47 1594 332 1653 possessiones
349 1628 360 1648 ‚
384 1593 492 1637 alius
511 1592 785 1638 haereditates
796 1628 810 1648 ,
836 1593 942 1637 alius
966 1592 1165 1652 amplam·
1176 1595 1407 1652 pecuniam
1423 1630 1435 1650 ‚

48 1663 156 1710 alius
176 1663 314 1707 multa
335 1679 514 1722 pecora,
535 1662 642 1707 alius
659 1663 841 1708 domum
862 1677 1081 1720 magnam,
1107 1662 1216 1707 alius
1234 1679 1434 1719 uxorem,

49 1732 158 1779 alius
178 1734 379 1788 honores,
400 1733 508 1777 alius
529 1733 655 1778 filios.
678 1733 845 1778 Videtis
868 1732 1080 1777 desideria
1100 1734 1196 1789 ista,
1215 1734 1438 1795 quomodo

49 1812 152 1859 sunt
168 1804 212 1848 in
233 1803 438 1848 cordibus
459 1804 704 1848 hominum.
730 1802 900 1848 Ardent
925 1818 1075 1847 omnes
1102 1803 1300 1848 homines
1326 1803 1438 1848 desi-

51 1874 170 1920 derio
196 1893 205 1920 2
232 1883 276 1918 et
306 1875 377 1919 vix
408 1874 630 1918 invenitur
665 1874 743 1934 qui
780 1872 896 1919 dicat
921 1892 929 1919 z
960 1891 981 1916 α
1014 1873 1154 1918 Sitivit
1183 1873 1265 1917 tibi
1296 1874 1440 1918 anima

53 1961 74 1989 >›
107 1959 218 1988 mea.
242 1962 263 1985 »
288 1943 450 1989 Sitiunt
468 1944 585 1987 enim
606 1943 804 1988 homines
832 1943 992 1987 saeculo
1013 1958 1022 1984 ε
1048 1952 1092 1988 et
1113 1959 1202 1988 non
1220 1958 1263 1987 se
1282 1943 1440 1988 intelli-

52 2023 160 2073 gunt
180 2014 226 2057 in
244 2013 414 2058 deserto
436 2029 525 2057 esse
559 2013 787 2068 Idumaeae,
812 2014 891 2058 ubi
913 2013 1046 2058 debet
1066 2014 1183 2057 sitire
1203 2013 1346 2058 anima
1367 2013 1439 2073 ip-

50 2099 195 2139 sorum
218 2087 322 2128 Deo.
338 2085 539 2129 Dicamus
560 2098 662 2141 ergo
679 2099 784 2128 nos:
812 2103 832 2126 1<
857 2083 998 2128 Sitivit
1019 2083 1100 2128 tibi
1118 2084 1260 2127 anima
1277 2098 1394 2129 mea:
1411 2102 1433 2125 »

54 2170 201 2199 omnes
232 2154 448 2210 dicamus,
485 2155 587 2215 quia
618 2155 664 2199 in
704 2154 938 2199 concordia
971 2153 1131 2199 Christi
1164 2169 1314 2199 omnes
1349 2169 1437 2198 una

54 2225 196 2270 anima
217 2240 366 2268 sumus
387 2244 396 2268 ε
421 2225 511 2284 ipsa
533 2225 675 2268 anima
696 2224 812 2268 sitiat
832 2224 875 2267 in
900 2223 1109 2268 Idumaea.

111 2298 187 2340 VI.
218 2314 239 2337 «
265 2295 406 2341 Sitivit
426 2296 527 2351 tibi,
553 2296 719 2355 inquit,
746 2297 890 2340 anima
913 2311 1008 2339 mea
1038 2315 1046 2340 :
1073 2311 1204 2356 quam
1222 2295 1438 2355 multipli-

58 2384 79 2410 υ,
112 2365 218 2417 citer
238 2365 319 2409 tibi
342 2375 384 2410 et
405 2380 504 2411 caro
528 2369 664 2410 mea2.
694 2384 713 2407 »
740 2369 899 2410 Parum
920 2375 984 2409 est
1008 2367 1108 2427 quia
1134 2366 1267 2411 sitivit
1296 2367 1439 2411 anima

56 2451 165 2492 mea,
181 2436 313 2480 sitivit
327 2445 371 2480 et
391 2452 490 2480 caro
511 2451 621 2480 mea.
646 2440 756 2481 'Puta
777 2437 811 2481 si
826 2437 969 2481 anima
987 2436 1077 2481 sitit
1092 2440 1198 2491 Deo,
1217 2435 1440 2496 quomodo

57 2514 99 2556 et
121 2522 220 2557 caro
243 2506 331 2552 sitit
353 2508 474 2551 Deo?
497 2506 683 2559 Quando
705 2506 820 2550 enim
856 2522 956 2551 caro
985 2507 1094 2561 sitit,
1124 2522 1280 2566 aquam
1311 2506 1399 2550 sitit
1419 2524 1429 2550 :

104 2595 114 2612 ¹
134 2589 246 2631 Ephes.
268 2601 312 2629 vi,
330 2589 362 2630 4.
380 2605 421 2613 -
439 2596 452 2613 ²
475 2589 557 2622 Psal.
574 2599 650 2626 mm,
668 2598 699 2621 2.

11 2535 15 2662 ξ

12 2663 15 2706 l

13 2707 17 2914 ε

14 2931 18 3044 ξ
