<?xml version="1.0" encoding="UTF-8"?>
<!DOCTYPE html PUBLIC "-//W3C//DTD XHTML 1.0 Transitional//EN"
    "http://www.w3.org/TR/xhtml1/DTD/xhtml1-transitional.dtd">
<html xmlns="http://www.w3.org/1999/xhtml" xml:lang="en" lang="en">
 <head>
  <title>
</title>
<meta http-equiv="Content-Type" content="text/html;charset=utf-8" />
  <meta name='ocr-system' content='tesseract 3.04.00' />
  <meta name='ocr-capabilities' content='ocr_page ocr_carea ocr_par ocr_line ocrx_word'/>
</head>
<body>
  <div class='ocr_page' id='page_1' title='image "./operaomniaaccura09auguuoft_0411.png"; bbox 0 0 1889 3285; ppageno 0'>
   <div class='ocr_carea' id='block_1_1' title="bbox 275 206 1460 255">
    <p class='ocr_par' dir='ltr' id='par_1_1' title="bbox 275 206 1460 255">
     <span class='ocr_line' id='line_1_1' title="bbox 275 206 1460 255; baseline 0.003 -14"><span class='ocrx_word' id='word_1_1' title='bbox 275 213 516 242; x_wconf 72' lang='lat' dir='ltr'>ENARRATm</span> <span class='ocrx_word' id='word_1_2' title='bbox 548 216 581 241; x_wconf 93' lang='lat'>11</span> <span class='ocrx_word' id='word_1_3' title='bbox 611 216 657 242; x_wconf 76' lang='grc' dir='ltr'>ΙΝ</span> <span class='ocrx_word' id='word_1_4' title='bbox 689 214 894 244; x_wconf 78' lang='lat' dir='ltr'>PsALMUM</span> <span class='ocrx_word' id='word_1_5' title='bbox 923 215 1027 255; x_wconf 77' lang='lat' dir='ltr'><strong>Lxx,</strong></span> <span class='ocrx_word' id='word_1_6' title='bbox 1060 215 1200 244; x_wconf 70' lang='lat' dir='ltr'>SERMO</span> <span class='ocrx_word' id='word_1_7' title='bbox 1231 218 1280 244; x_wconf 88' lang='lat'>11.</span> <span class='ocrx_word' id='word_1_8' title='bbox 1373 206 1460 246; x_wconf 84' lang='lat'>399</span> 
     </span>
    </p>
   </div>
   <div class='ocr_carea' id='block_1_2' title="bbox 42 280 1468 2521">
    <p class='ocr_par' dir='ltr' id='par_1_2' title="bbox 72 280 1463 621">
     <span class='ocr_line' id='line_1_2' title="bbox 72 280 1462 344; baseline 0.003 -21"><span class='ocrx_word' id='word_1_9' title='bbox 72 294 174 323; x_wconf 90' lang='lat' dir='ltr'>cum</span> <span class='ocrx_word' id='word_1_10' title='bbox 200 280 422 325; x_wconf 83' lang='lat' dir='ltr'>recesserit</span> <span class='ocrx_word' id='word_1_11' title='bbox 446 280 705 336; x_wconf 83' lang='lat' dir='ltr'>moriantur,</span> <span class='ocrx_word' id='word_1_12' title='bbox 737 282 919 326; x_wconf 85' lang='lat' dir='ltr'>dicimus</span> <span class='ocrx_word' id='word_1_13' title='bbox 947 282 986 326; x_wconf 89' lang='lat' dir='ltr'>ei</span> <span class='ocrx_word' id='word_1_14' title='bbox 1014 301 1023 327; x_wconf 80' lang='lat'>2</span> <span class='ocrx_word' id='word_1_15' title='bbox 1053 301 1074 325; x_wconf 90' lang='lat'>«</span> <span class='ocrx_word' id='word_1_16' title='bbox 1103 285 1162 326; x_wconf 86' lang='lat' dir='ltr'>Et</span> <span class='ocrx_word' id='word_1_17' title='bbox 1182 297 1320 344; x_wconf 86' lang='lat' dir='ltr'>usque</span> <span class='ocrx_word' id='word_1_18' title='bbox 1341 298 1462 328; x_wconf 82' lang='lat' dir='ltr'>nunc</span> 
     </span>
     <span class='ocr_line' id='line_1_3' title="bbox 75 349 1459 412; baseline 0.005 -21"><span class='ocrx_word' id='word_1_19' title='bbox 75 367 96 390; x_wconf 92' lang='lat'>»</span> <span class='ocrx_word' id='word_1_20' title='bbox 131 350 404 394; x_wconf 84' lang='lat' dir='ltr'>annuntiabo</span> <span class='ocrx_word' id='word_1_21' title='bbox 425 349 639 394; x_wconf 86' lang='lat' dir='ltr'>mirabilia</span> <span class='ocrx_word' id='word_1_22' title='bbox 661 360 736 395; x_wconf 88' lang='lat' dir='ltr'>tua</span> <span class='ocrx_word' id='word_1_23' title='bbox 761 371 770 396; x_wconf 89' lang='lat'>:</span> <span class='ocrx_word' id='word_1_24' title='bbox 795 370 814 393; x_wconf 89' lang='lat'>»</span> <span class='ocrx_word' id='word_1_25' title='bbox 832 353 934 412; x_wconf 89' lang='lat' dir='ltr'>quia</span> <span class='ocrx_word' id='word_1_26' title='bbox 956 367 1059 396; x_wconf 90' lang='lat' dir='ltr'>cum</span> <span class='ocrx_word' id='word_1_27' title='bbox 1079 367 1253 396; x_wconf 88' lang='lat' dir='ltr'>mecum</span> <span class='ocrx_word' id='word_1_28' title='bbox 1275 368 1319 397; x_wconf 92' lang='lat' dir='ltr'>es</span> <span class='ocrx_word' id='word_1_29' title='bbox 1335 352 1459 410; x_wconf 89' lang='lat' dir='ltr'>vivo,</span> 
     </span>
     <span class='ocr_line' id='line_1_4' title="bbox 73 420 1459 482; baseline 0.004 -19"><span class='ocrx_word' id='word_1_30' title='bbox 73 428 118 463; x_wconf 92' lang='lat' dir='ltr'>et</span> <span class='ocrx_word' id='word_1_31' title='bbox 140 420 296 464; x_wconf 87' lang='lat' dir='ltr'>animae</span> <span class='ocrx_word' id='word_1_32' title='bbox 317 436 425 465; x_wconf 82' lang='lat' dir='ltr'>meae</span> <span class='ocrx_word' id='word_1_33' title='bbox 445 421 533 465; x_wconf 90' lang='lat' dir='ltr'>vita</span> <span class='ocrx_word' id='word_1_34' title='bbox 555 430 605 465; x_wconf 91' lang='lat' dir='ltr'>tu</span> <span class='ocrx_word' id='word_1_35' title='bbox 627 437 693 477; x_wconf 81' lang='lat' dir='ltr'>es,</span> <span class='ocrx_word' id='word_1_36' title='bbox 713 438 812 482; x_wconf 84' lang='lat' dir='ltr'>quae</span> <span class='ocrx_word' id='word_1_37' title='bbox 833 423 1044 467; x_wconf 89' lang='lat' dir='ltr'>morietur</span> <span class='ocrx_word' id='word_1_38' title='bbox 1056 422 1090 466; x_wconf 91' lang='lat' dir='ltr'>si</span> <span class='ocrx_word' id='word_1_39' title='bbox 1102 422 1347 468; x_wconf 87' lang='lat' dir='ltr'>dimittatur</span> <span class='ocrx_word' id='word_1_40' title='bbox 1361 424 1459 469; x_wconf 88' lang='lat' dir='ltr'>sibi.</span> 
     </span>
     <span class='ocr_line' id='line_1_5' title="bbox 74 489 1463 554; baseline 0.002 -20"><span class='ocrx_word' id='word_1_41' title='bbox 74 492 189 547; x_wconf 84' lang='lat' dir='ltr'>Ergo</span> <span class='ocrx_word' id='word_1_42' title='bbox 212 489 319 534; x_wconf 91' lang='lat' dir='ltr'>dum</span> <span class='ocrx_word' id='word_1_43' title='bbox 343 491 465 534; x_wconf 88' lang='lat' dir='ltr'>adest</span> <span class='ocrx_word' id='word_1_44' title='bbox 486 491 572 534; x_wconf 85' lang='lat' dir='ltr'>vita</span> <span class='ocrx_word' id='word_1_45' title='bbox 595 506 691 536; x_wconf 91' lang='lat' dir='ltr'>mea</span> <span class='ocrx_word' id='word_1_46' title='bbox 711 527 723 547; x_wconf 84' lang='lat'>‚</span> <span class='ocrx_word' id='word_1_47' title='bbox 753 493 837 537; x_wconf 90' lang='lat' dir='ltr'>hoc</span> <span class='ocrx_word' id='word_1_48' title='bbox 858 502 944 549; x_wconf 90' lang='lat' dir='ltr'>est,</span> <span class='ocrx_word' id='word_1_49' title='bbox 968 496 1084 537; x_wconf 86' lang='lat' dir='ltr'>Deus</span> <span class='ocrx_word' id='word_1_50' title='bbox 1106 508 1249 549; x_wconf 88' lang='lat' dir='ltr'>meus,</span> <span class='ocrx_word' id='word_1_51' title='bbox 1279 514 1300 536; x_wconf 89' lang='lat'>«</span> <span class='ocrx_word' id='word_1_52' title='bbox 1318 496 1463 554; x_wconf 86' lang='lat' dir='ltr'>Usque</span> 
     </span>
     <span class='ocr_line' id='line_1_6' title="bbox 77 560 666 621; baseline 0.008 -20"><span class='ocrx_word' id='word_1_53' title='bbox 77 577 97 602; x_wconf 86' lang='lat'>»</span> <span class='ocrx_word' id='word_1_54' title='bbox 131 576 251 605; x_wconf 89' lang='lat' dir='ltr'>nunc</span> <span class='ocrx_word' id='word_1_55' title='bbox 277 579 286 605; x_wconf 92' lang='lat'>:</span> <span class='ocrx_word' id='word_1_56' title='bbox 314 580 334 601; x_wconf 87' lang='lat'>»</span> <span class='ocrx_word' id='word_1_57' title='bbox 361 560 470 621; x_wconf 86' lang='lat' dir='ltr'>quid</span> <span class='ocrx_word' id='word_1_58' title='bbox 486 564 666 620; x_wconf 72' lang='lat' dir='ltr'>postea?</span> 
     </span>
    </p>

    <p class='ocr_par' dir='ltr' id='par_1_3' title="bbox 42 631 1468 2521">
     <span class='ocr_line' id='line_1_7' title="bbox 131 631 1464 691; baseline 0.003 -18"><span class='ocrx_word' id='word_1_59' title='bbox 131 632 207 673; x_wconf 92' lang='lat' dir='ltr'>IV.</span> <span class='ocrx_word' id='word_1_60' title='bbox 237 649 257 671; x_wconf 89' lang='lat'>«</span> <span class='ocrx_word' id='word_1_61' title='bbox 282 633 338 674; x_wconf 90' lang='lat' dir='ltr'>Et</span> <span class='ocrx_word' id='word_1_62' title='bbox 355 646 494 691; x_wconf 88' lang='lat' dir='ltr'>usque</span> <span class='ocrx_word' id='word_1_63' title='bbox 517 631 562 674; x_wconf 90' lang='lat' dir='ltr'>in</span> <span class='ocrx_word' id='word_1_64' title='bbox 578 641 796 676; x_wconf 83' lang='lat' dir='ltr'>senectam</span> <span class='ocrx_word' id='word_1_65' title='bbox 815 642 859 676; x_wconf 93' lang='lat' dir='ltr'>et</span> <span class='ocrx_word' id='word_1_66' title='bbox 879 632 1048 676; x_wconf 88' lang='lat' dir='ltr'>senium</span> <span class='ocrx_word' id='word_1_67' title='bbox 1062 634 1093 676; x_wconf 85' lang='lat'>¹.</span> <span class='ocrx_word' id='word_1_68' title='bbox 1123 650 1143 673; x_wconf 87' lang='lat'>»</span> <span class='ocrx_word' id='word_1_69' title='bbox 1169 635 1266 676; x_wconf 91' lang='lat' dir='ltr'>Duo</span> <span class='ocrx_word' id='word_1_70' title='bbox 1283 634 1364 677; x_wconf 87' lang='lat' dir='ltr'>ista</span> <span class='ocrx_word' id='word_1_71' title='bbox 1384 649 1464 678; x_wconf 92' lang='lat' dir='ltr'>no-</span> 
     </span>
     <span class='ocr_line' id='line_1_8' title="bbox 72 700 1464 758; baseline 0.004 -14"><span class='ocrx_word' id='word_1_72' title='bbox 72 700 191 744; x_wconf 88' lang='lat' dir='ltr'>mina</span> <span class='ocrx_word' id='word_1_73' title='bbox 212 702 444 746; x_wconf 84' lang='lat' dir='ltr'>senectutis</span> <span class='ocrx_word' id='word_1_74' title='bbox 466 712 569 746; x_wconf 88' lang='lat' dir='ltr'>sunt</span> <span class='ocrx_word' id='word_1_75' title='bbox 584 738 594 758; x_wconf 89' lang='lat'>‚</span> <span class='ocrx_word' id='word_1_76' title='bbox 621 713 664 747; x_wconf 90' lang='lat' dir='ltr'>et</span> <span class='ocrx_word' id='word_1_77' title='bbox 689 702 996 748; x_wconf 86' lang='lat' dir='ltr'>discernuntur</span> <span class='ocrx_word' id='word_1_78' title='bbox 1018 720 1041 747; x_wconf 88' lang='lat' dir='ltr'>a</span> <span class='ocrx_word' id='word_1_79' title='bbox 1062 704 1237 748; x_wconf 86' lang='lat' dir='ltr'>Graecis.</span> <span class='ocrx_word' id='word_1_80' title='bbox 1269 705 1464 749; x_wconf 84' lang='lat' dir='ltr'>Gravitas</span> 
     </span>
     <span class='ocr_line' id='line_1_9' title="bbox 72 765 1464 834; baseline 0.003 -19"><span class='ocrx_word' id='word_1_81' title='bbox 72 772 188 815; x_wconf 90' lang='lat' dir='ltr'>enim</span> <span class='ocrx_word' id='word_1_82' title='bbox 210 782 308 831; x_wconf 85' lang='lat' dir='ltr'>post</span> <span class='ocrx_word' id='word_1_83' title='bbox 319 774 596 832; x_wconf 86' lang='lat' dir='ltr'>juventutem</span> <span class='ocrx_word' id='word_1_84' title='bbox 616 772 735 818; x_wconf 84' lang='lat' dir='ltr'>aliud</span> <span class='ocrx_word' id='word_1_85' title='bbox 755 790 917 818; x_wconf 90' lang='lat' dir='ltr'>nomen</span> <span class='ocrx_word' id='word_1_86' title='bbox 930 775 1065 818; x_wconf 89' lang='lat' dir='ltr'>habet</span> <span class='ocrx_word' id='word_1_87' title='bbox 1077 765 1194 834; x_wconf 75' lang='lat' dir='ltr'>apud</span> <span class='ocrx_word' id='word_1_88' title='bbox 1209 775 1381 820; x_wconf 84' lang='lat' dir='ltr'>Graecos</span> <span class='ocrx_word' id='word_1_89' title='bbox 1395 811 1405 830; x_wconf 89' lang='lat'>,</span> <span class='ocrx_word' id='word_1_90' title='bbox 1421 784 1464 820; x_wconf 90' lang='lat' dir='ltr'>et</span> 
     </span>
     <span class='ocr_line' id='line_1_10' title="bbox 72 842 1466 901; baseline 0.004 -17"><span class='ocrx_word' id='word_1_91' title='bbox 72 851 170 900; x_wconf 86' lang='lat' dir='ltr'>post</span> <span class='ocrx_word' id='word_1_92' title='bbox 192 842 330 901; x_wconf 84' lang='lat' dir='ltr'>ipsam</span> <span class='ocrx_word' id='word_1_93' title='bbox 352 844 608 901; x_wconf 82' lang='lat' dir='ltr'>gravitatem</span> <span class='ocrx_word' id='word_1_94' title='bbox 628 845 806 889; x_wconf 82' lang='lat' dir='ltr'>veniens</span> <span class='ocrx_word' id='word_1_95' title='bbox 829 845 991 888; x_wconf 89' lang='lat' dir='ltr'>ultima.</span> <span class='ocrx_word' id='word_1_96' title='bbox 1018 853 1122 889; x_wconf 83' lang='lat' dir='ltr'>aetas</span> <span class='ocrx_word' id='word_1_97' title='bbox 1154 844 1275 889; x_wconf 86' lang='lat' dir='ltr'>aliud</span> <span class='ocrx_word' id='word_1_98' title='bbox 1303 861 1466 890; x_wconf 84' lang='lat' dir='ltr'>nomen</span> 
     </span>
     <span class='ocr_line' id='line_1_11' title="bbox 73 912 1465 973; baseline 0.003 -17"><span class='ocrx_word' id='word_1_99' title='bbox 73 912 205 956; x_wconf 85' lang='lat' dir='ltr'>habet</span> <span class='ocrx_word' id='word_1_100' title='bbox 231 932 239 958; x_wconf 92' lang='lat'>:</span> <span class='ocrx_word' id='word_1_101' title='bbox 274 929 378 957; x_wconf 87' lang='lat' dir='ltr'>nam</span> <span class='ocrx_word' id='word_1_102' title='bbox 403 921 578 967; x_wconf 63' lang='grc' dir='ltr'>πρεσὲύτ-ης</span> <span class='ocrx_word' id='word_1_103' title='bbox 607 913 766 959; x_wconf 88' lang='lat' dir='ltr'>dicitur</span> <span class='ocrx_word' id='word_1_104' title='bbox 787 916 950 973; x_wconf 75' lang='lat' dir='ltr'>gravi5‚</span> <span class='ocrx_word' id='word_1_105' title='bbox 976 925 1020 959; x_wconf 92' lang='lat' dir='ltr'>et</span> <span class='ocrx_word' id='word_1_106' title='bbox 1043 922 1141 968; x_wconf 69' lang='grc' dir='ltr'><strong>γέρων</strong></span> <span class='ocrx_word' id='word_1_107' title='bbox 1172 930 1316 960; x_wconf 74' lang='lat' dir='ltr'>senex.</span> <span class='ocrx_word' id='word_1_108' title='bbox 1353 917 1465 970; x_wconf 85' lang='lat' dir='ltr'>Quia</span> 
     </span>
     <span class='ocr_line' id='line_1_12' title="bbox 71 982 1466 1043; baseline 0.004 -17"><span class='ocrx_word' id='word_1_109' title='bbox 71 997 176 1027; x_wconf 85' lang='lat' dir='ltr'>vero</span> <span class='ocrx_word' id='word_1_110' title='bbox 198 983 244 1026; x_wconf 89' lang='lat' dir='ltr'>in</span> <span class='ocrx_word' id='word_1_111' title='bbox 260 982 396 1028; x_wconf 87' lang='lat' dir='ltr'>latina</span> <span class='ocrx_word' id='word_1_112' title='bbox 426 984 577 1043; x_wconf 86' lang='lat' dir='ltr'>lingua</span> <span class='ocrx_word' id='word_1_113' title='bbox 603 983 793 1029; x_wconf 89' lang='lat' dir='ltr'>duorum</span> <span class='ocrx_word' id='word_1_114' title='bbox 815 986 999 1029; x_wconf 84' lang='lat' dir='ltr'>istorum</span> <span class='ocrx_word' id='word_1_115' title='bbox 1032 986 1261 1030; x_wconf 84' lang='lat' dir='ltr'>nominum</span> <span class='ocrx_word' id='word_1_116' title='bbox 1281 985 1466 1031; x_wconf 86' lang='lat' dir='ltr'>distinc-</span> 
     </span>
     <span class='ocr_line' id='line_1_13' title="bbox 73 1052 1465 1114; baseline 0.004 -19"><span class='ocrx_word' id='word_1_117' title='bbox 73 1052 132 1096; x_wconf 91' lang='lat' dir='ltr'>tio</span> <span class='ocrx_word' id='word_1_118' title='bbox 156 1053 326 1108; x_wconf 70' lang='lat' dir='ltr'>deficst,</span> <span class='ocrx_word' id='word_1_119' title='bbox 349 1054 403 1097; x_wconf 91' lang='lat' dir='ltr'>de</span> <span class='ocrx_word' id='word_1_120' title='bbox 420 1063 642 1098; x_wconf 81' lang='lat' dir='ltr'>senectute</span> <span class='ocrx_word' id='word_1_121' title='bbox 665 1055 794 1099; x_wconf 84' lang='lat' dir='ltr'>ambo</span> <span class='ocrx_word' id='word_1_122' title='bbox 812 1064 914 1099; x_wconf 86' lang='lat' dir='ltr'>sunt</span> <span class='ocrx_word' id='word_1_123' title='bbox 935 1055 1073 1114; x_wconf 84' lang='lat' dir='ltr'>posita</span> <span class='ocrx_word' id='word_1_124' title='bbox 1089 1091 1100 1110; x_wconf 78' lang='lat'>‚</span> <span class='ocrx_word' id='word_1_125' title='bbox 1134 1065 1308 1100; x_wconf 85' lang='lat' dir='ltr'>senecta</span> <span class='ocrx_word' id='word_1_126' title='bbox 1332 1066 1375 1100; x_wconf 90' lang='lat' dir='ltr'>et</span> <span class='ocrx_word' id='word_1_127' title='bbox 1396 1071 1465 1100; x_wconf 86' lang='lat' dir='ltr'>se—</span> 
     </span>
     <span class='ocr_line' id='line_1_14' title="bbox 74 1122 1468 1185; baseline 0.004 -20"><span class='ocrx_word' id='word_1_128' title='bbox 74 1122 195 1166; x_wconf 87' lang='lat' dir='ltr'>nium</span> <span class='ocrx_word' id='word_1_129' title='bbox 223 1142 232 1167; x_wconf 88' lang='grc'>;</span> <span class='ocrx_word' id='word_1_130' title='bbox 268 1124 382 1167; x_wconf 83' lang='lat' dir='ltr'>scitis</span> <span class='ocrx_word' id='word_1_131' title='bbox 404 1134 551 1168; x_wconf 86' lang='lat' dir='ltr'>autem</span> <span class='ocrx_word' id='word_1_132' title='bbox 575 1140 662 1169; x_wconf 86' lang='lat' dir='ltr'>esse</span> <span class='ocrx_word' id='word_1_133' title='bbox 686 1124 794 1169; x_wconf 88' lang='lat' dir='ltr'>duas</span> <span class='ocrx_word' id='word_1_134' title='bbox 815 1135 980 1170; x_wconf 78' lang='lat' dir='ltr'>aetates.</span> <span class='ocrx_word' id='word_1_135' title='bbox 1011 1145 1032 1168; x_wconf 85' lang='lat'>«</span> <span class='ocrx_word' id='word_1_136' title='bbox 1061 1125 1255 1171; x_wconf 81' lang='lat' dir='ltr'>Docuisti</span> <span class='ocrx_word' id='word_1_137' title='bbox 1277 1141 1348 1170; x_wconf 89' lang='lat' dir='ltr'>me</span> <span class='ocrx_word' id='word_1_138' title='bbox 1372 1142 1468 1185; x_wconf 84' lang='lat' dir='ltr'>gra-</span> 
     </span>
     <span class='ocr_line' id='line_1_15' title="bbox 75 1194 1467 1257; baseline 0.004 -21"><span class='ocrx_word' id='word_1_139' title='bbox 75 1211 95 1234; x_wconf 85' lang='lat'>»</span> <span class='ocrx_word' id='word_1_140' title='bbox 132 1194 236 1238; x_wconf 84' lang='lat' dir='ltr'>tiam</span> <span class='ocrx_word' id='word_1_141' title='bbox 260 1204 380 1239; x_wconf 85' lang='lat' dir='ltr'>tuam</span> <span class='ocrx_word' id='word_1_142' title='bbox 409 1212 432 1240; x_wconf 86' lang='lat' dir='ltr'>a</span> <span class='ocrx_word' id='word_1_143' title='bbox 461 1197 694 1256; x_wconf 85' lang='lat' dir='ltr'>juventute</span> <span class='ocrx_word' id='word_1_144' title='bbox 727 1212 846 1255; x_wconf 81' lang='lat' dir='ltr'>mea3</span> <span class='ocrx_word' id='word_1_145' title='bbox 883 1206 926 1241; x_wconf 87' lang='lat' dir='ltr'>et</span> <span class='ocrx_word' id='word_1_146' title='bbox 948 1213 1088 1257; x_wconf 87' lang='lat' dir='ltr'>usque</span> <span class='ocrx_word' id='word_1_147' title='bbox 1122 1213 1271 1254; x_wconf 67' lang='lat' dir='ltr'>nunc,</span> <span class='ocrx_word' id='word_1_148' title='bbox 1306 1216 1327 1239; x_wconf 67' lang='lat'>³&gt;</span> <span class='ocrx_word' id='word_1_149' title='bbox 1369 1207 1467 1256; x_wconf 87' lang='lat' dir='ltr'>post</span> 
     </span>
     <span class='ocr_line' id='line_1_16' title="bbox 67 1263 1466 1325; baseline 0.004 -20"><span class='ocrx_word' id='word_1_150' title='bbox 67 1263 345 1321; x_wconf 80' lang='lat' dir='ltr'>juventutem</span> <span class='ocrx_word' id='word_1_151' title='bbox 372 1281 514 1306; x_wconf 87' lang='lat' dir='ltr'>meam</span> <span class='ocrx_word' id='word_1_152' title='bbox 531 1298 543 1318; x_wconf 92' lang='lat'>‚</span> <span class='ocrx_word' id='word_1_153' title='bbox 581 1286 601 1305; x_wconf 93' lang='lat'>«</span> <span class='ocrx_word' id='word_1_154' title='bbox 617 1268 904 1312; x_wconf 85' lang='lat' dir='ltr'>Annuntiabo</span> <span class='ocrx_word' id='word_1_155' title='bbox 925 1268 1143 1312; x_wconf 84' lang='lat' dir='ltr'>mirabilia</span> <span class='ocrx_word' id='word_1_156' title='bbox 1167 1277 1242 1308; x_wconf 82' lang='lat' dir='ltr'>tua</span> <span class='ocrx_word' id='word_1_157' title='bbox 1262 1299 1273 1319; x_wconf 86' lang='lat'><strong>‚</strong></span> <span class='ocrx_word' id='word_1_158' title='bbox 1309 1282 1330 1305; x_wconf 88' lang='lat'>»</span> <span class='ocrx_word' id='word_1_159' title='bbox 1362 1266 1466 1325; x_wconf 86' lang='lat' dir='ltr'>quia</span> 
     </span>
     <span class='ocr_line' id='line_1_17' title="bbox 71 1334 1467 1394; baseline 0.004 -18"><span class='ocrx_word' id='word_1_160' title='bbox 71 1347 244 1377; x_wconf 89' lang='lat' dir='ltr'>mecum</span> <span class='ocrx_word' id='word_1_161' title='bbox 267 1348 311 1377; x_wconf 86' lang='lat' dir='ltr'>es</span> <span class='ocrx_word' id='word_1_162' title='bbox 344 1343 395 1378; x_wconf 89' lang='lat' dir='ltr'>ut</span> <span class='ocrx_word' id='word_1_163' title='bbox 416 1349 506 1378; x_wconf 91' lang='lat' dir='ltr'>non</span> <span class='ocrx_word' id='word_1_164' title='bbox 531 1335 716 1390; x_wconf 87' lang='lat' dir='ltr'>moriar,</span> <span class='ocrx_word' id='word_1_165' title='bbox 746 1335 822 1394; x_wconf 91' lang='lat' dir='ltr'>qui</span> <span class='ocrx_word' id='word_1_166' title='bbox 847 1334 1002 1379; x_wconf 86' lang='lat' dir='ltr'>venisti</span> <span class='ocrx_word' id='word_1_167' title='bbox 1039 1343 1090 1378; x_wconf 93' lang='lat' dir='ltr'>ut</span> <span class='ocrx_word' id='word_1_168' title='bbox 1123 1350 1298 1393; x_wconf 84' lang='lat' dir='ltr'>surgam</span> <span class='ocrx_word' id='word_1_169' title='bbox 1325 1354 1333 1379; x_wconf 74' lang='grc' dir='ltr'>ε</span> <span class='ocrx_word' id='word_1_170' title='bbox 1363 1354 1384 1377; x_wconf 88' lang='lat'>«</span> <span class='ocrx_word' id='word_1_171' title='bbox 1408 1338 1467 1380; x_wconf 89' lang='lat' dir='ltr'>Et</span> 
     </span>
     <span class='ocr_line' id='line_1_18' title="bbox 77 1403 1464 1465; baseline 0.005 -22"><span class='ocrx_word' id='word_1_172' title='bbox 77 1420 97 1444; x_wconf 83' lang='lat'>&gt;›</span> <span class='ocrx_word' id='word_1_173' title='bbox 132 1419 270 1463; x_wconf 84' lang='lat' dir='ltr'>usque</span> <span class='ocrx_word' id='word_1_174' title='bbox 291 1403 337 1446; x_wconf 91' lang='lat' dir='ltr'>in</span> <span class='ocrx_word' id='word_1_175' title='bbox 359 1414 576 1449; x_wconf 83' lang='lat' dir='ltr'>senectam</span> <span class='ocrx_word' id='word_1_176' title='bbox 594 1440 604 1460; x_wconf 82' lang='lat'>‚</span> <span class='ocrx_word' id='word_1_177' title='bbox 629 1414 672 1449; x_wconf 89' lang='lat' dir='ltr'>et</span> <span class='ocrx_word' id='word_1_178' title='bbox 692 1405 861 1448; x_wconf 89' lang='lat' dir='ltr'>senium</span> <span class='ocrx_word' id='word_1_179' title='bbox 883 1440 894 1461; x_wconf 84' lang='grc'>,</span> <span class='ocrx_word' id='word_1_180' title='bbox 922 1404 1005 1449; x_wconf 86' lang='lat' dir='ltr'>»id</span> <span class='ocrx_word' id='word_1_181' title='bbox 1020 1414 1106 1460; x_wconf 78' lang='lat' dir='ltr'>est,</span> <span class='ocrx_word' id='word_1_182' title='bbox 1129 1421 1268 1465; x_wconf 88' lang='lat' dir='ltr'>usque</span> <span class='ocrx_word' id='word_1_183' title='bbox 1289 1404 1344 1450; x_wconf 92' lang='lat' dir='ltr'>ad</span> <span class='ocrx_word' id='word_1_184' title='bbox 1358 1405 1464 1450; x_wconf 84' lang='lat' dir='ltr'>ulti-</span> 
     </span>
     <span class='ocr_line' id='line_1_19' title="bbox 74 1474 1465 1536; baseline 0.002 -20"><span class='ocrx_word' id='word_1_185' title='bbox 74 1488 197 1516; x_wconf 90' lang='lat' dir='ltr'>mum</span> <span class='ocrx_word' id='word_1_186' title='bbox 219 1488 389 1529; x_wconf 85' lang='lat' dir='ltr'>meum,</span> <span class='ocrx_word' id='word_1_187' title='bbox 414 1474 496 1518; x_wconf 86' lang='lat' dir='ltr'>nisi</span> <span class='ocrx_word' id='word_1_188' title='bbox 516 1490 690 1519; x_wconf 89' lang='lat' dir='ltr'>mecum</span> <span class='ocrx_word' id='word_1_189' title='bbox 713 1475 870 1530; x_wconf 82' lang='lat' dir='ltr'>fueris,</span> <span class='ocrx_word' id='word_1_190' title='bbox 896 1491 985 1520; x_wconf 92' lang='lat' dir='ltr'>non</span> <span class='ocrx_word' id='word_1_191' title='bbox 1018 1475 1100 1519; x_wconf 87' lang='lat' dir='ltr'>erit</span> <span class='ocrx_word' id='word_1_192' title='bbox 1134 1475 1301 1536; x_wconf 89' lang='lat' dir='ltr'>aliquid</span> <span class='ocrx_word' id='word_1_193' title='bbox 1322 1476 1465 1520; x_wconf 87' lang='lat' dir='ltr'>meriti</span> 
     </span>
     <span class='ocr_line' id='line_1_20' title="bbox 72 1544 1466 1604; baseline 0.002 -17"><span class='ocrx_word' id='word_1_194' title='bbox 72 1544 186 1602; x_wconf 79' lang='lat' dir='ltr'>mei3</span> <span class='ocrx_word' id='word_1_195' title='bbox 216 1545 448 1603; x_wconf 59' lang='lat' dir='ltr'>gratia-,tua</span> <span class='ocrx_word' id='word_1_196' title='bbox 480 1560 650 1604; x_wconf 87' lang='lat' dir='ltr'>semper</span> <span class='ocrx_word' id='word_1_197' title='bbox 674 1555 920 1604; x_wconf 85' lang='lat' dir='ltr'>perseveret</span> <span class='ocrx_word' id='word_1_198' title='bbox 954 1561 1143 1589; x_wconf 90' lang='lat' dir='ltr'>mecum.</span> <span class='ocrx_word' id='word_1_199' title='bbox 1173 1548 1267 1590; x_wconf 91' lang='lat' dir='ltr'>Hoc</span> <span class='ocrx_word' id='word_1_200' title='bbox 1302 1545 1466 1590; x_wconf 79' lang='lat' dir='ltr'>diceret</span> 
     </span>
     <span class='ocr_line' id='line_1_21' title="bbox 73 1615 1467 1676; baseline 0.001 -18"><span class='ocrx_word' id='word_1_201' title='bbox 73 1615 201 1658; x_wconf 88' lang='lat' dir='ltr'>etiam</span> <span class='ocrx_word' id='word_1_202' title='bbox 234 1631 348 1659; x_wconf 89' lang='lat' dir='ltr'>unus</span> <span class='ocrx_word' id='word_1_203' title='bbox 382 1616 514 1660; x_wconf 88' lang='lat' dir='ltr'>homo</span> <span class='ocrx_word' id='word_1_204' title='bbox 536 1650 546 1670; x_wconf 91' lang='lat'><strong>‚</strong></span> <span class='ocrx_word' id='word_1_205' title='bbox 588 1625 661 1670; x_wconf 79' lang='lat' dir='ltr'>tu,</span> <span class='ocrx_word' id='word_1_206' title='bbox 700 1616 800 1671; x_wconf 83' lang='lat' dir='ltr'>ille,</span> <span class='ocrx_word' id='word_1_207' title='bbox 839 1632 919 1675; x_wconf 84' lang='lat' dir='ltr'>ego</span> <span class='ocrx_word' id='word_1_208' title='bbox 957 1635 966 1660; x_wconf 89' lang='lat'>:</span> <span class='ocrx_word' id='word_1_209' title='bbox 1003 1616 1106 1676; x_wconf 87' lang='lat' dir='ltr'>quia</span> <span class='ocrx_word' id='word_1_210' title='bbox 1132 1632 1236 1661; x_wconf 90' lang='lat' dir='ltr'>vero</span> <span class='ocrx_word' id='word_1_211' title='bbox 1273 1632 1356 1661; x_wconf 81' lang='lat' dir='ltr'>vox</span> <span class='ocrx_word' id='word_1_212' title='bbox 1387 1618 1467 1661; x_wconf 83' lang='lat' dir='ltr'>ista</span> 
     </span>
     <span class='ocr_line' id='line_1_22' title="bbox 73 1684 1467 1746; baseline 0.001 -19"><span class='ocrx_word' id='word_1_213' title='bbox 73 1684 202 1729; x_wconf 88' lang='lat' dir='ltr'>unius</span> <span class='ocrx_word' id='word_1_214' title='bbox 225 1685 451 1746; x_wconf 85' lang='lat' dir='ltr'>cujusdam</span> <span class='ocrx_word' id='word_1_215' title='bbox 467 1687 614 1744; x_wconf 81' lang='lat' dir='ltr'>magni</span> <span class='ocrx_word' id='word_1_216' title='bbox 637 1686 824 1730; x_wconf 88' lang='lat' dir='ltr'>hominis</span> <span class='ocrx_word' id='word_1_217' title='bbox 853 1695 938 1741; x_wconf 82' lang='lat' dir='ltr'>est,</span> <span class='ocrx_word' id='word_1_218' title='bbox 963 1687 1048 1730; x_wconf 87' lang='lat' dir='ltr'>hoc</span> <span class='ocrx_word' id='word_1_219' title='bbox 1081 1696 1171 1742; x_wconf 83' lang='lat' dir='ltr'>est,</span> <span class='ocrx_word' id='word_1_220' title='bbox 1202 1687 1336 1746; x_wconf 86' lang='lat' dir='ltr'>ipsius</span> <span class='ocrx_word' id='word_1_221' title='bbox 1366 1687 1467 1730; x_wconf 92' lang='lat' dir='ltr'>uni-</span> 
     </span>
     <span class='ocr_line' id='line_1_23' title="bbox 42 1756 1467 1816; baseline 0.002 -19"><span class='ocrx_word' id='word_1_222' title='bbox 42 1794 49 1796; x_wconf 54' lang='lat'><em>„</em></span> <span class='ocrx_word' id='word_1_223' title='bbox 73 1756 172 1799; x_wconf 89' lang='lat' dir='ltr'>tatis</span> <span class='ocrx_word' id='word_1_224' title='bbox 189 1791 200 1811; x_wconf 86' lang='lat'>,</span> <span class='ocrx_word' id='word_1_225' title='bbox 222 1772 304 1801; x_wconf 79' lang='lat' dir='ltr'>vox</span> <span class='ocrx_word' id='word_1_226' title='bbox 321 1765 382 1799; x_wconf 80' lang='lat' dir='ltr'>est</span> <span class='ocrx_word' id='word_1_227' title='bbox 408 1756 523 1799; x_wconf 87' lang='lat' dir='ltr'>enim</span> <span class='ocrx_word' id='word_1_228' title='bbox 559 1756 791 1813; x_wconf 68' lang='lat' dir='ltr'>Ecciesiae3</span> <span class='ocrx_word' id='word_1_229' title='bbox 815 1772 1062 1816; x_wconf 67' lang='lat' dir='ltr'>quaeramus</span> <span class='ocrx_word' id='word_1_230' title='bbox 1079 1757 1359 1816; x_wconf 85' lang='lat' dir='ltr'>juventutem</span> <span class='ocrx_word' id='word_1_231' title='bbox 1380 1759 1467 1800; x_wconf 90' lang='lat' dir='ltr'>Ec-</span> 
     </span>
     <span class='ocr_line' id='line_1_24' title="bbox 73 1824 1466 1881; baseline 0.001 -13"><span class='ocrx_word' id='word_1_232' title='bbox 73 1824 229 1869; x_wconf 80' lang='lat' dir='ltr'>clesiae.</span> <span class='ocrx_word' id='word_1_233' title='bbox 258 1825 445 1878; x_wconf 84' lang='lat' dir='ltr'>Quando</span> <span class='ocrx_word' id='word_1_234' title='bbox 473 1825 592 1867; x_wconf 87' lang='lat' dir='ltr'>venit</span> <span class='ocrx_word' id='word_1_235' title='bbox 628 1826 824 1870; x_wconf 85' lang='lat' dir='ltr'>Christus</span> <span class='ocrx_word' id='word_1_236' title='bbox 843 1861 854 1881; x_wconf 77' lang='lat'>‚</span> <span class='ocrx_word' id='word_1_237' title='bbox 889 1826 1119 1870; x_wconf 83' lang='lat' dir='ltr'>crucifixus</span> <span class='ocrx_word' id='word_1_238' title='bbox 1150 1835 1241 1881; x_wconf 84' lang='lat' dir='ltr'>est,</span> <span class='ocrx_word' id='word_1_239' title='bbox 1266 1834 1466 1870; x_wconf 85' lang='lat' dir='ltr'>mortuus</span> 
     </span>
     <span class='ocr_line' id='line_1_25' title="bbox 73 1895 1468 1954; baseline 0.001 -16"><span class='ocrx_word' id='word_1_240' title='bbox 73 1904 160 1950; x_wconf 84' lang='lat' dir='ltr'>est,</span> <span class='ocrx_word' id='word_1_241' title='bbox 185 1896 399 1951; x_wconf 79' lang='lat' dir='ltr'>surrexit,</span> <span class='ocrx_word' id='word_1_242' title='bbox 433 1895 602 1939; x_wconf 78' lang='lat' dir='ltr'>vocavit</span> <span class='ocrx_word' id='word_1_243' title='bbox 632 1904 781 1954; x_wconf 81' lang='lat' dir='ltr'>gentes</span> <span class='ocrx_word' id='word_1_244' title='bbox 802 1929 813 1949; x_wconf 71' lang='lat'>‚</span> <span class='ocrx_word' id='word_1_245' title='bbox 847 1905 1076 1954; x_wconf 86' lang='lat' dir='ltr'>coeperunt</span> <span class='ocrx_word' id='word_1_246' title='bbox 1103 1896 1326 1951; x_wconf 83' lang='lat' dir='ltr'>converti,</span> <span class='ocrx_word' id='word_1_247' title='bbox 1361 1895 1468 1940; x_wconf 86' lang='lat' dir='ltr'>sacti</span> 
     </span>
     <span class='ocr_line' id='line_1_26' title="bbox 72 1964 1462 2023; baseline 0 -14"><span class='ocrx_word' id='word_1_248' title='bbox 72 1974 177 2010; x_wconf 85' lang='lat' dir='ltr'>sunt</span> <span class='ocrx_word' id='word_1_249' title='bbox 195 1969 408 2022; x_wconf 83' lang='lat' dir='ltr'>Martyres</span> <span class='ocrx_word' id='word_1_250' title='bbox 435 1965 569 2010; x_wconf 80' lang='lat' dir='ltr'>fortes</span> <span class='ocrx_word' id='word_1_251' title='bbox 587 1965 634 2009; x_wconf 91' lang='lat' dir='ltr'>in</span> <span class='ocrx_word' id='word_1_252' title='bbox 655 1965 844 2020; x_wconf 85' lang='lat' dir='ltr'>Christo,</span> <span class='ocrx_word' id='word_1_253' title='bbox 871 1964 992 2009; x_wconf 82' lang='lat' dir='ltr'>fusus</span> <span class='ocrx_word' id='word_1_254' title='bbox 1021 1973 1086 2009; x_wconf 91' lang='lat' dir='ltr'>est</span> <span class='ocrx_word' id='word_1_255' title='bbox 1113 1967 1285 2023; x_wconf 83' lang='lat' dir='ltr'>sanguis</span> <span class='ocrx_word' id='word_1_256' title='bbox 1308 1965 1462 2021; x_wconf 87' lang='lat' dir='ltr'>fidelis,</span> 
     </span>
     <span class='ocr_line' id='line_1_27' title="bbox 73 2035 1467 2096; baseline 0 -17"><span class='ocrx_word' id='word_1_257' title='bbox 73 2036 258 2079; x_wconf 81' lang='lat' dir='ltr'>surrexit</span> <span class='ocrx_word' id='word_1_258' title='bbox 284 2051 404 2094; x_wconf 80' lang='lat' dir='ltr'>seges</span> <span class='ocrx_word' id='word_1_259' title='bbox 432 2036 637 2079; x_wconf 85' lang='lat' dir='ltr'>Ecclesiae</span> <span class='ocrx_word' id='word_1_260' title='bbox 666 2056 674 2080; x_wconf 88' lang='lat'>:</span> <span class='ocrx_word' id='word_1_261' title='bbox 698 2037 793 2080; x_wconf 87' lang='lat' dir='ltr'>haec</span> <span class='ocrx_word' id='word_1_262' title='bbox 823 2037 1047 2096; x_wconf 85' lang='lat' dir='ltr'>juventus.</span> <span class='ocrx_word' id='word_1_263' title='bbox 1083 2035 1467 2094; x_wconf 78' lang='lat' dir='ltr'>Progredientibus</span> 
     </span>
     <span class='ocr_line' id='line_1_28' title="bbox 76 2104 1466 2165; baseline -0.001 -15"><span class='ocrx_word' id='word_1_264' title='bbox 76 2116 222 2150; x_wconf 88' lang='lat' dir='ltr'>autem</span> <span class='ocrx_word' id='word_1_265' title='bbox 252 2105 522 2164; x_wconf 85' lang='lat' dir='ltr'>temporibus</span> <span class='ocrx_word' id='word_1_266' title='bbox 552 2105 813 2149; x_wconf 87' lang='lat' dir='ltr'>confiteatur</span> <span class='ocrx_word' id='word_1_267' title='bbox 846 2105 1061 2160; x_wconf 81' lang='lat' dir='ltr'>Ecclesia,</span> <span class='ocrx_word' id='word_1_268' title='bbox 1094 2104 1231 2149; x_wconf 85' lang='lat' dir='ltr'>dicat:</span> <span class='ocrx_word' id='word_1_269' title='bbox 1269 2124 1288 2146; x_wconf 91' lang='lat'>«</span> <span class='ocrx_word' id='word_1_270' title='bbox 1321 2107 1466 2165; x_wconf 83' lang='lat' dir='ltr'>Usque</span> 
     </span>
     <span class='ocr_line' id='line_1_29' title="bbox 79 2175 1462 2235; baseline 0.001 -17"><span class='ocrx_word' id='word_1_271' title='bbox 79 2192 223 2220; x_wconf 88' lang='lat' dir='ltr'>»nunc</span> <span class='ocrx_word' id='word_1_272' title='bbox 235 2176 507 2220; x_wconf 86' lang='lat' dir='ltr'>annuntiabo</span> <span class='ocrx_word' id='word_1_273' title='bbox 517 2175 731 2220; x_wconf 82' lang='lat' dir='ltr'>mirabilia</span> <span class='ocrx_word' id='word_1_274' title='bbox 743 2185 830 2219; x_wconf 88' lang='lat' dir='ltr'>tua.</span> <span class='ocrx_word' id='word_1_275' title='bbox 841 2179 964 2221; x_wconf 61' lang='lat' dir='ltr'>»Non</span> <span class='ocrx_word' id='word_1_276' title='bbox 975 2184 1146 2219; x_wconf 85' lang='lat' dir='ltr'>tantum</span> <span class='ocrx_word' id='word_1_277' title='bbox 1160 2175 1206 2218; x_wconf 84' lang='lat' dir='ltr'>in</span> <span class='ocrx_word' id='word_1_278' title='bbox 1213 2176 1462 2235; x_wconf 82' lang='lat' dir='ltr'>juventute,</span> 
     </span>
     <span class='ocr_line' id='line_1_30' title="bbox 75 2245 1467 2308; baseline -0.001 -17"><span class='ocrx_word' id='word_1_279' title='bbox 75 2247 255 2308; x_wconf 88' lang='lat' dir='ltr'>quando</span> <span class='ocrx_word' id='word_1_280' title='bbox 278 2247 464 2302; x_wconf 84' lang='lat' dir='ltr'>Paulus,</span> <span class='ocrx_word' id='word_1_281' title='bbox 489 2246 669 2307; x_wconf 88' lang='lat' dir='ltr'>quando</span> <span class='ocrx_word' id='word_1_282' title='bbox 701 2249 853 2291; x_wconf 83' lang='lat' dir='ltr'>Petrus</span> <span class='ocrx_word' id='word_1_283' title='bbox 870 2281 880 2301; x_wconf 86' lang='lat'>‚</span> <span class='ocrx_word' id='word_1_284' title='bbox 916 2247 1094 2306; x_wconf 86' lang='lat' dir='ltr'>quando</span> <span class='ocrx_word' id='word_1_285' title='bbox 1118 2245 1247 2306; x_wconf 85' lang='lat' dir='ltr'>primi</span> <span class='ocrx_word' id='word_1_286' title='bbox 1270 2246 1467 2306; x_wconf 83' lang='lat' dir='ltr'>Apostoli</span> 
     </span>
     <span class='ocr_line' id='line_1_31' title="bbox 75 2316 1461 2377; baseline -0.001 -15"><span class='ocrx_word' id='word_1_287' title='bbox 75 2318 390 2363; x_wconf 82' lang='lat' dir='ltr'>nuntiaverunt</span> <span class='ocrx_word' id='word_1_288' title='bbox 414 2337 422 2362; x_wconf 92' lang='lat'>:</span> <span class='ocrx_word' id='word_1_289' title='bbox 450 2316 714 2377; x_wconf 83' lang='lat' dir='ltr'>procedente</span> <span class='ocrx_word' id='word_1_290' title='bbox 730 2318 860 2361; x_wconf 84' lang='lat' dir='ltr'>etiam</span> <span class='ocrx_word' id='word_1_291' title='bbox 882 2326 1009 2361; x_wconf 86' lang='lat' dir='ltr'>aetate</span> <span class='ocrx_word' id='word_1_292' title='bbox 1037 2332 1118 2376; x_wconf 80' lang='lat' dir='ltr'>ego</span> <span class='ocrx_word' id='word_1_293' title='bbox 1146 2318 1236 2376; x_wconf 87' lang='lat' dir='ltr'>ipse</span> <span class='ocrx_word' id='word_1_294' title='bbox 1253 2351 1264 2372; x_wconf 81' lang='lat'>,</span> <span class='ocrx_word' id='word_1_295' title='bbox 1301 2316 1347 2360; x_wconf 88' lang='lat' dir='ltr'>id</span> <span class='ocrx_word' id='word_1_296' title='bbox 1377 2325 1461 2372; x_wconf 82' lang='lat' dir='ltr'>est,</span> 
     </span>
     <span class='ocr_line' id='line_1_32' title="bbox 76 2388 1464 2448; baseline -0.001 -15"><span class='ocrx_word' id='word_1_297' title='bbox 76 2389 219 2433; x_wconf 88' lang='lat' dir='ltr'>unitas</span> <span class='ocrx_word' id='word_1_298' title='bbox 251 2398 348 2444; x_wconf 85' lang='lat' dir='ltr'>tua,</span> <span class='ocrx_word' id='word_1_299' title='bbox 386 2389 581 2433; x_wconf 89' lang='lat' dir='ltr'>membra</span> <span class='ocrx_word' id='word_1_300' title='bbox 609 2398 710 2444; x_wconf 83' lang='lat' dir='ltr'>tua,</span> <span class='ocrx_word' id='word_1_301' title='bbox 743 2404 900 2448; x_wconf 88' lang='lat' dir='ltr'>corpus</span> <span class='ocrx_word' id='word_1_302' title='bbox 927 2398 1054 2432; x_wconf 84' lang='lat' dir='ltr'>tuum</span> <span class='ocrx_word' id='word_1_303' title='bbox 1074 2424 1085 2444; x_wconf 81' lang='grc'>,</span> <span class='ocrx_word' id='word_1_304' title='bbox 1123 2408 1143 2430; x_wconf 73' lang='grc' dir='ltr'>(ι</span> <span class='ocrx_word' id='word_1_305' title='bbox 1177 2388 1464 2433; x_wconf 88' lang='lat' dir='ltr'>Annuntiabo</span> 
     </span>
     <span class='ocr_line' id='line_1_33' title="bbox 80 2458 1463 2521; baseline 0.001 -20"><span class='ocrx_word' id='word_1_306' title='bbox 80 2477 101 2501; x_wconf 88' lang='lat'>»</span> <span class='ocrx_word' id='word_1_307' title='bbox 135 2459 351 2504; x_wconf 87' lang='lat' dir='ltr'>mirabilia</span> <span class='ocrx_word' id='word_1_308' title='bbox 372 2469 462 2504; x_wconf 89' lang='lat' dir='ltr'>tua.</span> <span class='ocrx_word' id='word_1_309' title='bbox 492 2477 511 2501; x_wconf 91' lang='lat'>»</span> <span class='ocrx_word' id='word_1_310' title='bbox 537 2459 654 2512; x_wconf 90' lang='lat' dir='ltr'>Quid</span> <span class='ocrx_word' id='word_1_311' title='bbox 675 2461 850 2519; x_wconf 79' lang='lat' dir='ltr'>postea?</span> <span class='ocrx_word' id='word_1_312' title='bbox 877 2478 897 2502; x_wconf 87' lang='lat'>«</span> <span class='ocrx_word' id='word_1_313' title='bbox 921 2463 978 2504; x_wconf 90' lang='lat' dir='ltr'>Et</span> <span class='ocrx_word' id='word_1_314' title='bbox 1002 2475 1140 2521; x_wconf 86' lang='lat' dir='ltr'>usque</span> <span class='ocrx_word' id='word_1_315' title='bbox 1166 2458 1222 2504; x_wconf 88' lang='lat' dir='ltr'>ad</span> <span class='ocrx_word' id='word_1_316' title='bbox 1246 2467 1463 2504; x_wconf 86' lang='lat' dir='ltr'>senectam</span> 
     </span>
    </p>
   </div>
   <div class='ocr_carea' id='block_1_3' title="bbox 127 2543 400 2586">
    <p class='ocr_par' dir='ltr' id='par_1_4' title="bbox 127 2543 400 2586">
     <span class='ocr_line' id='line_1_34' title="bbox 127 2543 400 2586; baseline 0 -11"><span class='ocrx_word' id='word_1_317' title='bbox 127 2550 135 2566; x_wconf 91' lang='lat'>¹</span> <span class='ocrx_word' id='word_1_318' title='bbox 156 2543 326 2586; x_wconf 79' lang='lat' dir='ltr'>Psal.1.xx‚</span> <span class='ocrx_word' id='word_1_319' title='bbox 349 2543 400 2576; x_wconf 83' lang='lat'>18.</span> 
     </span>
    </p>
   </div>
  </div>
 </body>
</html>
