1889 3285
426 251 510 291 156
863 258 897 290 s.
932 257 1163 291 mausum
1185 261 1367 291 EPISCOPI

423 325 602 388 quando
619 325 763 371 anima
785 326 900 382 sitit,
926 325 1092 371 fontem
1114 328 1334 388 sapientiae
1357 326 1459 371 sitit.
1488 328 1549 370 De
1570 325 1663 384 ipso
1685 323 1806 369 fonte

422 398 757 443 inebriabuntur
778 399 933 442 animae
955 407 1135 454 nostrae,
1163 400 1274 443 sicut
1306 398 1409 443 dicit
1439 397 1546 442 alius
1579 395 1805 441 Psalmus:
1860 422 1862 426 ·

426 488 446 511 «
479 467 820 513 Inebriabuntur
843 468 897 511 ab
919 468 1119 513 ubertate
1143 469 1299 514 domus
1321 478 1424 522 tuae,
1449 477 1493 511 et
1513 475 1706 510 torrente
1727 467 1808 509 de·
1856 485 1859 505 i

424 558 446 582 >›
480 539 677 584 liciarum
699 549 874 584 tuarum
895 539 1064 599 potabis
1092 541 1206 584 eos1.
1234 558 1254 580 »
1292 537 1483 583 Sitienda
1511 545 1574 581 est
1608 551 1709 595 ergo
1738 552 1808 581 sa·
1856 530 1859 581 ἓ

421 610 606 670 pientia,
633 609 814 653 sitienda
837 618 899 653 est
925 609 1105 669 justitia.
1141 612 1239 654 Non
1273 624 1322 653 ea
1344 608 1611 662 satiabimur,
1648 622 1738 651 non
1759 621 1809 650 ea
1856 627 1859 673 ς

421 679 717 740 implebimur,
737 679 819 723 nisi
841 694 943 723 cum
964 679 1095 724 fuerit
1118 680 1239 724 finita
1260 680 1347 724 vita
1367 679 1470 734 ista,
1497 687 1541 722 et
1561 677 1810 722 venerimus
1855 677 1858 727 ξ

424 750 480 795 ad
494 750 604 794 illud
621 749 740 810 quod
760 750 956 809 promisit
978 753 1106 794 Deus.
1133 750 1334 794 Promisit
1351 750 1467 794 enim
1489 752 1603 793 Deus
1625 747 1810 807 aequali·

422 830 557 865 tatem
577 820 898 878 Angelorum²z
918 829 961 864 et
982 820 1113 865 modo
1131 820 1284 878 Angeli
1305 835 1394 864 non
1416 819 1568 863 sitiunt
1588 817 1811 878 quomodo
1855 812 1857 832 ⁴

422 907 501 936 nos
518 927 528 946 ,
554 906 644 935 non
662 891 859 935 esuriunt
875 890 1097 951 quomodo
1116 906 1219 948 nos;
1244 890 1321 934 sed
1335 890 1502 934 habent
1529 889 1720 946 saginam
1736 903 1813 933 ve-
1855 911 1857 935 1

420 962 554 1005 ritatis
570 996 580 1016 ,
605 960 729 1015 lucis,
749 961 1003 1005 immortalis
1024 960 1262 1020 sapientiae.
1290 958 1395 1004 Ideo
1412 959 1528 1004 beati
1551 968 1670 1013 sunt,
1696 967 1740 1002 et
1757 957 1812 1002 de
1854 995 1856 1002 .

420 1040 540 1075 tanta
561 1030 846 1085 beatitudine,
873 1031 975 1091 quia
991 1031 1036 1075 in
1058 1030 1130 1075 illa
1148 1039 1252 1074 sunt
1273 1030 1445 1074 civitate
1460 1027 1700 1073 Jerusalem
1717 1043 1811 1071 coe-

419 1099 536 1155 lesti,
567 1100 686 1145 unde
709 1117 786 1145 nos
808 1100 940 1145 modo
957 1101 1299 1160 peregrinamur,
1321 1098 1555 1144 attendunt
1583 1114 1660 1143 nos
1683 1112 1812 1157 pere-

422 1171 567 1229 grinos
584 1207 595 1227 ,
632 1181 675 1216 et
696 1172 954 1215 miserantur
981 1187 1087 1226 nos,
1120 1180 1163 1215 et
1186 1172 1310 1231 jussu
1342 1170 1515 1215 Domini
1545 1168 1809 1213 auxiliantur
1852 1163 1855 1194 ⁵

421 1241 568 1296 nobis,
593 1251 644 1286 ut
665 1241 720 1285 ad
747 1241 865 1286 illam
890 1242 1074 1301 patriam
1096 1257 1375 1286 communem
1398 1239 1632 1301 aliquando
1655 1238 1809 1283 redea-

420 1326 544 1365 mus,
569 1320 612 1354 et
632 1311 693 1354 ibi
716 1327 816 1355 cum
838 1311 921 1355 illis
943 1312 1067 1356 fonte
1088 1312 1308 1356 dominico
1342 1311 1532 1356 veritatis
1562 1320 1604 1354 et
1634 1308 1808 1352 aeterni-

422 1382 520 1425 tatis
538 1380 773 1441 aliquando
795 1389 1055 1426 saturemur.-
1073 1383 1207 1424 Modo
1224 1395 1327 1438 ergo
1343 1380 1459 1424 sitiat
1478 1380 1623 1424 anima
1635 1388 1804 1424 nostra:

421 1451 539 1495 unde
561 1460 604 1495 et
625 1467 724 1495 caro
746 1460 892 1494 nostra
915 1450 1023 1503 sitit,
1044 1459 1087 1494 et
1106 1450 1189 1495 hoc
1203 1448 1530 1509 multipliciter?
1551 1467 1571 1490 «
1590 1447 1809 1508 Multipli-

425 1537 448 1562 »
482 1521 588 1564 citer
608 1521 708 1574 tibi,
738 1520 905 1579 inquit,
938 1529 981 1563 et
1003 1534 1102 1563 caro
1131 1534 1240 1562 mea.
1262 1537 1282 1560 »
1305 1519 1417 1572 Quia
1445 1527 1488 1562 et
1510 1518 1629 1562 carni
1651 1527 1809 1563 nostrae

421 1590 690 1649 promittitur
710 1589 979 1632 resurrectio.
1006 1589 1238 1641 Quomodo
1261 1589 1416 1632 animae
1446 1598 1605 1647 nostrae
1624 1589 1809 1648 promit-

421 1661 529 1704 titur
559 1659 809 1714 beatitudo,
847 1659 905 1703 sic
943 1668 986 1703 et
1026 1660 1144 1703 carni
1173 1669 1332 1704 nostrae
1360 1660 1632 1720 promittitur
1664 1676 1809 1704 resur-

421 1730 570 1774 rectio.
610 1729 883 1774 Resurrectio
917 1729 1056 1773 carnis
1088 1729 1184 1774 talis
1214 1730 1340 1774 nobis
1368 1730 1639 1790 promittitur
1670 1749 1679 1775 :
1713 1733 1808 1775 Au-

421 1800 532 1854 dite,
567 1808 610 1842 et
647 1799 818 1853 discite,
851 1808 895 1842 et
925 1807 1070 1843 tenete
1093 1816 1193 1860 quae
1230 1801 1284 1844 sit
1310 1815 1404 1860 spes
1433 1799 1775 1845 Christianorum
1793 1835 1804 1853 ‚

419 1885 554 1929 quare
581 1884 728 1913 sumus
760 1868 1007 1914 Christiani.
1039 1872 1137 1914 Non
1159 1871 1275 1914 enim
1297 1870 1352 1914 ad
1374 1870 1458 1914 hoc
1481 1885 1629 1914 sumus
1657 1870 1809 1915 Chris-

419 1939 547 1994 tiani,
572 1948 623 1983 ut
643 1948 860 1983 terrenam
882 1937 1006 1984 nobis
1027 1939 1276 1984 felicitatem
1305 1949 1504 1999 petamus
1521 1975 1532 1995 ,
1558 1956 1690 2000 quam
1713 1939 1809 1999 ple-

419 2025 605 2070 rumque
627 2010 793 2054 habent
821 2020 864 2054 et
896 2010 1084 2055 latrones
1106 2019 1149 2053 et
1171 2010 1381 2054 scelerati.
1419 2009 1486 2053 Ad
1514 2009 1643 2054 aliam
1665 2009 1807 2054 felici-

419 2089 554 2124 tatem
573 2096 651 2125 nos
674 2096 820 2124 sumus
839 2081 1095 2135 Christiani,
1121 2096 1254 2140 quam
1279 2090 1385 2124 tunc
1404 2080 1678 2139 accipiemus,
1704 2095 1806 2125 cum

417 2151 504 2195 vita
539 2151 618 2194 ista
645 2151 772 2210 hujus
810 2150 956 2195 saeculi
990 2160 1081 2194 tota
1108 2150 1340 2194 transierit.
1382 2151 1498 2208 Ergo
1532 2150 1806 2209 promittitur

419 2220 611 2278 nobisjet
634 2221 772 2265 carnis
799 2221 1082 2278 resurrectio,
1109 2230 1152 2265 et
1175 2221 1269 2265 talis
1287 2221 1543 2265 resurrectio
1565 2221 1704 2265 carnis
1722 2236 1806 2265 no-

419 2289 484 2334 bis
513 2290 797 2349 promittitur,
824 2300 874 2334 ut
897 2306 995 2335 caro
1027 2289 1204 2351 quidem
1226 2291 1306 2335 ista
1335 2305 1467 2350 quam
1503 2290 1634 2335 modo
1654 2300 1805 2350 porta-

418 2375 515 2403 mus
531 2394 541 2414 ,
571 2369 764 2417 resurgat
784 2360 831 2403 in
852 2361 953 2404 fine.
978 2363 1067 2406 Nec
1093 2359 1346 2404 incredibile
1376 2360 1498 2404 vobis
1523 2360 1734 2405 videatur.
1763 2360 1805 2405 Si

1856 429 1860 455 ν-
1856 348 1860 406 2--
1856 196 1863 328 ,μω-,ὼν-

1854 946 1857 967 ί

1853 1044 1856 1157 ι

1850 1200 1856 1473 j

1879 1464 1883 1502 Ι

1848 1665 1853 1768 l

1843 2103 1849 2408 J

1878 1746 1881 1774 Ι

1879 1624 1881 1634 A

1877 1674 1881 1686 ⁴

1878 1896 1882 1903 ι

1879 2046 1881 2054 ι

1870 2097 1875 2122 ἶ

418 2430 535 2474 enim
556 2433 670 2474 Deus
692 2429 794 2473 fecit
814 2446 891 2474 nos
913 2431 988 2490 qui
1006 2446 1095 2474 non
1118 2446 1287 2474 eramus
1303 2466 1313 2485 ,
1339 2445 1546 2488 magnum
1568 2430 1631 2474 illi
1653 2440 1715 2475 est
1736 2446 1806 2474 re-
1843 2431 1846 2479 Ξ

416 2515 567 2561 parare
582 2501 659 2560 qui
676 2503 869 2545 eramus?
887 2505 1003 2560 Ergo
1027 2502 1110 2546 hoc
1126 2502 1248 2547 vobis
1265 2500 1522 2546 incredibile
1545 2517 1634 2548 non
1656 2502 1802 2547 videa·
1842 2508 1845 2538 ἵ

465 2591 472 2608 ¹
491 2585 568 2616 Psal.
592 2595 687 2621 xxxv.
701 2596 733 2627 9.
753 2601 794 2608 --
817 2592 829 2607 2
844 2587 921 2617 Luc.
941 2596 994 2627 xz,
1022 2585 1074 2617 36.
