1889 3285
432 212 450 247 1
460 209 514 248 30
867 215 901 243 s.
937 215 1169 246 Aueusnm
1201 220 1382 247 muscom

427 287 614 329 Terrena
652 282 791 326 omnis
825 280 1068 340 respublica
1102 283 1367 344 quandoque
1397 285 1550 344 utique
1593 283 1806 343 peritura,
1847 315 1851 334 ,

421 354 543 413 cujus
564 365 747 411 regnum
767 350 1057 396 transiturum
1073 361 1161 408 est,
1190 369 1290 397 cum
1318 353 1465 398 veniet
1492 352 1601 397 illud
1629 365 1812 411 regnum
1847 335 1867 387 ’ν

421 421 477 467 de
509 437 597 482 quo
630 436 831 466 oramus:
864 439 883 462 α
902 420 1063 465 Veniat
1093 436 1279 481 regnum
1308 425 1463 468 tuum¹
1484 439 1496 474 3
1519 440 1539 464 »
1566 431 1609 466 et
1635 422 1690 466 de
1723 436 1813 481 quo
1847 418 1852 475 ξ

421 492 681 553 praedictum
698 501 762 536 est
781 507 790 533 z
821 510 841 533 α
858 493 915 536 Et
938 490 1061 549 regni
1078 492 1168 551 ejus
1195 508 1288 538 non
1315 493 1396 537 erit
1417 493 1544 537 finis-,2
1567 512 1575 537 :
1600 511 1620 533 »
1642 501 1813 536 terrena
1848 479 1871 535 3r

423 577 524 622 ergo
542 561 785 624 respublica
803 560 939 606 habet
953 561 1066 606 cives
1080 571 1248 607 nostros
1261 563 1610 608 administrantes
1624 577 1690 606 res
1702 563 1808 624 ejus.
1848 540 1851 614 l

426 636 570 688 Quam
589 632 716 678 multi
738 632 855 676 enim
876 630 1041 687 fideles,
1058 648 1192 693 quam
1212 633 1342 678 multi
1355 633 1463 679 boni
1479 642 1522 678 et
1543 633 1815 692 magistratus
1848 646 1851 723 1

423 713 526 750 sunt
546 703 593 748 in
616 702 863 748 civitatibus
896 701 1006 757 suis,
1031 710 1074 746 et
1095 702 1263 762 judices
1290 712 1420 759 sunt,
1456 712 1500 748 et
1528 702 1660 748 duces
1683 710 1811 757 sunt,
1848 734 1851 757 =

424 784 468 820 et
488 775 666 820 comites
688 782 816 828 sunt,
837 781 881 816 et
909 787 1029 835 reges
1049 775 1183 819 sunt?
1205 775 1367 819 Omnes
1384 774 1491 835 ¹iusti
1514 783 1558 819 et
1574 773 1702 829 boni,
1725 788 1816 818 non
1848 769 1851 828 ξ

424 845 635 890 habentes
653 845 698 889 in
721 841 852 888 corde
866 843 948 887 nisi
964 861 984 885 «
997 842 1312 889 Gloriosissima
1328 861 1428 906 quae
1440 844 1494 888 de
1515 854 1559 889 te
1581 843 1697 889 dicta
1714 851 1817 888 sunt
1875 858 1879 904 ²,

426 934 447 957 η
484 915 630 960 civitas
659 914 782 959 Dei3.
812 931 832 954 »
869 915 926 957 Et
957 914 1078 974 quasi
1106 915 1325 973 angariam
1361 913 1530 959 faciunt
1566 915 1610 959 in
1644 913 1817 959 civitate
1848 903 1879 977 [Ι

425 986 657 1030 transitura
675 1019 687 1040 ‚
707 993 751 1028 et
771 983 861 1030 illic
883 1000 909 1029 a
936 983 1191 1029 doctoribus
1213 985 1396 1030 civitatis
1418 994 1577 1030 sanctae
1603 985 1818 1046 jubentur
1848 982 1851 1030 ἶ

423 1071 594 1103 servare
625 1055 759 1100 fidem
783 1054 1022 1115 praepositis
1051 1056 1163 1112 suis,
1199 1075 1219 1098 «
1251 1056 1347 1101 Sive
1368 1057 1460 1116 regi
1489 1057 1611 1117 quasi
1634 1053 1817 1116 praecel-
1848 1034 1851 1107 l
1875 1053 1879 1098 Ϊ

428 1146 449 1170 »
483 1126 612 1181 lenti,
632 1126 719 1170 sive
741 1125 943 1182 ducibus,
967 1134 1175 1186 tanquam
1194 1127 1248 1170 ab
1267 1142 1319 1171 eo
1342 1127 1477 1171 missis
1505 1126 1561 1171 ad
1582 1126 1817 1170 vindictam
1848 1109 1851 1189 l
1877 1142 1880 1170 ι

426 1216 448 1240 »
484 1196 902 1253 malorum,laudem
914 1213 1017 1242 vero
1030 1197 1274 1255 bonorum3
1290 1216 1310 1239 n
1326 1197 1413 1242 sive
1426 1198 1552 1253 servi,
1569 1207 1619 1242 ut
1631 1196 1818 1241 dominis
1879 1216 1881 1239 ε

424 1269 511 1314 suis
534 1267 699 1313 subditi
721 1268 849 1324 sint&
875 1277 918 1312 et
946 1269 1179 1313 Christiani
1209 1269 1386 1328 paganis
1404 1304 1415 1324 ‚
1451 1279 1494 1313 et
1515 1277 1654 1313 servet
1685 1267 1816 1312 fidem
1875 1299 1881 1320 ,

425 1339 578 1383 melior
595 1338 799 1383 deteriori
821 1339 876 1382 ad
893 1348 1065 1398 tempus
1083 1339 1319 1383 serviturus
1336 1373 1348 1395 ‚
1368 1339 1414 1382 in
1436 1347 1649 1383 aeternum
1677 1337 1820 1382 domi—
1880 1369 1881 1376 η

427 1418 623 1454 naturus
657 1409 792 1452 Fiunt
825 1408 942 1452 enim
972 1409 1050 1452 ista
1081 1407 1221 1452 donec
1243 1417 1434 1452 transeat
1454 1409 1705 1469 iniquitas⁵.
1741 1411 1822 1453 Ju-

426 1481 587 1525 bentur
601 1479 712 1523 servi
734 1478 847 1522 ferre
872 1477 1072 1522 dominos
1096 1477 1269 1537 iniquos
1289 1487 1333 1522 et
1349 1477 1546 1522 difficiles
1573 1497 1582 1523 ;
1608 1479 1722 1523 cives
1743 1481 1822 1523 Ba-

426 1549 618 1608 byloniae
637 1550 850 1609 jubentur
865 1548 1036 1593 tolerari
1060 1564 1082 1591 a
1101 1547 1269 1592 civibus
1291 1548 1552 1604 Jerusalem,
1575 1557 1619 1593 et
1636 1547 1821 1608 amplius

426 1620 738 1680 obsequiorum
763 1617 1094 1672 exhibentibus,
1121 1632 1254 1677 quam
1281 1618 1313 1661 si
1346 1618 1460 1663 cives
1489 1628 1631 1663 essent
1659 1634 1710 1662 ex
1733 1619 1822 1678 ipsa

427 1690 668 1748 Babylonia
684 1723 695 1744 ‚
726 1700 936 1749 tauquam
960 1687 1242 1747 implentibus
1268 1708 1276 1732 :
1313 1707 1334 1730 «
1359 1689 1440 1741 Qui
1463 1698 1504 1733 te
1534 1688 1822 1747 angariaverit

431 1780 453 1803 »
488 1760 606 1804 mille
637 1774 805 1819 passus,
839 1757 948 1802 vade
975 1773 1076 1802 cum
1104 1757 1182 1802 illo
1212 1757 1296 1802 alia
1323 1757 1459 1803 duoss.
1484 1777 1503 1800 »
1532 1762 1655 1804 Hanc
1685 1768 1822 1804 totam

428 1831 645 1876 civitatem
662 1829 894 1888 dispersam
910 1863 921 1884 ⁷
943 1827 1172 1883 diffusam,
1201 1829 1475 1888 permixtam,
1498 1828 1737 1890 alloquitur
1755 1829 1821 1873 his

427 1900 592 1955 verbis,
629 1909 672 1944 et
703 1898 806 1943 dicit
828 1919 836 1942 2
866 1918 886 1940 «
909 1900 1148 1958 Quousque
1173 1899 1390 1958 apponitis
1412 1915 1541 1959 super
1567 1899 1822 1944 homiuem?

430 1990 452 2013 »
488 1970 723 2015 Interficite
743 1984 892 2015 omnes
907 1972 938 2025 ⁷,
965 1978 1007 2013 et
1024 1970 1100 2029 qui
1121 1968 1225 2013 foris
1248 1970 1344 2013 estis
1376 1979 1589 2030 tauquam
1619 1970 1753 2030 spinae
1775 1970 1822 2015 in

430 2041 604 2101 sepibus
618 2077 628 2097 ,
655 2049 959 2101 auttanquam
980 2039 1100 2098 ligna
1123 2038 1393 2084 infructuosa
1422 2040 1468 2083 in
1489 2039 1634 2098 sylvis,
1657 2041 1822 2101 quique
1846 2085 1849 2092 ,

430 2112 546 2156 intus
568 2112 667 2156 estis
700 2121 908 2171 tanquam
940 2110 1128 2162 zizania,
1157 2108 1227 2154 vel
1256 2119 1464 2171 tanquam
1491 2111 1635 2171 palea,
1672 2126 1821 2156 omnes

431 2191 649 2242 quotquot
665 2182 787 2237 estis,
813 2181 1022 2242 separati,
1043 2179 1272 2241 permixti,
1298 2181 1538 2238 tolerandi,
1563 2181 1816 2242 separandi:

435 2270 457 2293 «
492 2252 725 2296 Interficite
744 2267 909 2307 omnes,
930 2260 1142 2312 tanquam
1164 2251 1315 2311 parieti
1332 2251 1539 2297 inclinato
1562 2262 1605 2297 et
1625 2252 1821 2297 maceriae
1845 2267 1848 2313 4

434 2339 456 2363 >›
491 2321 698 2381 depulsae.
740 2323 1054 2366 Verumtamen
1092 2322 1304 2367 honorem
1342 2337 1489 2367 meum
1520 2323 1821 2383 cogitaverunt
1844 2318 1848 2402 j

484 2443 494 2460 ¹
512 2436 626 2469 Mauh.
642 2448 810 2477 vl,10‚—-
824 2444 835 2459 ²
854 2439 930 2469 Luc.
944 2437 1032 2478 1‚33.
1048 2454 1089 2459 —
1106 2436 1345 2480 3Ps;·l.mxxv1‚
1361 2438 1390 2470 3.
1408 2437 1475 2470 -4
1497 2450 1507 2470 ι
1527 2441 1609 2470 Petr.
1635 2449 1671 2480 11,
1697 2437 1815 2479 13‚14'.
1845 2441 1848 2478 ζ

434 2497 468 2524 vt
495 2494 530 2524 18
547 2518 554 2532 ‚
575 2497 608 2524 et
626 2492 728 2534 pres
754 2504 782 2523 vr
803 2518 810 2532 ,
831 2493 860 2523 5.
893 2510 933 2514 —
962 2486 974 2508 ὁ
994 2493 1072 2524 rsa&
1092 2505 1166 2535 tw,
1192 2504 1223 2526 2.
1250 2512 1289 2516 —-
1310 2492 1324 2517 6
1344 2493 1454 2526 Manli.
1477 2506 1497 2525 v
1512 2520 1521 2535 ‚
1543 2495 1597 2536 41.
1625 2510 1664 2517 —-
1695 2502 1708 2527 7
1739 2493 1816 2526 ΡείιΙ.
1844 2499 1847 2514 “

435 2560 485 2580 Lx!
501 2574 509 2590 ‚
537 2549 560 2579 i.
1844 2520 1847 2594 l

1844 2665 1846 2690 ι

1843 2739 1846 2768 !

1842 2790 1846 2832 ἕ

1843 2833 1846 2863 Ι

1808 3251 1817 3265 .

1840 3111 1865 3285 Γ-ᾲῳζ
1844 3042 1845 3063 Η
1843 2982 1845 3008 ⁴-
