1889 3285
417 252 498 287 100
808 253 841 282 S.
877 253 1106 282 Anocsnm
1139 254 1319 281 eriscom

409 340 499 369 non
520 321 576 366 ad
594 320 811 365 sinistram
833 319 945 364 inter
960 317 1116 362 hoedos
1132 320 1162 361 ¹.
1185 337 1205 359 α
1232 317 1408 362 Salvum
1431 332 1500 361 me
1525 315 1593 361 sac
1619 315 1795 360 dextera
1846 340 1847 343 =
1875 329 1877 339 ¹

413 413 434 436 »
468 403 544 438 tua
559 427 570 448 ,
596 400 639 436 et
659 390 816 435 exaudi
832 405 916 434 1116.
936 407 956 431 1)
974 388 1085 442 Quia
1092 388 1184 448 jam
1205 387 1317 433 illud
1328 397 1430 448 peto
1452 386 1573 448 quod
1589 386 1693 431 dare
1705 386 1795 431 vis:
1847 420 1849 425 -

411 479 502 511 non
522 461 663 507 verbis
695 460 953 505 delictorum
979 474 1178 503 meorum
1204 458 1345 503 clamo
1372 474 1449 519 per
1466 457 1603 513 diem,
1638 465 1689 501 ut
1709 471 1800 501 non

412 534 635 591 exaudias,
666 543 709 579 et
736 541 879 587 nocte,
904 541 955 576 ut
980 545 1070 576 non
1091 530 1292 576 exaudias
1308 566 1320 586 ,
1345 539 1389 575 et
1406 546 1496 575 non
1517 529 1573 574 ad
1593 528 1801 588 insipien-

418 607 525 652 tiam
535 606 684 662 mihi2,
701 603 777 650 sed
796 604 947 665 utique
969 601 1024 646 ad
1035 601 1435 657 commonitionem,
1461 598 1663 646 addendo
1676 614 1804 658 sapo—

421 695 514 723 rem
537 679 592 723 de
615 676 727 723 valle
748 675 990 722 Salinarum
1007 709 1018 730 ,
1042 682 1094 718 ut
1114 673 1160 718 in
1180 671 1462 718 tribulatione
1484 671 1679 717 noverim
1697 670 1805 731 quid

417 759 565 811 petam
587 766 596 791 :
614 758 717 810 peto
740 756 886 793 autem
903 746 1037 792 vitam
1058 755 1266 790 aeternam
1282 767 1294 804 3
1310 761 1412 804 ergo
1429 745 1686 800 exaudime,
1701 742 1804 804 quia
1850 776 1851 782 1

418 820 640 865 dexteram
664 828 783 863 tuam
805 827 921 877 peto.
954 815 1174 875 Intelligat
1191 831 1292 875 ergo
1314 816 1509 862 Charitas
1525 818 1698 871 Vestra,
1716 828 1805 859 om-

419 906 520 935 nem
541 889 716 934 fidelem
737 888 974 932 habentem
992 887 1036 931 in
1052 886 1183 932 corde
1204 887 1389 931 verbum
1405 887 1483 931 Dci
1505 902 1606 931 cum
1629 885 1804 941 timore,

421 962 649 1006 timentem
676 957 892 1020 judicium
928 956 1126 1003 futurum
1146 993 1157 1013 ,
1182 957 1400 1002 viventem
1426 956 1728 1018 probabiliter,
1754 970 1809 1000 ne

421 1032 476 1076 de
497 1030 572 1075 illo
595 1029 922 1090 blasphemetur
938 1043 1099 1073 nomen
1116 1037 1316 1073 sanctum
1335 1027 1510 1073 Domini
1531 1028 1644 1087 ejus,
1669 1024 1809 1070 multa

421 1102 644 1162 deprecari
665 1100 906 1146 secundum
927 1099 1159 1155 saeculum,
1182 1108 1225 1144 et
1246 1115 1337 1145 non
1358 1097 1549 1144 exaudiri
1567 1119 1578 1156 3
1602 1097 1658 1142 ad
1672 1097 1809 1142 vitam

423 1183 569 1218 autem
587 1181 795 1218 aeternam
809 1186 978 1231 semper
990 1169 1201 1215 exaudiri.
1228 1170 1333 1223 Quis
1346 1169 1463 1214 enim
1481 1168 1709 1213 sanitatem
1721 1183 1813 1213 non
1852 1175 1853 1218 ξ

423 1253 566 1305 petat,
603 1258 704 1288 cum
732 1242 939 1302 aegrotat?
969 1244 1026 1285 Et
1049 1249 1195 1285 tamen
1223 1239 1336 1285 forte
1366 1239 1509 1284 adhuc
1532 1248 1741 1298 aegrotare
1773 1239 1813 1283 ei

424 1314 533 1360 utile
552 1323 629 1358 est.
657 1316 804 1358 Potest
824 1312 917 1356 fieri
939 1321 990 1356 ut
1010 1312 1112 1356 hinc
1135 1326 1226 1356 non
1247 1309 1488 1355 exaudiaris
1519 1329 1528 1355 :
1556 1325 1647 1355 non
1669 1319 1815 1354 tamen
1852 1306 1854 1359 ]

423 1385 637 1431 exaudiris
676 1383 730 1428 ad
762 1382 1062 1437 voluntatem,
1106 1391 1158 1426 ut
1192 1381 1430 1426 exaudiaris
1465 1382 1520 1425 ad
1560 1380 1809 1426 utilitatem.
1853 1398 1855 1415 1

427 1460 486 1503 At
506 1471 608 1501 vero
628 1470 728 1499 cum
745 1452 856 1499 illud
878 1453 1001 1512 petis,
1026 1461 1078 1497 ut
1089 1451 1164 1496 det
1180 1451 1261 1496 tibi
1281 1451 1415 1496 vitam
1442 1459 1650 1495 aeternam
1672 1454 1786 1496 Deus
1801 1484 1813 1506 ,
1853 1450 1856 1500 i

430 1536 481 1572 ut
503 1525 578 1570 det
607 1525 689 1570 tibi
712 1539 895 1582 regnum
916 1522 1129 1568 coelorum
1146 1525 1259 1567 Deus
1274 1556 1286 1576 ,
1312 1530 1362 1565 ut
1384 1519 1458 1565 det
1479 1521 1559 1565 tibi
1590 1522 1645 1565 ad
1667 1520 1818 1565 dexte-
1854 1514 1856 1569 l

430 1613 523 1643 ram
540 1595 638 1641 Filii
659 1595 724 1640 sui
750 1603 882 1649 stare,
909 1609 1010 1638 cum
1032 1592 1201 1638 venerit
1217 1592 1413 1653 judicare
1437 1600 1594 1636 terram
1611 1626 1622 1647 ,
1645 1607 1821 1637 securus
1854 1601 1856 1641 ξ

431 1677 522 1714 esto
537 1702 548 1723 ,
573 1665 754 1726 accipies
772 1700 783 1720 ,
808 1665 845 1709 si
861 1664 994 1709 modo
1016 1680 1105 1709 11011
1123 1663 1290 1722 accepis
1318 1682 1326 1707 :
1351 1678 1442 1707 non
1461 1663 1574 1707 enim
1593 1663 1685 1723 jam
1700 1662 1821 1707 venit

433 1749 606 1798 tempus
618 1746 669 1781 ut
684 1735 882 1796 accipias.
902 1733 1151 1789 Exaudiris,
1172 1742 1215 1778 et
1232 1733 1390 1778 nescis:
1407 1733 1525 1794 quod
1539 1733 1646 1793 petis
1661 1734 1819 1793 agitur,
1855 1762 1857 1788 4

434 1818 478 1854 et
500 1810 534 1853 si
551 1807 686 1852 nescis
716 1807 762 1850 in
784 1821 872 1866 quo
892 1806 1054 1864 agitur.
1079 1808 1131 1849 In
1152 1803 1296 1849 radice
1324 1819 1390 1849 res
1422 1813 1486 1849 est
1499 1839 1515 1860 ,
1550 1804 1748 1849 nondum
1776 1804 1823 1848 in
1856 1796 1857 1812 ¹

436 1879 599 1924 fructu.
633 1897 653 1920 «
683 1877 858 1923 Salvum
880 1890 948 1919 me
970 1874 1038 1919 fac
1056 1874 1231 1919 dextera
1252 1883 1349 1930 tua,
1370 1883 1413 1919 et
1435 1874 1590 1919 exaudi
1610 1890 1695 1919 me.
1719 1892 1740 1915 »

496 1952 619 1994 VIII.
646 1951 800 1993 «Deus
826 1946 998 1991 locutus
1022 1954 1086 1989 est
1107 1945 1153 1989 in
1175 1954 1324 1990 sancto
1345 1947 1469 1990 suo3.
1499 1963 1519 1986 »
1552 1945 1669 1998 Quid
1700 1945 1825 1989 times
1856 1937 1858 1992 i

439 2036 495 2066 ne
520 2036 610 2065 non
637 2019 713 2063 fiat
734 2017 856 2080 quod
886 2020 999 2062 Deus
1021 2015 1193 2060 locutus
1218 2017 1311 2060 est?
1351 2015 1393 2060 Si
1424 2015 1603 2060 haberes
1636 2015 1827 2076 aliquem
1856 2019 1858 2071 ξ

441 2105 615 2151 gravem
637 2089 824 2134 amicum
845 2097 888 2133 et
915 2088 1149 2148 sapientem
1163 2121 1174 2142 ,
1199 2085 1421 2147 quomodo
1443 2085 1641 2131 diceres?
1663 2085 1742 2130 1116
1758 2086 1828 2132 lo-
1856 2090 1859 2131 ζ

443 2172 568 2207 cutus
592 2170 655 2206 cst
675 2162 791 2215 haec,
817 2160 893 2204 fiat
914 2174 1086 2204 necesse
1103 2167 1166 2203 est
1188 2158 1309 2219 quod
1328 2157 1500 2202 locutus
1519 2167 1581 2202 est
1606 2176 1614 2202 :
1639 2157 1704 2202 vir
1729 2173 1828 2217 gra·
1856 2190 1859 2217 4

443 2233 506 2277 vis
523 2242 586 2276 est
603 2267 615 2288 ,
634 2248 723 2276 non
743 2231 919 2276 levitate
942 2231 1095 2285 utitur,
1113 2245 1203 2274 non
1223 2228 1351 2274 facile
1369 2228 1423 2273 de
1446 2228 1658 2273 sententia
1685 2228 1831 2273 dimo-
1856 2222 1859 2249 *¹

447 2311 587 2357 vetur,
606 2302 726 2362 quod
742 2301 937 2361 promisit
958 2301 1092 2345 fixum
1109 2309 1186 2344 est.
1216 2298 1300 2345 Sed
1317 2308 1463 2344 tamen
1485 2299 1618 2344 homo
1641 2307 1729 2354 est,
1754 2299 1831 2359 qui
1857 2312 1859 2364 ὲ

447 2372 683 2433 aliquando
713 2372 833 2432 quod
863 2372 1058 2431 promisit
1090 2369 1229 2416 facere
1251 2369 1372 2425 vult,
1405 2378 1448 2413 et
1477 2385 1568 2414 non
1588 2378 1744 2429 potest.
1768 2372 1831 2414 De
1857 2365 1859 2370 '

447 2447 540 2490 Deo
575 2459 663 2488 non
693 2452 756 2487 est
786 2441 905 2502 quod
945 2452 995 2487 tu
1030 2442 1213 2487 timeas:
1241 2441 1344 2502 quia
1361 2456 1491 2486 verax
1522 2449 1607 2496 est,
1633 2449 1829 2498 constat,

449 2516 553 2578 quia
585 2515 858 2575 omnipotens
886 2522 948 2558 est
963 2548 974 2569 ‚
1006 2522 1201 2572 constat,
1222 2511 1371 2558 fallere
1392 2521 1434 2557 te
1456 2528 1546 2558 non
1565 2520 1729 2573 potest,
1753 2511 1833 2557 ha·
1858 2528 1860 2571 t

500 2606 510 2625 ¹
530 2599 739 2641 Matt11.xxv,
758 2597 812 2633 33.
832 2614 873 2623 —
895 2603 908 2624 ²
923 2597 1003 2633 Psal.
1020 2599 1085 2641 xxi,
1104 2606 1138 2640 2,
1158 2597 1188 2632 3.
1205 2613 1248 2623 —
1267 2594 1281 2622 3
1304 2596 1350 2631 Id.
1371 2605 1432 2638 mx,
1458 2595 1491 2630 ὃ.
