<?xml version="1.0" encoding="UTF-8"?>
<!DOCTYPE html PUBLIC "-//W3C//DTD XHTML 1.0 Transitional//EN"
    "http://www.w3.org/TR/xhtml1/DTD/xhtml1-transitional.dtd">
<html xmlns="http://www.w3.org/1999/xhtml" xml:lang="en" lang="en">
 <head>
  <title>
</title>
<meta http-equiv="Content-Type" content="text/html;charset=utf-8" />
  <meta name='ocr-system' content='tesseract 3.04.00' />
  <meta name='ocr-capabilities' content='ocr_page ocr_carea ocr_par ocr_line ocrx_word'/>
</head>
<body>
  <div class='ocr_page' id='page_1' title='image "./operaomniaaccura09auguuoft_0145.png"; bbox 0 0 1889 3285; ppageno 0'>
   <div class='ocr_carea' id='block_1_1' title="bbox 430 264 1454 305">
    <p class='ocr_par' dir='ltr' id='par_1_1' title="bbox 430 264 1454 305">
     <span class='ocr_line' id='line_1_1' title="bbox 430 264 1454 305; baseline 0.002 -2"><span class='ocrx_word' id='word_1_1' title='bbox 430 271 671 304; x_wconf 74' lang='lat' dir='ltr'>ENARRATIO</span> <span class='ocrx_word' id='word_1_2' title='bbox 702 275 748 303; x_wconf 77' lang='lat' dir='ltr'>m</span> <span class='ocrx_word' id='word_1_3' title='bbox 780 273 982 305; x_wconf 73' lang='lat' dir='ltr'>PsALMtJM</span> <span class='ocrx_word' id='word_1_4' title='bbox 1013 276 1103 305; x_wconf 78' lang='lat' dir='ltr'>th.</span> <span class='ocrx_word' id='word_1_5' title='bbox 1370 264 1454 305; x_wconf 78' lang='lat'>135</span> 
     </span>
    </p>
   </div>
   <div class='ocr_carea' id='block_1_2' title="bbox 0 340 1460 2521">
    <p class='ocr_par' dir='ltr' id='par_1_2' title="bbox 0 340 1460 2375">
     <span class='ocr_line' id='line_1_2' title="bbox 73 340 1451 401; baseline -0.001 -16"><span class='ocrx_word' id='word_1_6' title='bbox 73 360 94 385; x_wconf 86' lang='lat'>«</span> <span class='ocrx_word' id='word_1_7' title='bbox 127 343 224 388; x_wconf 91' lang='lat' dir='ltr'>Non</span> <span class='ocrx_word' id='word_1_8' title='bbox 245 349 308 385; x_wconf 89' lang='lat' dir='ltr'>est</span> <span class='ocrx_word' id='word_1_9' title='bbox 329 354 438 401; x_wconf 91' lang='lat' dir='ltr'>opus</span> <span class='ocrx_word' id='word_1_10' title='bbox 467 340 579 385; x_wconf 88' lang='lat' dir='ltr'>sanis</span> <span class='ocrx_word' id='word_1_11' title='bbox 608 340 803 386; x_wconf 86' lang='lat' dir='ltr'>medicus</span> <span class='ocrx_word' id='word_1_12' title='bbox 820 376 833 397; x_wconf 90' lang='lat'>,</span> <span class='ocrx_word' id='word_1_13' title='bbox 862 341 939 387; x_wconf 86' lang='lat' dir='ltr'>sed</span> <span class='ocrx_word' id='word_1_14' title='bbox 966 341 1079 386; x_wconf 90' lang='lat' dir='ltr'>male</span> <span class='ocrx_word' id='word_1_15' title='bbox 1100 340 1401 388; x_wconf 83' lang='lat' dir='ltr'>habentibus¹.</span> <span class='ocrx_word' id='word_1_16' title='bbox 1429 361 1451 385; x_wconf 87' lang='lat'>»</span> 
     </span>
     <span class='ocr_line' id='line_1_3' title="bbox 69 409 1456 471; baseline 0.003 -16"><span class='ocrx_word' id='word_1_17' title='bbox 69 414 186 465; x_wconf 85' lang='lat' dir='ltr'>Quos</span> <span class='ocrx_word' id='word_1_18' title='bbox 208 411 314 455; x_wconf 89' lang='lat' dir='ltr'>dicit</span> <span class='ocrx_word' id='word_1_19' title='bbox 334 426 474 466; x_wconf 87' lang='lat' dir='ltr'>sanos,</span> <span class='ocrx_word' id='word_1_20' title='bbox 498 425 608 471; x_wconf 88' lang='lat' dir='ltr'>quos</span> <span class='ocrx_word' id='word_1_21' title='bbox 636 409 742 455; x_wconf 85' lang='lat' dir='ltr'>dicit</span> <span class='ocrx_word' id='word_1_22' title='bbox 764 410 878 456; x_wconf 90' lang='lat' dir='ltr'>male</span> <span class='ocrx_word' id='word_1_23' title='bbox 897 411 1139 456; x_wconf 81' lang='lat' dir='ltr'>habentes?</span> <span class='ocrx_word' id='word_1_24' title='bbox 1163 411 1385 471; x_wconf 80' lang='lat' dir='ltr'>Sequitur,</span> <span class='ocrx_word' id='word_1_25' title='bbox 1411 422 1456 459; x_wconf 88' lang='lat' dir='ltr'>et</span> 
     </span>
     <span class='ocr_line' id='line_1_4' title="bbox 0 480 1458 543; baseline -0.001 -15"><span class='ocrx_word' id='word_1_26' title='bbox 0 506 9 528; x_wconf 56' lang='lat'>‚⁴</span> <span class='ocrx_word' id='word_1_27' title='bbox 68 480 172 526; x_wconf 85' lang='lat' dir='ltr'>dicit</span> <span class='ocrx_word' id='word_1_28' title='bbox 197 501 206 526; x_wconf 76' lang='grc' dir='ltr'><strong><em>ε</em></strong></span> <span class='ocrx_word' id='word_1_29' title='bbox 235 500 255 524; x_wconf 89' lang='lat'>«</span> <span class='ocrx_word' id='word_1_30' title='bbox 277 484 375 527; x_wconf 92' lang='lat' dir='ltr'>Non</span> <span class='ocrx_word' id='word_1_31' title='bbox 394 482 495 527; x_wconf 88' lang='lat' dir='ltr'>veni</span> <span class='ocrx_word' id='word_1_32' title='bbox 515 496 671 526; x_wconf 88' lang='lat' dir='ltr'>vocare</span> <span class='ocrx_word' id='word_1_33' title='bbox 685 484 824 543; x_wconf 88' lang='lat' dir='ltr'>justos</span> <span class='ocrx_word' id='word_1_34' title='bbox 839 517 851 538; x_wconf 84' lang='lat'>,</span> <span class='ocrx_word' id='word_1_35' title='bbox 875 481 950 526; x_wconf 88' lang='lat' dir='ltr'>sed</span> <span class='ocrx_word' id='word_1_36' title='bbox 982 489 1228 542; x_wconf 83' lang='lat' dir='ltr'><strong>peccatores</strong></span> <span class='ocrx_word' id='word_1_37' title='bbox 1249 482 1296 526; x_wconf 92' lang='lat' dir='ltr'>in</span> <span class='ocrx_word' id='word_1_38' title='bbox 1317 484 1458 542; x_wconf 83' lang='lat' dir='ltr'>poeni-</span> 
     </span>
     <span class='ocr_line' id='line_1_5' title="bbox 0 551 1457 614; baseline 0.003 -20"><span class='ocrx_word' id='word_1_39' title='bbox 0 574 3 589; x_wconf 51' lang='lat' dir='ltr'><em>z</em></span> <span class='ocrx_word' id='word_1_40' title='bbox 69 570 90 594; x_wconf 68' lang='lat' dir='ltr'>n</span> <span class='ocrx_word' id='word_1_41' title='bbox 116 553 362 597; x_wconf 74' lang='lat' dir='ltr'>tentiam2.»</span> <span class='ocrx_word' id='word_1_42' title='bbox 390 551 639 612; x_wconf 84' lang='lat' dir='ltr'>Appellavit</span> <span class='ocrx_word' id='word_1_43' title='bbox 659 568 762 612; x_wconf 84' lang='lat' dir='ltr'>ergo</span> <span class='ocrx_word' id='word_1_44' title='bbox 784 568 908 598; x_wconf 89' lang='lat' dir='ltr'>sanos</span> <span class='ocrx_word' id='word_1_45' title='bbox 924 558 1080 612; x_wconf 75' lang='lat' dir='ltr'>justOS,</span> <span class='ocrx_word' id='word_1_46' title='bbox 1104 568 1195 598; x_wconf 92' lang='lat' dir='ltr'>non</span> <span class='ocrx_word' id='word_1_47' title='bbox 1217 553 1320 614; x_wconf 86' lang='lat' dir='ltr'>quia</span> <span class='ocrx_word' id='word_1_48' title='bbox 1341 554 1457 599; x_wconf 89' lang='lat' dir='ltr'>Pha-</span> 
     </span>
     <span class='ocr_line' id='line_1_6' title="bbox 66 623 1460 684; baseline 0.002 -17"><span class='ocrx_word' id='word_1_49' title='bbox 66 623 177 667; x_wconf 84' lang='lat' dir='ltr'>risaei</span> <span class='ocrx_word' id='word_1_50' title='bbox 205 624 290 668; x_wconf 88' lang='lat' dir='ltr'>hoc</span> <span class='ocrx_word' id='word_1_51' title='bbox 323 632 463 679; x_wconf 87' lang='lat' dir='ltr'>erant,</span> <span class='ocrx_word' id='word_1_52' title='bbox 498 624 573 668; x_wconf 90' lang='lat' dir='ltr'>sed</span> <span class='ocrx_word' id='word_1_53' title='bbox 604 624 706 684; x_wconf 89' lang='lat' dir='ltr'>quia</span> <span class='ocrx_word' id='word_1_54' title='bbox 734 624 819 669; x_wconf 93' lang='lat' dir='ltr'>hoc</span> <span class='ocrx_word' id='word_1_55' title='bbox 844 639 889 669; x_wconf 87' lang='lat' dir='ltr'>se</span> <span class='ocrx_word' id='word_1_56' title='bbox 912 639 1002 669; x_wconf 89' lang='lat' dir='ltr'>esse</span> <span class='ocrx_word' id='word_1_57' title='bbox 1036 623 1384 684; x_wconf 83' lang='lat' dir='ltr'>arbitrabantur3</span> <span class='ocrx_word' id='word_1_58' title='bbox 1413 634 1460 670; x_wconf 91' lang='lat' dir='ltr'>et</span> 
     </span>
     <span class='ocr_line' id='line_1_7' title="bbox 66 693 1459 754; baseline 0.002 -17"><span class='ocrx_word' id='word_1_59' title='bbox 66 693 164 738; x_wconf 87' lang='lat' dir='ltr'>ideo</span> <span class='ocrx_word' id='word_1_60' title='bbox 177 693 503 753; x_wconf 81' lang='lat' dir='ltr'>superbiebant,</span> <span class='ocrx_word' id='word_1_61' title='bbox 515 703 558 738; x_wconf 89' lang='lat' dir='ltr'>et</span> <span class='ocrx_word' id='word_1_62' title='bbox 571 694 790 738; x_wconf 88' lang='lat' dir='ltr'>medicum</span> <span class='ocrx_word' id='word_1_63' title='bbox 805 694 1117 754; x_wconf 69' lang='lat' dir='ltr'>aegrotantibus</span> <span class='ocrx_word' id='word_1_64' title='bbox 1130 694 1400 751; x_wconf 82' lang='lat' dir='ltr'>invidebant,</span> <span class='ocrx_word' id='word_1_65' title='bbox 1414 705 1459 740; x_wconf 90' lang='lat' dir='ltr'>et</span> 
     </span>
     <span class='ocr_line' id='line_1_8' title="bbox 64 763 1458 825; baseline 0.003 -19"><span class='ocrx_word' id='word_1_66' title='bbox 64 763 162 823; x_wconf 89' lang='lat' dir='ltr'>plus</span> <span class='ocrx_word' id='word_1_67' title='bbox 187 772 447 822; x_wconf 74' lang='lat' dir='ltr'>aegrotantes</span> <span class='ocrx_word' id='word_1_68' title='bbox 475 763 695 809; x_wconf 89' lang='lat' dir='ltr'>medicum</span> <span class='ocrx_word' id='word_1_69' title='bbox 725 765 997 809; x_wconf 86' lang='lat' dir='ltr'>occidebant.</span> <span class='ocrx_word' id='word_1_70' title='bbox 1037 763 1286 825; x_wconf 85' lang='lat' dir='ltr'>Appellavit</span> <span class='ocrx_word' id='word_1_71' title='bbox 1311 774 1458 810; x_wconf 89' lang='lat' dir='ltr'>tamen</span> 
     </span>
     <span class='ocr_line' id='line_1_9' title="bbox 64 830 1453 896; baseline 0.001 -18"><span class='ocrx_word' id='word_1_72' title='bbox 64 849 188 878; x_wconf 87' lang='lat' dir='ltr'>sanos</span> <span class='ocrx_word' id='word_1_73' title='bbox 205 835 344 894; x_wconf 87' lang='lat' dir='ltr'>justos</span> <span class='ocrx_word' id='word_1_74' title='bbox 359 869 370 889; x_wconf 91' lang='lat'>,</span> <span class='ocrx_word' id='word_1_75' title='bbox 400 830 660 893; x_wconf 72' lang='lat' dir='ltr'>aegrotantes</span> <span class='ocrx_word' id='word_1_76' title='bbox 682 845 945 895; x_wconf 86' lang='lat' dir='ltr'>peccatores.</span> <span class='ocrx_word' id='word_1_77' title='bbox 972 837 1030 880; x_wconf 93' lang='lat' dir='ltr'>Ut</span> <span class='ocrx_word' id='word_1_78' title='bbox 1051 850 1155 895; x_wconf 84' lang='lat' dir='ltr'>ergo</span> <span class='ocrx_word' id='word_1_79' title='bbox 1167 835 1428 896; x_wconf 82' lang='lat' dir='ltr'>justificarer</span> <span class='ocrx_word' id='word_1_80' title='bbox 1442 872 1453 892; x_wconf 89' lang='lat'>,</span> 
     </span>
     <span class='ocr_line' id='line_1_10' title="bbox 64 904 1458 965; baseline 0.001 -17"><span class='ocrx_word' id='word_1_81' title='bbox 64 904 123 948; x_wconf 90' lang='lat' dir='ltr'>ait</span> <span class='ocrx_word' id='word_1_82' title='bbox 142 905 221 948; x_wconf 89' lang='lat' dir='ltr'>iste</span> <span class='ocrx_word' id='word_1_83' title='bbox 243 905 508 960; x_wconf 87' lang='lat' dir='ltr'>transiliens,</span> <span class='ocrx_word' id='word_1_84' title='bbox 534 906 589 949; x_wconf 90' lang='lat' dir='ltr'>ab</span> <span class='ocrx_word' id='word_1_85' title='bbox 624 906 716 965; x_wconf 88' lang='lat' dir='ltr'>ipso</span> <span class='ocrx_word' id='word_1_86' title='bbox 744 906 850 950; x_wconf 83' lang='lat' dir='ltr'>mihi</span> <span class='ocrx_word' id='word_1_87' title='bbox 885 913 970 964; x_wconf 67' lang='lat' dir='ltr'>est,</span> <span class='ocrx_word' id='word_1_88' title='bbox 997 914 1040 950; x_wconf 88' lang='lat' dir='ltr'>et</span> <span class='ocrx_word' id='word_1_89' title='bbox 1062 914 1112 950; x_wconf 93' lang='lat' dir='ltr'>ut</span> <span class='ocrx_word' id='word_1_90' title='bbox 1137 905 1376 965; x_wconf 86' lang='lat' dir='ltr'>glorificer,</span> <span class='ocrx_word' id='word_1_91' title='bbox 1401 907 1458 951; x_wconf 89' lang='lat' dir='ltr'>ab</span> 
     </span>
     <span class='ocr_line' id='line_1_11' title="bbox 63 966 1459 1035; baseline 0.001 -17"><span class='ocrx_word' id='word_1_92' title='bbox 63 975 156 1034; x_wconf 91' lang='lat' dir='ltr'>ipso</span> <span class='ocrx_word' id='word_1_93' title='bbox 176 975 284 1019; x_wconf 90' lang='lat' dir='ltr'>mihi</span> <span class='ocrx_word' id='word_1_94' title='bbox 306 984 371 1019; x_wconf 87' lang='lat' dir='ltr'>est</span> <span class='ocrx_word' id='word_1_95' title='bbox 396 995 404 1020; x_wconf 75' lang='grc' dir='ltr'>ε</span> <span class='ocrx_word' id='word_1_96' title='bbox 435 995 456 1018; x_wconf 58' lang='grc' dir='ltr'>(ι</span> <span class='ocrx_word' id='word_1_97' title='bbox 482 978 533 1020; x_wconf 90' lang='lat' dir='ltr'>In</span> <span class='ocrx_word' id='word_1_98' title='bbox 553 979 642 1020; x_wconf 89' lang='lat' dir='ltr'>Deo</span> <span class='ocrx_word' id='word_1_99' title='bbox 657 975 843 1020; x_wconf 88' lang='lat' dir='ltr'>salutare</span> <span class='ocrx_word' id='word_1_100' title='bbox 859 990 1009 1020; x_wconf 91' lang='lat' dir='ltr'>meum</span> <span class='ocrx_word' id='word_1_101' title='bbox 1027 984 1071 1019; x_wconf 86' lang='lat' dir='ltr'>et</span> <span class='ocrx_word' id='word_1_102' title='bbox 1093 966 1228 1035; x_wconf 80' lang='lat' dir='ltr'>gloria</span> <span class='ocrx_word' id='word_1_103' title='bbox 1250 990 1360 1020; x_wconf 87' lang='lat' dir='ltr'>mea.</span> <span class='ocrx_word' id='word_1_104' title='bbox 1386 979 1459 1022; x_wconf 85' lang='lat' dir='ltr'>Sa-</span> 
     </span>
     <span class='ocr_line' id='line_1_12' title="bbox 65 1044 1455 1102; baseline 0.004 -15"><span class='ocrx_word' id='word_1_105' title='bbox 65 1062 86 1088; x_wconf 89' lang='lat'>»</span> <span class='ocrx_word' id='word_1_106' title='bbox 119 1044 261 1089; x_wconf 91' lang='lat' dir='ltr'>lutare</span> <span class='ocrx_word' id='word_1_107' title='bbox 282 1061 446 1101; x_wconf 91' lang='lat' dir='ltr'>meum,</span> <span class='ocrx_word' id='word_1_108' title='bbox 471 1064 490 1087; x_wconf 85' lang='lat'>&gt;›</span> <span class='ocrx_word' id='word_1_109' title='bbox 515 1055 566 1090; x_wconf 91' lang='lat' dir='ltr'>ut</span> <span class='ocrx_word' id='word_1_110' title='bbox 594 1046 736 1091; x_wconf 89' lang='lat' dir='ltr'>salvus</span> <span class='ocrx_word' id='word_1_111' title='bbox 761 1047 842 1089; x_wconf 89' lang='lat' dir='ltr'>sim</span> <span class='ocrx_word' id='word_1_112' title='bbox 868 1064 877 1091; x_wconf 88' lang='lat'>:</span> <span class='ocrx_word' id='word_1_113' title='bbox 908 1065 928 1089; x_wconf 90' lang='lat'>«</span> <span class='ocrx_word' id='word_1_114' title='bbox 949 1044 1095 1091; x_wconf 84' lang='lat' dir='ltr'>Gloria</span> <span class='ocrx_word' id='word_1_115' title='bbox 1112 1061 1225 1102; x_wconf 82' lang='lat' dir='ltr'>mea,</span> <span class='ocrx_word' id='word_1_116' title='bbox 1253 1064 1274 1088; x_wconf 86' lang='lat'>»</span> <span class='ocrx_word' id='word_1_117' title='bbox 1299 1056 1351 1091; x_wconf 91' lang='lat' dir='ltr'>ut</span> <span class='ocrx_word' id='word_1_118' title='bbox 1370 1047 1455 1092; x_wconf 87' lang='lat' dir='ltr'>ho-</span> 
     </span>
     <span class='ocr_line' id='line_1_13' title="bbox 62 1116 1453 1177; baseline 0.001 -17"><span class='ocrx_word' id='word_1_119' title='bbox 62 1125 240 1161; x_wconf 89' lang='lat' dir='ltr'>noratus</span> <span class='ocrx_word' id='word_1_120' title='bbox 267 1116 361 1161; x_wconf 89' lang='lat' dir='ltr'>sim.</span> <span class='ocrx_word' id='word_1_121' title='bbox 388 1120 483 1162; x_wconf 91' lang='lat' dir='ltr'>Hoc</span> <span class='ocrx_word' id='word_1_122' title='bbox 504 1126 609 1161; x_wconf 84' lang='lat' dir='ltr'>tunc</span> <span class='ocrx_word' id='word_1_123' title='bbox 635 1137 644 1162; x_wconf 72' lang='grc' dir='ltr'>ε</span> <span class='ocrx_word' id='word_1_124' title='bbox 669 1117 802 1162; x_wconf 92' lang='lat' dir='ltr'>modo</span> <span class='ocrx_word' id='word_1_125' title='bbox 824 1117 958 1177; x_wconf 76' lang='lat' dir='ltr'>quid?</span> <span class='ocrx_word' id='word_1_126' title='bbox 986 1136 1006 1159; x_wconf 89' lang='lat'>«</span> <span class='ocrx_word' id='word_1_127' title='bbox 1033 1120 1147 1162; x_wconf 90' lang='lat' dir='ltr'>Deus</span> <span class='ocrx_word' id='word_1_128' title='bbox 1175 1116 1322 1162; x_wconf 83' lang='lat' dir='ltr'>auxilii</span> <span class='ocrx_word' id='word_1_129' title='bbox 1348 1118 1453 1173; x_wconf 88' lang='lat' dir='ltr'>mei,</span> 
     </span>
     <span class='ocr_line' id='line_1_14' title="bbox 64 1187 1455 1248; baseline 0.004 -19"><span class='ocrx_word' id='word_1_130' title='bbox 64 1205 86 1229; x_wconf 84' lang='lat'>»</span> <span class='ocrx_word' id='word_1_131' title='bbox 121 1196 164 1231; x_wconf 87' lang='lat' dir='ltr'>et</span> <span class='ocrx_word' id='word_1_132' title='bbox 187 1203 283 1247; x_wconf 87' lang='lat' dir='ltr'>spes</span> <span class='ocrx_word' id='word_1_133' title='bbox 304 1203 400 1232; x_wconf 84' lang='lat' dir='ltr'>mea</span> <span class='ocrx_word' id='word_1_134' title='bbox 430 1188 476 1232; x_wconf 91' lang='lat' dir='ltr'>in</span> <span class='ocrx_word' id='word_1_135' title='bbox 498 1191 588 1233; x_wconf 90' lang='lat' dir='ltr'>Deo</span> <span class='ocrx_word' id='word_1_136' title='bbox 614 1207 623 1232; x_wconf 92' lang='lat'>:</span> <span class='ocrx_word' id='word_1_137' title='bbox 652 1206 672 1229; x_wconf 90' lang='lat'>»</span> <span class='ocrx_word' id='word_1_138' title='bbox 699 1189 841 1233; x_wconf 89' lang='lat' dir='ltr'>donec</span> <span class='ocrx_word' id='word_1_139' title='bbox 859 1189 1114 1248; x_wconf 87' lang='lat' dir='ltr'>perveniam</span> <span class='ocrx_word' id='word_1_140' title='bbox 1136 1189 1191 1233; x_wconf 88' lang='lat' dir='ltr'>ad</span> <span class='ocrx_word' id='word_1_141' title='bbox 1218 1187 1455 1248; x_wconf 88' lang='lat' dir='ltr'>perfectam</span> 
     </span>
     <span class='ocr_line' id='line_1_15' title="bbox 0 1258 1450 1319; baseline 0.003 -17"><span class='ocrx_word' id='word_1_142' title='bbox 0 1281 1 1315; x_wconf 63' lang='lat'><em>3</em></span> <span class='ocrx_word' id='word_1_143' title='bbox 54 1258 410 1318; x_wconf 87' lang='lat' dir='ltr'>justificationem</span> <span class='ocrx_word' id='word_1_144' title='bbox 428 1268 471 1303; x_wconf 90' lang='lat' dir='ltr'>et</span> <span class='ocrx_word' id='word_1_145' title='bbox 492 1259 691 1303; x_wconf 80' lang='lat' dir='ltr'>salutem.</span> <span class='ocrx_word' id='word_1_146' title='bbox 718 1278 738 1301; x_wconf 85' lang='lat'>«</span> <span class='ocrx_word' id='word_1_147' title='bbox 766 1262 849 1319; x_wconf 85' lang='lat' dir='ltr'>Spe</span> <span class='ocrx_word' id='word_1_148' title='bbox 870 1261 987 1303; x_wconf 91' lang='lat' dir='ltr'>enim</span> <span class='ocrx_word' id='word_1_149' title='bbox 1011 1259 1117 1305; x_wconf 89' lang='lat' dir='ltr'>salvi</span> <span class='ocrx_word' id='word_1_150' title='bbox 1139 1259 1242 1305; x_wconf 84' lang='lat' dir='ltr'>facti</span> <span class='ocrx_word' id='word_1_151' title='bbox 1267 1275 1417 1305; x_wconf 89' lang='lat' dir='ltr'>sumus</span> <span class='ocrx_word' id='word_1_152' title='bbox 1440 1279 1450 1306; x_wconf 71' lang='grc' dir='ltr'>ε</span> 
     </span>
     <span class='ocr_line' id='line_1_16' title="bbox 64 1329 1451 1389; baseline 0.002 -17"><span class='ocrx_word' id='word_1_153' title='bbox 64 1346 85 1370; x_wconf 91' lang='lat'>»</span> <span class='ocrx_word' id='word_1_154' title='bbox 119 1344 214 1388; x_wconf 86' lang='lat' dir='ltr'>spes</span> <span class='ocrx_word' id='word_1_155' title='bbox 236 1338 383 1373; x_wconf 88' lang='lat' dir='ltr'>autem</span> <span class='ocrx_word' id='word_1_156' title='bbox 405 1345 503 1389; x_wconf 82' lang='lat' dir='ltr'>quae</span> <span class='ocrx_word' id='word_1_157' title='bbox 524 1329 715 1384; x_wconf 87' lang='lat' dir='ltr'>videtur,</span> <span class='ocrx_word' id='word_1_158' title='bbox 739 1346 829 1375; x_wconf 93' lang='lat' dir='ltr'>non</span> <span class='ocrx_word' id='word_1_159' title='bbox 847 1339 910 1374; x_wconf 84' lang='lat' dir='ltr'>est</span> <span class='ocrx_word' id='word_1_160' title='bbox 926 1331 1086 1389; x_wconf 75' lang='lat' dir='ltr'>spe33.»</span> <span class='ocrx_word' id='word_1_161' title='bbox 1113 1333 1262 1375; x_wconf 87' lang='lat' dir='ltr'>Donec</span> <span class='ocrx_word' id='word_1_162' title='bbox 1278 1332 1451 1376; x_wconf 88' lang='lat' dir='ltr'>veniam</span> 
     </span>
     <span class='ocr_line' id='line_1_17' title="bbox 61 1397 1456 1460; baseline 0.002 -18"><span class='ocrx_word' id='word_1_163' title='bbox 61 1397 117 1442; x_wconf 88' lang='lat' dir='ltr'>ad</span> <span class='ocrx_word' id='word_1_164' title='bbox 138 1397 257 1442; x_wconf 85' lang='lat' dir='ltr'>illam</span> <span class='ocrx_word' id='word_1_165' title='bbox 282 1397 656 1457; x_wconf 81' lang='lat' dir='ltr'>glorificationem,</span> <span class='ocrx_word' id='word_1_166' title='bbox 681 1399 759 1443; x_wconf 87' lang='lat' dir='ltr'>ubi</span> <span class='ocrx_word' id='word_1_167' title='bbox 774 1399 882 1460; x_wconf 86' lang='lat' dir='ltr'>justi</span> <span class='ocrx_word' id='word_1_168' title='bbox 899 1400 1136 1458; x_wconf 84' lang='lat' dir='ltr'>fulgebunt</span> <span class='ocrx_word' id='word_1_169' title='bbox 1152 1400 1198 1444; x_wconf 90' lang='lat' dir='ltr'>in</span> <span class='ocrx_word' id='word_1_170' title='bbox 1219 1416 1354 1460; x_wconf 84' lang='lat' dir='ltr'>regno</span> <span class='ocrx_word' id='word_1_171' title='bbox 1377 1403 1456 1445; x_wconf 90' lang='lat' dir='ltr'>Pa-</span> 
     </span>
     <span class='ocr_line' id='line_1_18' title="bbox 61 1468 1453 1528; baseline 0.002 -16"><span class='ocrx_word' id='word_1_172' title='bbox 61 1468 136 1512; x_wconf 84' lang='lat' dir='ltr'>tris</span> <span class='ocrx_word' id='word_1_173' title='bbox 158 1469 224 1512; x_wconf 87' lang='lat' dir='ltr'>sui</span> <span class='ocrx_word' id='word_1_174' title='bbox 248 1477 456 1528; x_wconf 79' lang='lat' dir='ltr'>tanquam</span> <span class='ocrx_word' id='word_1_175' title='bbox 480 1469 579 1513; x_wconf 39' lang='lat' dir='ltr'>sol&amp;</span> <span class='ocrx_word' id='word_1_176' title='bbox 608 1469 787 1513; x_wconf 83' lang='lat' dir='ltr'>Interim</span> <span class='ocrx_word' id='word_1_177' title='bbox 810 1484 927 1513; x_wconf 88' lang='lat' dir='ltr'>nunc</span> <span class='ocrx_word' id='word_1_178' title='bbox 946 1469 1057 1514; x_wconf 88' lang='lat' dir='ltr'>inter</span> <span class='ocrx_word' id='word_1_179' title='bbox 1078 1470 1355 1526; x_wconf 87' lang='lat' dir='ltr'>tentationes,</span> <span class='ocrx_word' id='word_1_180' title='bbox 1382 1472 1453 1515; x_wconf 89' lang='lat' dir='ltr'>in-</span> 
     </span>
     <span class='ocr_line' id='line_1_19' title="bbox 55 1538 1452 1600; baseline 0.003 -18"><span class='ocrx_word' id='word_1_181' title='bbox 55 1549 120 1583; x_wconf 74' lang='lat' dir='ltr'>ter</span> <span class='ocrx_word' id='word_1_182' title='bbox 131 1539 396 1599; x_wconf 83' lang='lat' dir='ltr'>iniquitates,</span> <span class='ocrx_word' id='word_1_183' title='bbox 418 1539 532 1583; x_wconf 88' lang='lat' dir='ltr'>inter</span> <span class='ocrx_word' id='word_1_184' title='bbox 545 1538 763 1595; x_wconf 85' lang='lat' dir='ltr'>scandala,</span> <span class='ocrx_word' id='word_1_185' title='bbox 783 1540 900 1583; x_wconf 85' lang='lat' dir='ltr'>inter</span> <span class='ocrx_word' id='word_1_186' title='bbox 917 1549 1086 1599; x_wconf 86' lang='lat' dir='ltr'>apertas</span> <span class='ocrx_word' id='word_1_187' title='bbox 1106 1541 1452 1600; x_wconf 81' lang='lat' dir='ltr'>oppugnationes</span> 
     </span>
     <span class='ocr_line' id='line_1_20' title="bbox 59 1609 1446 1670; baseline 0.004 -18"><span class='ocrx_word' id='word_1_188' title='bbox 59 1618 102 1652; x_wconf 87' lang='lat' dir='ltr'>et</span> <span class='ocrx_word' id='word_1_189' title='bbox 125 1609 329 1654; x_wconf 84' lang='lat' dir='ltr'>subdolas</span> <span class='ocrx_word' id='word_1_190' title='bbox 349 1609 608 1664; x_wconf 85' lang='lat' dir='ltr'>locutiones,</span> <span class='ocrx_word' id='word_1_191' title='bbox 633 1609 747 1653; x_wconf 85' lang='lat' dir='ltr'>inter</span> <span class='ocrx_word' id='word_1_192' title='bbox 768 1624 840 1654; x_wconf 89' lang='lat' dir='ltr'>eos</span> <span class='ocrx_word' id='word_1_193' title='bbox 868 1610 944 1670; x_wconf 86' lang='lat' dir='ltr'>qui</span> <span class='ocrx_word' id='word_1_194' title='bbox 966 1625 1040 1654; x_wconf 89' lang='lat' dir='ltr'>ore</span> <span class='ocrx_word' id='word_1_195' title='bbox 1061 1626 1141 1655; x_wconf 86' lang='lat' dir='ltr'>suo</span> <span class='ocrx_word' id='word_1_196' title='bbox 1162 1610 1446 1668; x_wconf 86' lang='lat' dir='ltr'>benedicunt,</span> 
     </span>
     <span class='ocr_line' id='line_1_21' title="bbox 58 1679 1447 1741; baseline 0.002 -17"><span class='ocrx_word' id='word_1_197' title='bbox 58 1688 101 1724; x_wconf 88' lang='lat' dir='ltr'>et</span> <span class='ocrx_word' id='word_1_198' title='bbox 121 1680 252 1725; x_wconf 84' lang='lat' dir='ltr'>corde</span> <span class='ocrx_word' id='word_1_199' title='bbox 275 1695 353 1724; x_wconf 90' lang='lat' dir='ltr'>suo</span> <span class='ocrx_word' id='word_1_200' title='bbox 376 1679 669 1736; x_wconf 85' lang='lat' dir='ltr'>maledicunt,</span> <span class='ocrx_word' id='word_1_201' title='bbox 704 1680 817 1724; x_wconf 83' lang='lat' dir='ltr'>inter</span> <span class='ocrx_word' id='word_1_202' title='bbox 851 1696 923 1725; x_wconf 90' lang='lat' dir='ltr'>eos</span> <span class='ocrx_word' id='word_1_203' title='bbox 948 1680 1025 1741; x_wconf 89' lang='lat' dir='ltr'>qui</span> <span class='ocrx_word' id='word_1_204' title='bbox 1051 1682 1263 1727; x_wconf 86' lang='lat' dir='ltr'>honorem</span> <span class='ocrx_word' id='word_1_205' title='bbox 1299 1698 1447 1728; x_wconf 90' lang='lat' dir='ltr'>meum</span> 
     </span>
     <span class='ocr_line' id='line_1_22' title="bbox 58 1751 1451 1811; baseline 0.003 -15"><span class='ocrx_word' id='word_1_206' title='bbox 58 1752 250 1811; x_wconf 85' lang='lat' dir='ltr'>cogitant</span> <span class='ocrx_word' id='word_1_207' title='bbox 281 1751 489 1811; x_wconf 80' lang='lat' dir='ltr'>repellere</span> <span class='ocrx_word' id='word_1_208' title='bbox 505 1787 515 1807; x_wconf 94' lang='lat'>,</span> <span class='ocrx_word' id='word_1_209' title='bbox 552 1751 661 1811; x_wconf 85' lang='lat' dir='ltr'>quid</span> <span class='ocrx_word' id='word_1_210' title='bbox 688 1751 787 1795; x_wconf 79' lang='lat' dir='ltr'>hic?</span> <span class='ocrx_word' id='word_1_211' title='bbox 824 1770 844 1794; x_wconf 94' lang='lat'>«</span> <span class='ocrx_word' id='word_1_212' title='bbox 869 1754 986 1799; x_wconf 84' lang='lat' dir='ltr'>Deus</span> <span class='ocrx_word' id='word_1_213' title='bbox 1006 1752 1154 1799; x_wconf 81' lang='lat' dir='ltr'>auxilii</span> <span class='ocrx_word' id='word_1_214' title='bbox 1177 1754 1263 1798; x_wconf 87' lang='lat' dir='ltr'>mei</span> <span class='ocrx_word' id='word_1_215' title='bbox 1287 1773 1296 1799; x_wconf 76' lang='grc' dir='ltr'>ε</span> <span class='ocrx_word' id='word_1_216' title='bbox 1327 1774 1345 1796; x_wconf 86' lang='lat'>»</span> <span class='ocrx_word' id='word_1_217' title='bbox 1375 1755 1451 1800; x_wconf 89' lang='lat' dir='ltr'>dat</span> 
     </span>
     <span class='ocr_line' id='line_1_23' title="bbox 58 1820 1448 1883; baseline 0.003 -17"><span class='ocrx_word' id='word_1_218' title='bbox 58 1823 174 1866; x_wconf 82' lang='lat' dir='ltr'>enirn</span> <span class='ocrx_word' id='word_1_219' title='bbox 213 1821 421 1866; x_wconf 76' lang='lat' dir='ltr'>auxilium</span> <span class='ocrx_word' id='word_1_220' title='bbox 474 1820 755 1865; x_wconf 83' lang='lat' dir='ltr'>certantibus.</span> <span class='ocrx_word' id='word_1_221' title='bbox 803 1824 966 1867; x_wconf 89' lang='lat' dir='ltr'>Contra</span> <span class='ocrx_word' id='word_1_222' title='bbox 1010 1838 1119 1883; x_wconf 89' lang='lat' dir='ltr'>quos</span> <span class='ocrx_word' id='word_1_223' title='bbox 1149 1824 1448 1870; x_wconf 78' lang='lat' dir='ltr'>certantibus?</span> 
     </span>
     <span class='ocr_line' id='line_1_24' title="bbox 61 1891 1450 1953; baseline 0.004 -20"><span class='ocrx_word' id='word_1_224' title='bbox 61 1911 83 1934; x_wconf 89' lang='lat'>«</span> <span class='ocrx_word' id='word_1_225' title='bbox 116 1895 214 1938; x_wconf 90' lang='lat' dir='ltr'>Non</span> <span class='ocrx_word' id='word_1_226' title='bbox 236 1902 299 1937; x_wconf 86' lang='lat' dir='ltr'>est</span> <span class='ocrx_word' id='word_1_227' title='bbox 325 1892 450 1937; x_wconf 84' lang='lat' dir='ltr'>nobis</span> <span class='ocrx_word' id='word_1_228' title='bbox 479 1891 731 1936; x_wconf 84' lang='lat' dir='ltr'>colluctatio</span> <span class='ocrx_word' id='word_1_229' title='bbox 765 1891 968 1937; x_wconf 84' lang='lat' dir='ltr'>adversus</span> <span class='ocrx_word' id='word_1_230' title='bbox 997 1907 1173 1937; x_wconf 83' lang='lat' dir='ltr'>carnem</span> <span class='ocrx_word' id='word_1_231' title='bbox 1199 1902 1242 1937; x_wconf 85' lang='lat' dir='ltr'>et</span> <span class='ocrx_word' id='word_1_232' title='bbox 1273 1896 1450 1953; x_wconf 88' lang='lat' dir='ltr'>sangui-</span> 
     </span>
     <span class='ocr_line' id='line_1_25' title="bbox 60 1963 1446 2025; baseline 0.005 -21"><span class='ocrx_word' id='word_1_233' title='bbox 60 1980 81 2004; x_wconf 88' lang='lat'>»</span> <span class='ocrx_word' id='word_1_234' title='bbox 116 1979 234 2018; x_wconf 89' lang='lat' dir='ltr'>nem,</span> <span class='ocrx_word' id='word_1_235' title='bbox 259 1963 334 2008; x_wconf 89' lang='lat' dir='ltr'>sed</span> <span class='ocrx_word' id='word_1_236' title='bbox 350 1963 551 2008; x_wconf 86' lang='lat' dir='ltr'>adversus</span> <span class='ocrx_word' id='word_1_237' title='bbox 567 1963 838 2023; x_wconf 85' lang='lat' dir='ltr'>Principatus</span> <span class='ocrx_word' id='word_1_238' title='bbox 857 1973 900 2007; x_wconf 87' lang='lat' dir='ltr'>et</span> <span class='ocrx_word' id='word_1_239' title='bbox 920 1967 1191 2008; x_wconf 77' lang='lat' dir='ltr'>Potestate85.</span> <span class='ocrx_word' id='word_1_240' title='bbox 1212 1967 1328 2010; x_wconf 88' lang='lat' dir='ltr'>Deus</span> <span class='ocrx_word' id='word_1_241' title='bbox 1345 1981 1446 2025; x_wconf 84' lang='lat' dir='ltr'>ergo</span> 
     </span>
     <span class='ocr_line' id='line_1_26' title="bbox 60 2033 1447 2096; baseline 0.006 -21"><span class='ocrx_word' id='word_1_242' title='bbox 60 2051 82 2075; x_wconf 92' lang='lat'>»</span> <span class='ocrx_word' id='word_1_243' title='bbox 118 2033 265 2078; x_wconf 81' lang='lat' dir='ltr'>auxilii</span> <span class='ocrx_word' id='word_1_244' title='bbox 286 2035 389 2089; x_wconf 88' lang='lat' dir='ltr'>mei,</span> <span class='ocrx_word' id='word_1_245' title='bbox 410 2042 453 2078; x_wconf 90' lang='lat' dir='ltr'>et</span> <span class='ocrx_word' id='word_1_246' title='bbox 469 2049 565 2094; x_wconf 88' lang='lat' dir='ltr'>spes</span> <span class='ocrx_word' id='word_1_247' title='bbox 586 2049 682 2078; x_wconf 88' lang='lat' dir='ltr'>mea</span> <span class='ocrx_word' id='word_1_248' title='bbox 706 2034 751 2078; x_wconf 92' lang='lat' dir='ltr'>in</span> <span class='ocrx_word' id='word_1_249' title='bbox 772 2037 877 2079; x_wconf 87' lang='lat' dir='ltr'>Deo.</span> <span class='ocrx_word' id='word_1_250' title='bbox 907 2053 927 2076; x_wconf 88' lang='lat'>»</span> <span class='ocrx_word' id='word_1_251' title='bbox 956 2037 1059 2094; x_wconf 88' lang='lat' dir='ltr'>Spes</span> <span class='ocrx_word' id='word_1_252' title='bbox 1076 2070 1087 2091; x_wconf 88' lang='lat'>,</span> <span class='ocrx_word' id='word_1_253' title='bbox 1113 2035 1311 2096; x_wconf 88' lang='lat' dir='ltr'>quandiu</span> <span class='ocrx_word' id='word_1_254' title='bbox 1331 2053 1447 2083; x_wconf 91' lang='lat' dir='ltr'>non-</span> 
     </span>
     <span class='ocr_line' id='line_1_27' title="bbox 58 2102 1445 2166; baseline 0.004 -19"><span class='ocrx_word' id='word_1_255' title='bbox 58 2102 165 2148; x_wconf 89' lang='lat' dir='ltr'>dum</span> <span class='ocrx_word' id='word_1_256' title='bbox 187 2113 252 2148; x_wconf 88' lang='lat' dir='ltr'>est</span> <span class='ocrx_word' id='word_1_257' title='bbox 279 2105 399 2164; x_wconf 85' lang='lat' dir='ltr'>quod</span> <span class='ocrx_word' id='word_1_258' title='bbox 425 2104 685 2164; x_wconf 86' lang='lat' dir='ltr'>promissum</span> <span class='ocrx_word' id='word_1_259' title='bbox 721 2113 786 2149; x_wconf 90' lang='lat' dir='ltr'>est</span> <span class='ocrx_word' id='word_1_260' title='bbox 815 2114 859 2149; x_wconf 89' lang='lat' dir='ltr'>et</span> <span class='ocrx_word' id='word_1_261' title='bbox 888 2105 1079 2150; x_wconf 88' lang='lat' dir='ltr'>creditur</span> <span class='ocrx_word' id='word_1_262' title='bbox 1101 2105 1219 2166; x_wconf 87' lang='lat' dir='ltr'>quod</span> <span class='ocrx_word' id='word_1_263' title='bbox 1246 2107 1445 2153; x_wconf 91' lang='lat' dir='ltr'>nondum</span> 
     </span>
     <span class='ocr_line' id='line_1_28' title="bbox 57 2173 1441 2236; baseline 0.004 -17"><span class='ocrx_word' id='word_1_264' title='bbox 57 2173 230 2219; x_wconf 88' lang='lat' dir='ltr'>videtur</span> <span class='ocrx_word' id='word_1_265' title='bbox 250 2195 258 2220; x_wconf 91' lang='lat'>:</span> <span class='ocrx_word' id='word_1_266' title='bbox 286 2191 385 2219; x_wconf 85' lang='lat' dir='ltr'>cum</span> <span class='ocrx_word' id='word_1_267' title='bbox 409 2184 554 2219; x_wconf 89' lang='lat' dir='ltr'>autem</span> <span class='ocrx_word' id='word_1_268' title='bbox 575 2175 758 2230; x_wconf 86' lang='lat' dir='ltr'>venerit,</span> <span class='ocrx_word' id='word_1_269' title='bbox 784 2175 865 2219; x_wconf 84' lang='lat' dir='ltr'>erit</span> <span class='ocrx_word' id='word_1_270' title='bbox 886 2175 1065 2220; x_wconf 86' lang='lat' dir='ltr'>salvatio</span> <span class='ocrx_word' id='word_1_271' title='bbox 1088 2186 1131 2221; x_wconf 93' lang='lat' dir='ltr'>et</span> <span class='ocrx_word' id='word_1_272' title='bbox 1153 2176 1409 2236; x_wconf 80' lang='lat' dir='ltr'>glorificatio</span> <span class='ocrx_word' id='word_1_273' title='bbox 1432 2198 1441 2225; x_wconf 94' lang='lat'>:</span> 
     </span>
     <span class='ocr_line' id='line_1_29' title="bbox 57 2244 1444 2301; baseline 0.005 -13"><span class='ocrx_word' id='word_1_274' title='bbox 57 2259 147 2290; x_wconf 91' lang='lat' dir='ltr'>non</span> <span class='ocrx_word' id='word_1_275' title='bbox 163 2254 325 2301; x_wconf 86' lang='lat' dir='ltr'>tamen,</span> <span class='ocrx_word' id='word_1_276' title='bbox 345 2245 452 2290; x_wconf 89' lang='lat' dir='ltr'>dum</span> <span class='ocrx_word' id='word_1_277' title='bbox 468 2245 542 2290; x_wconf 83' lang='lat' dir='ltr'>iila</span> <span class='ocrx_word' id='word_1_278' title='bbox 559 2244 840 2301; x_wconf 79' lang='lat' dir='ltr'>differuntur,</span> <span class='ocrx_word' id='word_1_279' title='bbox 861 2244 1123 2292; x_wconf 84' lang='lat' dir='ltr'>deserimur:</span> <span class='ocrx_word' id='word_1_280' title='bbox 1149 2266 1170 2290; x_wconf 85' lang='lat'>«</span> <span class='ocrx_word' id='word_1_281' title='bbox 1192 2250 1308 2294; x_wconf 90' lang='lat' dir='ltr'>Deus</span> <span class='ocrx_word' id='word_1_282' title='bbox 1329 2250 1444 2295; x_wconf 88' lang='lat' dir='ltr'>enim</span> 
     </span>
     <span class='ocr_line' id='line_1_30' title="bbox 60 2315 917 2375; baseline 0.001 -18"><span class='ocrx_word' id='word_1_283' title='bbox 60 2333 80 2357; x_wconf 91' lang='lat'>»</span> <span class='ocrx_word' id='word_1_284' title='bbox 116 2315 260 2359; x_wconf 74' lang='lat' dir='ltr'>auxilii</span> <span class='ocrx_word' id='word_1_285' title='bbox 278 2317 378 2370; x_wconf 86' lang='lat' dir='ltr'>mei,</span> <span class='ocrx_word' id='word_1_286' title='bbox 404 2325 447 2361; x_wconf 91' lang='lat' dir='ltr'>et</span> <span class='ocrx_word' id='word_1_287' title='bbox 461 2331 556 2375; x_wconf 85' lang='lat' dir='ltr'>spes</span> <span class='ocrx_word' id='word_1_288' title='bbox 577 2331 673 2361; x_wconf 88' lang='lat' dir='ltr'>mea</span> <span class='ocrx_word' id='word_1_289' title='bbox 695 2316 741 2360; x_wconf 91' lang='lat' dir='ltr'>in</span> <span class='ocrx_word' id='word_1_290' title='bbox 763 2319 868 2361; x_wconf 86' lang='lat' dir='ltr'>Deo.</span> <span class='ocrx_word' id='word_1_291' title='bbox 897 2336 917 2358; x_wconf 80' lang='lat'>&gt;›</span> 
     </span>
    </p>

    <p class='ocr_par' dir='ltr' id='par_1_3' title="bbox 57 2387 1442 2521">
     <span class='ocr_line' id='line_1_31' title="bbox 109 2387 1442 2450; baseline 0.005 -21"><span class='ocrx_word' id='word_1_292' title='bbox 109 2388 232 2430; x_wconf 79' lang='lat' dir='ltr'>XIV.</span> <span class='ocrx_word' id='word_1_293' title='bbox 264 2405 284 2428; x_wconf 71' lang='grc' dir='ltr'>α</span> <span class='ocrx_word' id='word_1_294' title='bbox 311 2388 487 2446; x_wconf 88' lang='lat' dir='ltr'>Sperate</span> <span class='ocrx_word' id='word_1_295' title='bbox 508 2387 553 2429; x_wconf 89' lang='lat' dir='ltr'>in</span> <span class='ocrx_word' id='word_1_296' title='bbox 575 2401 676 2430; x_wconf 88' lang='lat' dir='ltr'>eum</span> <span class='ocrx_word' id='word_1_297' title='bbox 708 2402 838 2432; x_wconf 92' lang='lat' dir='ltr'>omne</span> <span class='ocrx_word' id='word_1_298' title='bbox 854 2388 1087 2434; x_wconf 88' lang='lat' dir='ltr'>concilium</span> <span class='ocrx_word' id='word_1_299' title='bbox 1109 2389 1263 2450; x_wconf 87' lang='lat' dir='ltr'>plebis.</span> <span class='ocrx_word' id='word_1_300' title='bbox 1288 2408 1309 2433; x_wconf 83' lang='lat'>»</span> <span class='ocrx_word' id='word_1_301' title='bbox 1336 2392 1442 2436; x_wconf 91' lang='lat' dir='ltr'>Imi-</span> 
     </span>
     <span class='ocr_line' id='line_1_32' title="bbox 57 2455 1442 2521; baseline 0.005 -22"><span class='ocrx_word' id='word_1_302' title='bbox 57 2455 209 2500; x_wconf 86' lang='lat' dir='ltr'>tamini</span> <span class='ocrx_word' id='word_1_303' title='bbox 232 2455 429 2513; x_wconf 76' lang='lat' dir='ltr'>idithun,</span> <span class='ocrx_word' id='word_1_304' title='bbox 466 2455 677 2501; x_wconf 86' lang='lat' dir='ltr'>transilite</span> <span class='ocrx_word' id='word_1_305' title='bbox 711 2457 906 2504; x_wconf 84' lang='lat' dir='ltr'>inimicos</span> <span class='ocrx_word' id='word_1_306' title='bbox 935 2468 1124 2519; x_wconf 79' lang='lat' dir='ltr'>vestros;</span> <span class='ocrx_word' id='word_1_307' title='bbox 1151 2470 1442 2521; x_wconf 84' lang='lat' dir='ltr'>repugnantes</span> 
     </span>
    </p>
   </div>
   <div class='ocr_carea' id='block_1_3' title="bbox 59 2552 1435 2649">
    <p class='ocr_par' dir='ltr' id='par_1_4' title="bbox 59 2552 1435 2649">
     <span class='ocr_line' id='line_1_33' title="bbox 105 2552 1435 2599; baseline 0.005 -16"><span class='ocrx_word' id='word_1_308' title='bbox 105 2558 116 2574; x_wconf 88' lang='lat'>¹</span> <span class='ocrx_word' id='word_1_309' title='bbox 137 2552 250 2585; x_wconf 86' lang='lat' dir='ltr'>Matth.</span> <span class='ocrx_word' id='word_1_310' title='bbox 272 2563 317 2594; x_wconf 73' lang='lat' dir='ltr'>1x,</span> <span class='ocrx_word' id='word_1_311' title='bbox 340 2564 389 2585; x_wconf 86' lang='lat'>12.</span> <span class='ocrx_word' id='word_1_312' title='bbox 412 2570 452 2578; x_wconf 92' lang='lat'>—-</span> <span class='ocrx_word' id='word_1_313' title='bbox 471 2553 580 2586; x_wconf 76' lang='lat' dir='ltr'>21bid.</span> <span class='ocrx_word' id='word_1_314' title='bbox 610 2553 659 2585; x_wconf 77' lang='lat'>13,</span> <span class='ocrx_word' id='word_1_315' title='bbox 680 2570 722 2577; x_wconf 90' lang='lat'>--</span> <span class='ocrx_word' id='word_1_316' title='bbox 743 2553 755 2578; x_wconf 81' lang='lat'>3</span> <span class='ocrx_word' id='word_1_317' title='bbox 776 2555 870 2589; x_wconf 78' lang='lat' dir='ltr'>Rom,</span> <span class='ocrx_word' id='word_1_318' title='bbox 888 2567 946 2589; x_wconf 84' lang='lat' dir='ltr'>vm</span> <span class='ocrx_word' id='word_1_319' title='bbox 962 2581 970 2597; x_wconf 92' lang='lat'>,</span> <span class='ocrx_word' id='word_1_320' title='bbox 990 2556 1045 2599; x_wconf 75' lang='grc'>24.</span> <span class='ocrx_word' id='word_1_321' title='bbox 1067 2573 1107 2581; x_wconf 77' lang='lat'>—-‹</span> <span class='ocrx_word' id='word_1_322' title='bbox 1125 2557 1141 2587; x_wconf 64' lang='lat' dir='ltr'>so</span> <span class='ocrx_word' id='word_1_323' title='bbox 1155 2557 1267 2590; x_wconf 87' lang='lat' dir='ltr'>Matth.</span> <span class='ocrx_word' id='word_1_324' title='bbox 1293 2557 1435 2599; x_wconf 70' lang='lat' dir='ltr'>x111,43.</span> 
     </span>
     <span class='ocr_line' id='line_1_34' title="bbox 59 2605 340 2649; baseline -0.004 -9"><span class='ocrx_word' id='word_1_325' title='bbox 59 2605 200 2649; x_wconf 80' lang='lat' dir='ltr'>⁵EpheS.</span> <span class='ocrx_word' id='word_1_326' title='bbox 221 2620 266 2649; x_wconf 76' lang='lat' dir='ltr'>vi,</span> <span class='ocrx_word' id='word_1_327' title='bbox 290 2617 340 2641; x_wconf 85' lang='lat'>12.</span> 
     </span>
    </p>
   </div>
  </div>
 </body>
</html>
