1889 3285
374 235 457 272 ‘296
803 244 837 269 s.
875 242 1099 268 AUGUSTINI
1141 242 1317 269 eviscovi

373 325 450 353 suo
477 308 708 362 latrarent,
747 305 987 350 laudabiles
1025 320 1151 349 canes
1175 315 1344 351 essent:
1378 305 1490 350 sicut
1518 305 1754 351 laudantur

372 379 467 433 isti,
492 380 547 423 de
569 377 729 438 quibus
749 376 908 421 dicitur
929 395 937 419 ς
968 394 988 416 «
1015 376 1181 433 Lingua
1203 390 1361 419 canum
1386 385 1575 419 tuorum.
1599 379 1754 429 »Quos

371 459 519 492 tamen
551 448 767 506 Propheta
799 461 850 489 ex
877 444 1060 488 inimicis
1093 443 1263 488 futuros
1296 460 1384 489 esse
1414 444 1643 504 praedixit,
1678 460 1755 504 per

373 517 493 561 illam
514 516 689 571 scilicet,
718 515 1059 567 conversionem,
1089 513 1143 557 de
1165 530 1252 573 qua
1273 515 1467 574 superius
1490 514 1755 575 loquebatur

369 586 497 632 Unde
518 595 561 630 et
581 585 654 629 ille
673 584 867 629 Psalmus
890 603 899 628 2
929 603 949 625 «
974 585 1311 640 Convertentur,
1332 585 1501 645 inquit,
1527 584 1583 628 ad
1603 599 1755 642 vespe-

372 675 393 698 »
430 672 544 711 ram,
584 665 627 699 et
661 655 823 699 famem
854 655 1075 713 patientur
1112 662 1163 697 ut
1193 669 1335 698 canes.
1379 673 1398 696 >2
1425 654 1592 698 Deinde
1619 654 1757 699 veluti

368 726 666 787 quaerentibus
689 724 806 768 unde
829 725 912 768 hoc
933 723 1017 766 illis
1039 732 1210 767 tantum
1227 724 1394 768 bonum
1409 759 1420 780 ,
1446 734 1496 769 ut
1517 740 1644 769 canes
1665 726 1757 785 ejus

367 798 539 850 fierent,
564 796 686 855 cujus
707 794 881 838 fuerant
898 793 1078 848 inimici,
1103 808 1356 853 responsum
1377 804 1467 839 est:
1489 813 1508 835 α
1526 795 1594 839 Ab
1614 795 1753 854 ipso.»

371 867 440 912 Sic
462 866 576 909 enim
599 865 756 923 legitur
778 884 787 908 2
823 883 841 903 «
868 864 1032 921 Lingua
1050 878 1208 907 canum
1230 873 1408 908 tuorum
1424 880 1475 907 ex
1495 864 1678 908 inimicis
1702 864 1757 908 ab

373 956 393 978 »
429 937 536 995 ipso.
569 955 586 977 »
627 935 763 995 Ipsius
793 934 946 994 utique
978 932 1236 988 dilectione,
1266 933 1399 992 ipsius
1431 933 1754 989 misericordia,

369 1006 503 1065 ipsius
526 1006 675 1063 gratia.
701 1007 810 1049 Nam
834 1003 1012 1063 quando
1049 1002 1095 1047 id
1118 1012 1294 1062 possent
1315 1019 1339 1047 a
1370 1018 1414 1047 se
1438 1003 1565 1063 ipsis?
1584 1003 1758 1047 Etenim
1815 1048 1818 1051 Α

368 1090 471 1119 cum
491 1074 654 1118 inimici
676 1089 886 1128 essemus,
905 1071 1168 1117 reconciliati
1192 1087 1338 1116 sumus
1362 1075 1452 1116 Deo
1474 1087 1551 1132 per
1571 1081 1758 1117 mortem

368 1144 469 1190 Filii
491 1144 604 1202 ejus¹
629 1163 637 1187 :
665 1142 820 1187 adhoc
837 1152 880 1186 et
897 1142 1070 1186 Domini
1094 1141 1177 1186 fuit
1198 1142 1335 1186 exitus
1357 1143 1521 1187 mortis.

428 1216 641 1257 XXXIII.
672 1232 689 1252 «
712 1213 802 1256 Visi
829 1221 932 1256 sunt
956 1226 1122 1270 gressus
1142 1212 1235 1266 tui,
1261 1215 1409 1256 Deus&
1432 1232 1449 1253 »
1468 1214 1643 1257 Gressus
1655 1213 1756 1273 qui-

367 1283 452 1328 bus
469 1283 624 1327 venisti
645 1297 723 1341 per
735 1279 950 1324 mundum
968 1316 977 1336 ,
1004 1290 1213 1340 tanquam
1235 1281 1280 1324 in
1301 1279 1376 1325 illo
1398 1297 1529 1326 curru
1551 1298 1756 1342 peragra-

369 1364 494 1398 turus
510 1354 661 1398 orbem
680 1361 894 1396 terrarum
911 1372 921 1408 3
937 1367 1045 1411 quos
1063 1361 1106 1395 et
1118 1352 1257 1396 nubes
1275 1352 1321 1395 in
1335 1353 1571 1410 Evangelio
1587 1363 1757 1398 sanctos

367 1434 413 1468 et
434 1423 583 1468 fideles
605 1438 703 1467 suos
739 1422 980 1481 significat,
1002 1422 1077 1465 ubi
1099 1422 1158 1466 ait
1184 1441 1192 1466 :
1223 1441 1240 1462 «
1267 1421 1438 1467 Amodo
1459 1422 1662 1467 videbitis
1681 1424 1758 1467 Fi-

369 1513 392 1537 »
428 1494 538 1538 lium
568 1494 757 1537 hominis
786 1492 1033 1535 venientem
1056 1492 1100 1535 in
1128 1492 1366 1536 nubibusss.
1396 1511 1416 1534 »
1453 1496 1648 1553 Excepto
1682 1493 1757 1539 illo

369 1563 560 1610 adventu
581 1563 627 1606 in
649 1578 737 1622 quo
770 1559 851 1605 crit
871 1561 1007 1621 judex
1039 1561 1236 1606 vivorum
1261 1572 1392 1621 atque
1419 1565 1717 1608 mortuorum⁴
1744 1584 1753 1608 :

373 1656 395 1678 «
429 1633 622 1686 Amodo‚
643 1632 809 1692 inquit,
837 1630 1036 1675 videbitis
1052 1631 1215 1674 Filium
1233 1632 1421 1674 hominis
1443 1626 1689 1676 venientem
1711 1633 1757 1677 in

370 1724 392 1747 >›
428 1704 635 1749 nubibus.
659 1703 714 1745 Hi
737 1717 903 1760 gressus
926 1702 989 1743 tui
1009 1701 1088 1742 visi
1110 1709 1236 1754 sunt,
1255 1718 1274 1740 »
1296 1699 1342 1743 id
1378 1710 1442 1744 est
1458 1735 1469 1756 ,
1494 1701 1756 1747 manifestati

366 1783 490 1828 sunt,
512 1772 699 1816 revelata
723 1771 858 1829 gratia
883 1769 1144 1812 Testamenti
1166 1769 1288 1813 Novi.
1314 1770 1439 1814 Unde
1469 1770 1634 1815 dictum
1653 1781 1717 1817 est
1744 1792 1753 1818 ε

372 1864 393 1886 «
427 1847 569 1896 Quam
591 1840 771 1900 speciosi
793 1839 925 1898 pedes
941 1854 1093 1882 eorum
1107 1840 1182 1898 qui
1204 1842 1465 1884 annuntiant
1488 1857 1660 1900 pacem,
1680 1844 1757 1903 qui

369 1933 392 1956 »
427 1911 690 1956 annuntiant
718 1909 880 1953 bona⁵l
910 1927 929 1949 »
963 1910 1066 1952 Haec
1103 1909 1217 1953 enim
1249 1910 1381 1968 gratia
1416 1920 1459 1955 et
1488 1911 1556 1955 isti
1590 1928 1756 1971 gressus

366 1982 563 2027 latebant
574 1981 620 2024 in
631 1982 788 2024 Vetere
803 1981 1078 2023 Testamento
1095 1997 1104 2023 :
1121 1994 1222 2022 cum
1233 1989 1379 2024 autem
1393 1982 1512 2025 Venit
1524 1980 1756 2041 plenitudo

366 2051 594 2110 temporis,
636 2059 678 2093 et
699 2048 863 2108 placuit
895 2051 986 2092 Deo
1019 2047 1207 2092 revelare
1229 2048 1389 2093 Filium
1418 2066 1544 2095 suum
1561 2086 1572 2106 ,
1605 2060 1655 2095 ut
1676 2068 1758 2096 an-

366 2120 704 2167 nuntiareturin
728 2119 982 2179 gentibus⁶,
1013 2118 1130 2163 «visi
1158 2127 1259 2163 sunt
1279 2135 1445 2178 gressus
1478 2122 1568 2176 tui,
1602 2125 1716 2166 Deus
1743 2142 1752 2167 :

367 2211 388 2233 )›
425 2206 591 2250 gressus
605 2191 682 2234 Dei
698 2190 798 2244 mei,
820 2190 929 2248 regis
943 2189 1019 2249 qui
1034 2198 1097 2232 est
1117 2189 1163 2232 in
1176 2198 1339 2233 sancto.
1364 2208 1383 2231 »
1402 2193 1454 2233 In
1472 2206 1562 2250 quo
1578 2201 1750 2247 sancto,

366 2262 447 2306 nisi
468 2262 514 2304 in
543 2260 707 2320 templo
729 2261 836 2304 suo?
863 2280 883 2302 «
916 2259 1145 2319 Templum
1168 2259 1284 2303 enim
1316 2261 1394 2304 Dei
1427 2270 1626 2314 sanctum
1662 2271 1750 2317 est,

369 2351 391 2374 »
425 2333 568 2392 inquit
586 2367 596 2386 ,
622 2330 743 2391 quod
764 2331 863 2374 estis
882 2346 954 2374 vos
970 2332 1000 2374 ⁷.
1024 2349 1044 2372 3)

421 2404 626 2448 XXXIV.
656 2404 710 2446 Ut
731 2411 878 2445 autem
900 2416 1064 2460 gressus
1083 2401 1152 2444 isti
1173 2401 1426 2446 viderentur
1442 2438 1453 2457 ,
1478 2421 1498 2444 «
1518 2405 1749 2447 Praevene-

413 2493 422 2508 ¹
444 2489 533 2518 Rom.
551 2497 582 2526 v,
605 2497 656 2518 ιο.
676 2503 717 2508 -—
731 2492 743 2508 2²
757 2485 836 2516 Psal.
856 2496 950 2526 mvn,
966 2484 1020 2516 25.
1037 2482 1102 2507 —3
1122 2484 1234 2516 Matth.
1255 2496 1345 2527 xxvz,
1364 2484 1420 2528 (34,
1445 2490 1478 2517 ct
1495 2488 1591 2518 Marc.
1614 2487 1748 2527 xm‚26.

366 2558 407 2563 -—
428 2540 442 2569 4
463 2550 482 2573 ‘2
506 2541 585 2572 Tim.
606 2552 650 2581 iv,
672 2552 698 2572 ι.
719 2557 759 2562 -·
787 2539 800 2563 ⁵
823 2542 913 2572 Rom.
933 2552 963 2578 x,
987 2541 1035 2571 ¹5.
1055 2559 1094 2563 —
1110 2537 1125 2559 ‘⁴¹
1145 2541 1211 2573 Gal.
1230 2551 1274 2574 iv,
1296 2539 1326 2581 4.
1352 2548 1423 2573 -ΐ
1450 2552 1461 2572 1
1481 2544 1688 2583 Cor.ui‚15.
