1889 3285
398 291 638 322 ENARRATIO
671 295 716 322 IN
748 292 950 323 PsALMUM
981 297 1098 322 Lxrv.
1356 285 1436 322 211

68 377 89 399 «
121 357 419 418 Multiplicasti
441 358 580 402 ditare
596 373 704 402 eam.
727 359 852 403 Unde
864 358 1160 418 multiplicasti
1177 373 1271 402 eam
1285 358 1443 403 ditare?

64 445 85 468 »
121 427 299 472 Fluvius
319 428 398 472 Dei
418 426 608 487 repletus
630 437 693 472 est
716 444 843 488 aqua.
872 447 893 470 »
917 429 1023 482 Quis
1054 437 1117 473 est
1144 429 1301 472 fluvius
1333 429 1441 472 Dei?

62 499 254 558 Populus
287 499 378 543 Dei.
418 499 588 543 Primus
614 498 802 559 populus
822 499 1013 559 repletus
1040 509 1127 555 est,
1146 499 1267 543 unde
1285 509 1442 543 caetera

61 577 173 613 terra
204 569 429 628 rigaretur.
466 569 583 613 Audi
612 568 735 613 illum
766 570 1093 629 promittentem
1122 585 1281 630 aquam
1308 588 1318 614 :
1347 587 1368 611 «
1398 568 1442 613 Si

62 656 84 680 »
116 638 214 699 quis
235 638 345 694 sitit,
379 639 526 683 veniat
557 647 600 683 et
626 639 764 683 bibat.
790 639 875 692 Qui
894 638 1033 684 credit
1061 638 1108 682 in
1128 653 1221 694 me,
1258 638 1443 682 flumina

63 727 84 750 »
120 725 244 769 aquae
264 708 374 754 vivae
389 708 444 753 de
458 718 610 754 ventre
626 711 664 770 ej
672 725 719 754 us
735 709 919 754 fluent1.
943 728 964 751 »
993 709 1036 755 Si
1060 709 1242 754 flumina
1262 716 1306 752 et
1327 722 1442 752 unus

58 779 243 837 fluvius;
271 779 374 839 quia
399 789 576 840 propter
603 780 813 824 unitatem
835 779 963 824 multi
983 795 1123 824 unum
1145 788 1261 824 sunt.
1287 777 1441 824 Multae

57 848 261 893 Ecclesiae
293 859 336 894 et
364 866 452 894 una
488 849 680 895 Ecclesia
699 886 710 906 ‚
752 850 877 894 multi
905 849 1054 895 fideles
1093 859 1138 894 et
1164 865 1251 894 una
1285 864 1442 909 sponsa

57 920 217 965 Christi
241 939 251 965 ε
275 921 334 965 sic
364 920 504 966 multa
529 922 711 966 flumina
737 931 782 965 et
805 937 922 966 unus
944 921 1119 967 fluvius.
1147 919 1442 967 Crediderunt

56 989 184 1034 multi
207 990 411 1035 Israelitae
426 1026 437 1046 ‚
463 1000 505 1034 et
526 991 694 1051 impleti
715 1000 814 1035 sunt
838 991 1001 1051 Spiritu
1024 1001 1196 1036 sancto:
1221 989 1324 1034 inde
1358 988 1442 1033 dif-

4 1108 6 1114 ,
59 1058 145 1104 fusi
167 1069 269 1104 sunt
296 1075 374 1119 per
401 1070 570 1119 gentes,
598 1069 830 1120 coeperunt
863 1059 1097 1120 praedicare
1116 1060 1344 1105 veritatem
1361 1094 1374 1115 ‚
1397 1069 1442 1104 et

60 1129 114 1175 de
128 1130 261 1175 fluvio
275 1132 368 1186 Dei,
390 1132 467 1192 qui
488 1131 690 1191 impletus
707 1140 773 1175 est
790 1146 918 1191 aqua,
940 1131 1115 1190 irrigata
1125 1139 1191 1174 est
1204 1138 1294 1174 tota
1307 1139 1437 1174 terra.

5 1248 8 1253 Α
63 1219 83 1243 «
118 1201 281 1245 Parasti
302 1202 450 1246 cibum
470 1201 646 1246 illorum
671 1221 680 1246 z
705 1202 808 1261 quia
840 1202 900 1245 ita
928 1211 994 1246 est
1020 1200 1278 1261 praeparatio
1302 1210 1392 1245 tua.
1415 1219 1436 1242 »

57 1273 155 1317 Non
180 1272 283 1332 quia
303 1281 347 1317 te
367 1262 717 1332 promeruerunt,
742 1272 900 1332 quibus
915 1281 1092 1332 peccata
1115 1271 1285 1316 donasti
1311 1291 1320 1317 :
1344 1287 1440 1316 me—

4 1401 5 1405 *
58 1343 139 1387 rita
174 1341 350 1388 illorum
384 1343 497 1388 mala
528 1352 651 1387 erant
676 1364 687 1400 3
725 1341 800 1387 sed
826 1352 875 1387 tu
899 1352 1077 1402 propter
1100 1342 1440 1387 misericordiam

58 1422 179 1459 tuam
206 1430 214 1455 :
239 1433 259 1457 «
278 1414 389 1468 Quia
409 1414 469 1459 ita
489 1423 552 1459 est
568 1414 824 1474 praeparatio
845 1423 942 1470 tua,
961 1413 1021 1458 ita
1037 1414 1195 1473 parasti
1216 1413 1364 1458 cibum
1383 1414 1440 1459 il-

59 1501 80 1525 »
115 1483 320 1528 lorum.»

4 1599 6 1604 ,
112 1555 212 1598 XV.
237 1573 258 1596 «
281 1554 430 1599 Sulcos
452 1555 543 1614 ejus
554 1554 736 1598 inebria.
765 1571 786 1595 »
813 1554 942 1599 Fiant
963 1568 1063 1612 ergo
1077 1553 1220 1613 primo
1237 1553 1344 1598 sulci
1361 1553 1441 1614 qui

12 1658 14 1662 .
56 1624 327 1668 inebrientur
351 1644 362 1669 ι
386 1624 546 1668 duritia
567 1624 752 1683 pectoris
773 1624 908 1668 nostri
930 1624 1147 1683 aperiatur
1164 1640 1340 1669 vomere
1350 1640 1441 1668 ser-

56 1695 195 1738 monis
211 1695 290 1739 Dei
308 1714 318 1739 ¹.
347 1713 369 1737 «
390 1694 539 1739 Sulcos
561 1696 651 1754 ejus
672 1694 861 1739 inebria:
879 1694 1120 1754 multiplica
1141 1695 1439 1754 generationes

59 1782 81 1806 >›
115 1766 221 1825 ejus.
238 1765 473 1809 »Videmus
485 1786 498 1823 3
511 1765 717 1820 credunt,
729 1774 772 1809 et
784 1780 835 1808 ex
853 1764 1128 1810 credentibus
1142 1765 1214 1808 alii
1234 1766 1435 1821 credunt,

57 1844 100 1878 et
116 1850 167 1879 ex
186 1834 268 1878 illis
291 1834 362 1879 alii
387 1834 598 1891 credunt3
618 1844 662 1878 et
682 1850 771 1878 non
795 1834 955 1878 sufficit
976 1834 1053 1878 uni
1065 1834 1231 1879 homini
1245 1869 1256 1889 ‚
1281 1844 1332 1878 ut
1348 1833 1439 1879 fac-

15 1960 17 1964 ·
56 1914 126 1949 tus
152 1906 240 1965 ipse
263 1904 403 1950 fidelis
420 1920 558 1948 unum
575 1904 784 1949 lucretur.
802 1905 871 1950 Sic
883 1904 1199 1965 multiplicatur
1210 1914 1255 1948 et
1265 1921 1435 1950 semen:

15 1979 19 2048 ἱ
55 1991 194 2036 pauca
211 1990 342 2033 grana
363 1975 616 2031 mittuntur,
637 1984 680 2019 et
701 1984 864 2034 segetes
883 1984 1117 2034 exurgunt.
1137 1995 1160 2018 ‹<
1182 1975 1331 2021 Sulcos
1345 1977 1437 2035 ejus

62 2063 84 2087 »
117 2045 304 2103 inebria3
325 2044 567 2105 multiplica
584 2045 880 2103 generationes
902 2047 995 2106 ejus
1015 2065 1024 2090 z
1050 2046 1095 2090 in
1112 2045 1336 2090 stillicidiis
1349 2046 1434 2090 suis

18 2116 21 2158 ἶ
59 2133 80 2157 »
112 2114 349 2171 laetabitur,
374 2131 475 2159 cum
501 2114 715 2159 exorietur
735 2116 767 2170 ²,
785 2133 806 2156 »
829 2114 878 2159 id
893 2124 957 2160 est
971 2150 982 2171 ,
998 2125 1230 2176 antequam
1248 2115 1302 2159 sit
1322 2114 1436 2160 forte

17 2179 21 2248 ἦ
55 2184 210 2230 idonea
231 2186 458 2245 capacitati
474 2185 665 2229 fluminis
683 2220 694 2240 ‚
721 2204 744 2227 «
766 2187 880 2230 Cum
896 2185 1127 2240 exorietur,
1144 2185 1190 2229 in
1211 2184 1436 2231 stillicidiis

19 2260 22 2302 ῥ
59 2272 81 2297 n
114 2256 200 2300 suis
218 2291 228 2311 ‚
276 2255 322 2300 id
363 2265 428 2300 est
448 2291 459 2311 ‚
495 2255 579 2300 sibi
619 2255 822 2314 congruis
842 2291 853 2311 ‚
894 2254 1130 2299 laetabitur.
1176 2273 1196 2296 »
1234 2255 1434 2312 ‚Parvulis

0 2342 1 2350 2
20 2344 24 2374 ,ι
55 2326 171 2379 enim
193 2325 335 2370 adhuc
351 2335 394 2369 et
409 2325 589 2369 infirmis
602 2324 819 2370 stillantur
840 2325 1041 2386 quaedam
1062 2324 1119 2369 de
1139 2326 1430 2381 sacramentis,

0 2380 25 2411 '¹
55 2396 159 2456 quia
191 2411 282 2440 non
313 2405 493 2455 possunt
530 2411 683 2455 capere
718 2394 1040 2455 plenitudinem
1071 2396 1275 2440 veritatis.
1315 2396 1431 2440 Audi

0 2489 1 2494 =
56 2465 277 2525 quomodo
311 2464 441 2510 stillet
471 2465 660 2525 parvulis
691 2465 798 2510 dum
823 2465 1090 2521 exoriuntur,
1113 2464 1159 2509 id
1178 2474 1270 2520 est,
1294 2465 1340 2509 in
1364 2481 1433 2510 re-

0 2573 4 2579 .
56 2537 171 2581 centi
192 2546 292 2582 ortu
308 2537 450 2582 minus
466 2537 696 2598 capacibus
717 2556 726 2581 :
750 2535 982 2596 Apostolus
1001 2535 1133 2582 dicit:
1154 2555 1175 2579 «
1192 2538 1290 2583 Non
1304 2536 1426 2596 potui

104 2626 113 2643 ¹
133 2622 224 2653 Joan.
243 2631 302 2661 vn,
319 2621 373 2662 37,
391 2620 444 2654 38.
464 2637 503 2644 ·—
523 2627 536 2644 ²
555 2620 642 2653 Psal.
657 2631 743 2662 unv,
771 2631 822 2653 ιι.

1210 2672 1272 2711 14.
1302 2640 1306 2643 ’
