1889 3285
399 252 481 291 324
817 260 849 287 s.
872 247 1115 289 'AcGusTlm
1148 264 1327 290 Emscom

453 330 554 371 xli.
585 345 604 368 (t
629 327 844 379 Quoniam
875 336 1052 386 propter
1081 337 1124 371 te
1154 328 1335 372 sustinui
1364 328 1739 387 exprobrationem
1758 362 1770 382 ‚

395 415 416 437 »
451 397 624 456 operuit
644 396 922 441 irreverentia
943 396 1097 443 faciem
1117 400 1303 442 meam1.
1326 397 1479 443 »Nihil
1494 406 1774 457 magnumest

393 465 515 525 quod
540 466 716 521 dicitur,
744 466 975 510 «Sustinui
1000 486 1008 510 :
1032 485 1052 507 »
1079 466 1155 511 sed
1178 465 1299 527 quod
1327 466 1486 511 dicitur
1511 486 1520 512 :
1549 486 1569 508 «
1594 470 1776 526 Propter

395 553 415 576 »
454 544 494 579 te
515 535 714 579 sustinui.
743 554 763 576 »
787 536 831 581 Si
862 538 977 579 enim
1001 536 1206 592 sustines,
1239 536 1340 596 quia
1366 536 1575 596 peccasti3
1599 545 1776 595 propter

392 614 436 649 te
458 605 640 650 sustines
656 640 666 660 ,
700 621 790 649 non
810 613 987 665 propter
1007 607 1161 649 Deum.
1189 624 1209 648 «
1230 609 1334 658 Quae
1362 607 1477 650 enim
1495 605 1619 651 vobis
1641 604 1775 664 gloria

393 693 413 716 »
449 684 512 720 est
527 710 538 731 ‚
563 675 622 720 ait
642 679 794 720 Petrus
812 711 823 730 ,
849 676 883 719 si
903 685 1132 735 peccantes
1153 676 1391 736 punimini,
1417 685 1460 720 et
1477 676 1726 720 suffertis²P
1754 694 1776 717 »

393 744 436 789 Si
457 753 604 789 autem
622 745 803 790 sustines
825 745 928 805 quia
948 745 1205 789 mandatum
1221 746 1298 790 Dei
1319 746 1628 801 servasti‚vere
1639 761 1776 805 prop-

389 822 455 857 ter
476 820 612 858 Deum
633 815 816 859 sustines
833 836 844 872 3
861 824 904 859 et
924 830 1086 859 merces
1100 824 1176 860 tua
1196 825 1344 859 manet
1362 816 1406 859 in
1423 824 1652 871 aeternum,
1672 815 1776 876 quia

388 895 566 944 propter
587 888 727 930 Deum
745 885 984 930 sustinuisti
1012 886 1260 946 opprobria.
1290 885 1396 930 Ideo
1420 886 1537 930 enim
1555 887 1672 946 prior
1701 885 1775 930 ille

388 955 595 1000 sustinuit
616 990 626 1011 ‚
650 965 702 1000 ut
718 972 796 1001 nos
818 957 1028 1001 sustinere
1050 955 1326 1001 disceremus.
1347 959 1404 1000 Et
1425 956 1460 1011 si
1481 955 1569 1012 ille,
1596 956 1673 1017 qui
1685 971 1776 1000 non

388 1026 581 1070 habebat
608 1027 727 1087 quod
750 1026 813 1070 illi
845 1027 1132 1087 objiciebatur
1152 1047 1162 1084 3
1193 1036 1358 1087 quanto
1379 1027 1515 1085 magis
1534 1042 1613 1071 nos
1628 1062 1639 1082 ‚
1680 1028 1772 1087 qui,

387 1096 467 1141 etsi
485 1112 575 1140 non
594 1096 808 1141 habemus
825 1106 1052 1156 peccatum
1089 1098 1210 1157 quod
1231 1097 1357 1142 nobis
1380 1096 1531 1157 objicit
1550 1096 1770 1152 inimicus,

388 1166 599 1210 habemus
626 1176 773 1210 tamen
795 1167 979 1211 alterum
999 1168 1118 1227 quod
1136 1166 1266 1226 digne
1291 1168 1336 1211 in
1355 1168 1480 1212 nobis
1503 1166 1775 1225 flagelletur?

387 1237 539 1283 Nescio
564 1237 660 1297 quis
682 1246 725 1281 te
756 1237 899 1281 furem
925 1237 1031 1282 dicit
1047 1273 1057 1293 ,
1091 1246 1134 1281 et
1163 1253 1251 1282 non
1275 1253 1318 1281 es
1342 1236 1414 1282 fur
1435 1257 1443 1282 :
1467 1237 1590 1281 audis
1612 1253 1773 1297 oppro-

387 1307 532 1351 brium
558 1327 568 1363 3
592 1322 682 1351 non
705 1316 849 1350 tamen
871 1307 931 1350 sic
953 1322 1043 1351 non
1059 1322 1104 1350 es
1121 1306 1208 1362 fur,
1234 1317 1284 1351 ut
1300 1323 1390 1351 non
1408 1307 1461 1351 sis
1475 1306 1639 1367 aliquid
1655 1306 1775 1367 quod

387 1380 476 1421 Deo
495 1376 706 1436 displicet.
731 1381 864 1421 Porro
886 1377 920 1420 si
934 1375 1006 1420 ille
1028 1377 1103 1436 qui
1137 1377 1316 1421 omnino
1334 1376 1443 1420 nihil
1457 1386 1680 1436 rapuerat,
1701 1377 1776 1437 qui

387 1448 604 1491 verissime
622 1447 786 1491 dixerat
804 1467 812 1492 :
835 1467 854 1488 «
870 1450 983 1491 Ecce
1005 1448 1126 1491 venit
1157 1448 1357 1507 princeps
1379 1446 1534 1491 mundi
1556 1448 1706 1507 hujus,
1732 1456 1775 1492 et

390 1536 410 1558 »
447 1518 490 1560 in
515 1532 585 1561 me
616 1517 727 1560 nihil
748 1518 983 1571 invenie&
1012 1535 1032 1558 »
1060 1516 1200 1561 dictus
1224 1527 1287 1561 est
1308 1527 1524 1576 peccator,
1551 1517 1691 1561 dictus
1711 1527 1775 1562 est

385 1588 584 1648 iniquus,
609 1586 750 1631 dictus
772 1596 835 1630 est
856 1586 1143 1642 Beelzebub⁴‚
1166 1586 1306 1631 dictus
1324 1597 1388 1631 est
1407 1588 1606 1648 insanus:
1627 1596 1675 1631 tu
1697 1587 1773 1632 de-

386 1658 593 1717 dignaris,
615 1673 750 1712 serve,
771 1658 919 1702 audire
936 1673 1015 1717 pro
1036 1658 1198 1702 meritis
1216 1658 1315 1713 tuis,
1332 1658 1453 1718 quod
1467 1659 1677 1703 Dominus
1695 1675 1774 1703 au-

387 1728 494 1773 divit
515 1728 646 1773 nullis
666 1728 831 1772 meritis
845 1728 960 1771 suis?
994 1727 1072 1771 Ille
1088 1729 1207 1772 venit
1227 1737 1276 1772 ut
1298 1728 1376 1772 tibi
1395 1729 1612 1788 praeberet
1628 1744 1773 1773 exem-

385 1799 525 1860 plum.
547 1800 679 1853 Quasi
703 1800 830 1858 gratis
848 1800 932 1843 hoc
953 1797 1103 1843 fecerit
1118 1834 1129 1854 ‚
1154 1800 1213 1844 sic
1236 1809 1284 1844 tu
1305 1815 1394 1844 non
1421 1800 1607 1859 proficis.
1629 1803 1772 1854 Quare

387 1871 504 1915 enim
529 1869 602 1914 ille
636 1869 804 1914 audivit
818 1905 830 1925 ‚
859 1869 941 1913 nisi
963 1878 1013 1913 ut
1035 1879 1083 1914 tu
1105 1885 1206 1914 cum
1230 1870 1400 1915 audires
1425 1886 1515 1915 non
1536 1870 1772 1916 deficeres?

386 1944 500 1986 Ecce
528 1950 578 1984 tu
606 1939 749 1996 audis,
778 1949 821 1984 et
857 1939 1004 1984 deficis
1032 1959 1041 1984 :
1066 1939 1227 1985 frustra
1249 1956 1352 1999 ergo
1374 1940 1447 1985 ifle
1469 1941 1661 1986 audivit:
1681 1957 1771 1986 non

388 2012 505 2055 enim
526 2019 703 2070 propter
730 2025 795 2065 se,
816 2010 891 2054 sed
908 2018 1085 2069 propter
1106 2019 1149 2054 te
1174 2009 1353 2055 audivit.
1374 2011 1623 2064 «Quoniam
1641 2026 1772 2071 prop-

389 2099 410 2122 »
446 2091 512 2125 ter
546 2090 589 2126 te
620 2081 813 2142 sustinui
850 2080 1228 2140 exprobrationem
1245 2115 1256 2136 ,
1292 2082 1462 2140 operuit
1493 2081 1770 2127 irreverentia

387 2172 408 2195 »
446 2152 598 2197 faeiem
638 2167 793 2196 meam.
834 2152 1117 2196 Irrevercntia
1137 2187 1148 2206 ‚
1182 2152 1327 2211 inquit
1345 2187 1356 2207 ‚
1400 2152 1574 2211 operuit
1613 2152 1770 2197 faciem

387 2242 407 2265 »
442 2238 598 2267 meam.
624 2241 645 2264 »
669 2223 950 2267 Irreverentia
971 2220 1080 2282 quid
1097 2223 1190 2266 est?
1210 2225 1308 2267 Non
1322 2220 1550 2266 confundi.
1571 2223 1769 2283 Denique

385 2294 508 2354 quasi
527 2293 680 2337 vitium
700 2291 890 2347 videtur,
916 2307 1016 2336 cum
1038 2291 1196 2336 dicitur
1227 2312 1236 2337 ;
1265 2295 1508 2336 Irreverens
1530 2293 1663 2338 homo
1685 2302 1764 2337 est.

384 2367 544 2423 Magna
565 2363 840 2407 irreverentia
862 2363 1049 2406 hominis
1064 2397 1075 2417 ,
1098 2378 1187 2406 non
1209 2362 1334 2407 illum
1356 2363 1625 2408 erubescere.
1652 2367 1768 2422 Ergo

382 2434 659 2480 irreverentia
676 2435 798 2494 quasi
814 2433 1084 2492 impudentia
1104 2443 1180 2478 est.
1194 2435 1376 2492 Oportet
1393 2443 1442 2479 ut
1452 2435 1612 2479 habeat
1624 2435 1766 2480 Chris-

432 2538 438 2553 ¹
463 2531 542 2564 Psat.
563 2542 671 2572 wau,
693 2533 724 2563 8.
746 2547 785 2553 -
812 2537 821 2552 2
849 2542 857 2560 1
886 2533 970 2562 Petr.
991 2541 1027 2570 11,
1053 2538 1106 2563 20.
1129 2547 1170 2552 --
1195 2528 1206 2553 3
1228 2532 1318 2562 50:111.
1341 2541 1403 2570 x1v‚
1428 2530 1476 2561 30.
1500 2529 1631 2562 —41d.
1654 2530 1763 2572 ix‚24‚

389 2593 419 2619 et
438 2588 549 2619 Mauh.
576 2598 607 2628 x,
629 2586 680 2617 25.
