1889 3285
285 290 528 322 numm-1:10
558 293 574 320 1
604 292 651 320 11⁴1
683 289 886 321 PsALMoM
917 290 1049 328 Lvm,
1082 285 1222 316 SERMO
1253 288 1284 314 1.
1423 274 1476 312 71

103 360 368 407 Christianos
383 359 632 414 invenisset,
647 357 703 403 ad
717 372 891 416 poenam
909 357 1258 417 raperetPnonne
1271 352 1316 397 id
1332 366 1479 411 agens,

103 446 155 476 eo
189 429 396 485 tendens,
431 428 595 474 caedem
627 429 790 486 spirans
823 437 867 473 et
899 426 1129 480 anhelans,
1172 423 1285 468 sicut
1319 423 1374 466 de
1406 422 1482 467 illo

102 500 324 560 Scriptura
354 507 596 554 attestatur,
632 499 688 542 de
723 498 837 544 coelo
868 506 1046 543 vocatus
1075 504 1140 540 est
1153 508 1259 539 voce
1281 492 1479 547 sublimi,

101 571 313 630 dejectus,
335 578 502 613 erectus
519 589 530 627 3
549 577 810 624 excaecatus,
839 568 1129 623 illuminatus3
1154 564 1318 609 occisus
1334 598 1345 618 ,
1370 562 1482 607 vivi-

101 642 252 685 ficatus
269 661 280 699 3
298 639 516 700 perditus,
539 639 756 684 redditus¹
777 641 794 683 Ρ
811 641 908 693 Quo
928 637 1084 682 merito
1098 634 1243 681 ?Nihil
1264 633 1342 678 nos
1365 633 1482 677 dica-

101 726 218 765 mus,
252 711 394 770 ipsum
429 710 574 769 potius
602 708 855 754 audiamus:
881 729 898 749 «
927 707 1012 761 Qui
1046 706 1165 766 prius
1198 702 1289 759 fui,
1314 703 1480 763 inquit,

104 800 124 824 »
159 781 438 841 blasphemus
455 815 466 836 ,
492 790 534 824 et
566 789 831 840 persecutor,
867 788 911 824 et
937 777 1167 838 injuriosus
1183 810 1194 831 ,
1219 773 1296 819 sed
1315 774 1485 817 miseri-

104 871 123 893 »
157 851 349 895 cordiam
377 859 635 895 consecutus
666 854 804 894 sum‘2.
841 867 861 890 »
893 851 1050 894 Certe:
1078 866 1098 890 t(
1120 848 1219 892 Non
1244 843 1485 888 miserearis

102 938 123 962 »
157 921 354 965 omnium
376 921 451 981 qui
467 929 703 979 operantur
719 919 1019 980 iniquitatem:
1042 936 1062 959 »
1087 918 1170 962 hoc
1193 915 1365 960 duobus
1387 930 1482 959 mo⁴

99 989 163 1034 dis
174 989 359 1049 intelligi
377 999 520 1050 potest
544 1009 552 1035 :
574 990 661 1033 sive
683 990 784 1050 quia
805 989 987 1034 omnino
1005 987 1127 1032 nulla
1143 995 1319 1046 peccata
1337 986 1485 1044 impu-

98 1060 187 1105 nita
222 1059 429 1121 relinquit
464 1063 605 1118 Deus3
645 1061 733 1105 sive
770 1058 891 1120 quod
919 1068 982 1103 est
1011 1057 1214 1119 quaedam
1245 1056 1478 1116 iniquitas,

97 1147 229 1191 quam
250 1131 328 1192 qui
349 1140 598 1191 operantur,
624 1131 804 1176 omniuo
821 1146 969 1175 eorum
993 1133 1107 1175 Deus
1125 1144 1215 1173 non
1235 1128 1480 1172 miseretur.

99 1202 348 1248 Secundum
377 1203 479 1248 istos
500 1203 610 1247 duos
640 1202 794 1247 modos
829 1202 1017 1246 breviter
1037 1209 1254 1262 quantum
1276 1199 1483 1258 temporis

96 1273 256 1317 sufficit
268 1308 280 1328 ,
304 1272 469 1334 aliquid
480 1273 713 1333 loquamur
730 1273 940 1318 Charitati
959 1274 1138 1316 Vestrae.

154 1352 280 1398 XIII.
316 1355 525 1415 Iniquitas
553 1354 693 1399 omnis
710 1389 721 1409 ,
760 1369 892 1414 parva
928 1368 1138 1412 magnave
1166 1352 1244 1407 sit,
1271 1351 1481 1411 puniatur

96 1439 267 1469 necesse
288 1433 374 1479 est,
394 1434 471 1469 aut
482 1424 537 1468 ab
554 1424 647 1484 ipso
660 1423 838 1468 homine
854 1424 1113 1484 poenitente,
1140 1431 1215 1467 aut
1231 1437 1255 1466 a
1275 1425 1366 1466 Deo
1388 1421 1484 1466 vin-

96 1494 282 1538 dicante.
320 1498 432 1540 Nam
460 1504 504 1539 et
530 1510 663 1555 quem
683 1496 893 1555 poenitet,
919 1495 1050 1555 punit
1074 1510 1119 1539 se
1145 1494 1303 1554 ipsum.
1329 1496 1444 1551 Ergo
1464 1527 1477 1547 ‚

95 1563 247 1609 fratres
261 1600 273 1620 ,
303 1565 535 1625 puniamus
563 1575 708 1610 nostra
725 1575 904 1626 peccata
915 1601 926 1621 ,
941 1565 975 1610 si
987 1565 1224 1626 quaerimus
1237 1563 1479 1608 misericor-

94 1635 210 1679 diam
231 1636 323 1679 Dei.
348 1638 446 1681 Non
469 1645 611 1695 potest
631 1639 745 1681 Deus
773 1636 964 1681 misereri
988 1635 1185 1681 omnium
1206 1635 1481 1694 operantium

95 1705 369 1765 iniquitatem
402 1706 525 1765 quasi
552 1705 782 1750 blandiens
814 1707 1022 1766 peccatis,
1049 1715 1125 1750 aut
1146 1721 1237 1751 non
1258 1704 1480 1750 eradicans

94 1785 285 1835 peccata.
312 1779 490 1820 Prorsus
511 1785 587 1820 aut
613 1777 742 1836 punis
759 1812 770 1834 ,
802 1786 879 1820 aut
904 1778 1046 1836 punit.
1065 1778 1139 1821 Vis
1176 1793 1266 1822 non
1299 1776 1479 1836 puniat?

95 1848 209 1892 Puni
230 1857 294 1892 tu.
312 1850 421 1893 Nam
430 1857 473 1892 et
485 1847 595 1891 illud
606 1847 744 1892 fecisti
753 1848 873 1908 quod
885 1849 1151 1908 impunitum
1169 1864 1258 1893 esse
1276 1864 1364 1893 non
1382 1864 1480 1907 pos-

92 1919 173 1963 sit:
193 1917 269 1962 sed
290 1934 313 1962 a
335 1927 377 1962 te
390 1918 599 1978 puniatur
614 1918 758 1978 potius
774 1954 784 1974 ,
807 1928 858 1963 ut
876 1917 1006 1964 facias
1025 1919 1147 1980 quod
1159 1919 1202 1963 in
1215 1919 1291 1963 illo
1309 1919 1479 1966 Psalmo

93 1989 301 2048 scriptum
322 1998 387 2033 est
408 2007 417 2033 ε
438 1989 790 2034 «Praeveniamus
808 1989 962 2034 faciem
971 1991 1062 2050 ejus
1071 1990 1117 2033 in
1130 1989 1399 2034 confessione
1413 1991 1474 2034 3.»

93 2058 210 2113 Quid
230 2068 320 2103 est:
349 2078 370 2101 «
394 2059 713 2104 Praeveniamus
740 2058 895 2104 faciem
927 2061 1082 2120 ejus‘?»
1108 2064 1356 2121 Antequam
1387 2061 1479 2120 ipse

93 2129 288 2174 attendat
301 2139 352 2174 ut
371 2130 540 2190 puniat,
552 2139 601 2174 tu
613 2130 805 2190 praeveni
816 2131 1066 2175 confitendo
1084 2140 1127 2175 et
1143 2131 1266 2190 puni.
1285 2133 1382 2176 Non
1402 2131 1476 2175 ille

90 2199 281 2245 inveniat
301 2201 423 2260 quod
443 2201 611 2260 puniat.
631 2201 740 2254 Quia
751 2217 851 2246 cum
862 2211 910 2246 tu
923 2203 1052 2262 punis
1065 2202 1354 2262 iniquitatem,
1371 2201 1478 2248 facis

92 2271 355 2331 aequitatem.
368 2271 530 2316 Etideo
539 2272 603 2316 tui
614 2273 886 2317 miserebitur
896 2276 1026 2329 Deus,
1042 2274 1140 2333 quia
1146 2275 1236 2334 jam
1245 2282 1288 2317 te
1299 2289 1477 2333 operan-

92 2350 180 2385 tem
197 2342 448 2402 aequitatem
465 2343 632 2387 invenit
651 2343 901 2397 Deus.Quid
920 2353 1005 2399 est,
1025 2353 1278 2404 operantem
1291 2345 1477 2405 aequita-

92 2414 208 2456 tem?
229 2413 339 2465 Quia
355 2413 498 2457 hocin
516 2422 558 2458 te
572 2412 714 2468 odisti,
738 2414 860 2474 quod
879 2414 1004 2459 etille
1017 2415 1110 2460 odit
1122 2435 1130 2460 :
1142 2415 1379 2475 utincipias
1388 2416 1476 2476 pla-

92 2496 186 2526 cere
198 2486 288 2527 Deo
298 2517 310 2539 ‚
326 2481 432 2527 dum
444 2484 528 2529 hoc
548 2485 594 2528 in
608 2493 648 2528 te
661 2485 787 2544 punis
804 2484 924 2545 quod
936 2484 1132 2546 displicet
1144 2489 1249 2532 Deo.
1264 2489 1373 2531 Nam
1386 2502 1476 2531 non

141 2591 303 2629 ¹Act.1x,
322 2601 333 2622 1
358 2596 388 2621 et
404 2601 488 2633 seqq.
513 2608 553 2613 —
573 2598 586 2613 ²
606 2603 618 2622 1
640 2592 719 2622 Tim.
747 2603 770 2631 1,
792 2592 841 2623 13.
860 2609 902 2614 —
923 2590 936 2615 3
953 2592 1034 2624 Psal.
1057 2604 1141 2631 xcw,
1157 2602 1188 2625 2.
