1889 3285
289 266 531 299 ENARnAzrro
562 271 596 296 11
628 271 673 296 IN
705 269 908 298 rsALMUM
940 270 1040 308 Lxx,
1075 268 1214 298 smmo
1245 273 1293 298 11.
1389 259 1483 313 403⁷

89 335 226 379 mines
243 335 374 390 filios,
390 343 434 378 et
453 334 508 378 ad
529 334 730 379 solatium
747 350 874 378 suum
886 369 897 390 ,
918 343 961 378 et
983 334 1038 379 ad
1055 335 1300 379 subsidium
1321 351 1473 380 senec-

89 405 208 449 tutis.
232 403 457 465 Numquid
472 404 570 448 ideo
603 405 763 449 creavit
783 405 877 449 haec
907 405 1052 449 omnia
1089 409 1226 462 Deus,
1263 422 1287 449 a
1315 405 1476 466 quibus

87 490 216 519 senex
232 474 537 535 adjuvaretur?
557 475 688 520 Novit
714 490 816 534 ergo
838 479 952 520 Deus
973 475 1093 535 quod
1115 483 1257 530 creat,
1284 484 1328 519 et
1346 474 1477 535 quale

87 545 140 588 sit
157 560 234 604 per
249 547 342 606 ejus
362 545 603 589 bonitatem
615 580 626 600 ,
644 554 687 589 et
704 545 832 605 quale
851 545 1053 590 futurum
1076 546 1132 590 sit
1156 560 1234 605 per
1255 545 1477 605 propriam

86 615 360 660 voluntatem
374 635 382 660 ε
398 617 519 660 novit
533 619 646 660 Deus
661 625 704 660 et
716 617 931 661 ordinavit
941 617 1102 661 omnia.
1116 618 1172 661 Ut
1184 625 1329 660 autem
1341 617 1476 661 homo

87 686 142 729 sit
164 685 350 746 aliquid,
375 681 589 731 convertit
610 702 654 730 se
675 685 731 730 ad
752 684 875 730 illum
889 703 912 731 a
933 702 1022 747 quo
1039 695 1208 731 creatus
1229 695 1307 730 est.
1334 689 1475 730 Rece-

87 755 235 800 dendo
255 757 372 800 enim
390 756 581 815 frigescit
597 777 608 814 3
626 755 872 801 accedendo
893 756 1091 809 fervescit
1112 778 1123 815 3
1141 755 1386 801 recedendo
1407 765 1475 801 te·

86 826 328 885 nehrescit3
351 826 598 872 accedendo
621 827 830 872 clarescit.
856 830 996 888 Aquo
1017 828 1135 872 enim
1160 828 1294 872 habet
1310 836 1361 872 ut
1391 827 1472 883 sit,

86 897 204 956 apud
223 896 351 942 illum
366 898 501 942 habet
523 906 572 941 ut
593 898 632 941 ei
650 898 761 941 bene
778 898 846 941 sit.
871 898 1069 958 Denique
1082 897 1197 942 filius
1208 898 1373 954 minor,
1397 898 1475 959 qui

85 967 224 1011 voluit
245 968 291 1011 in
323 983 399 1012 sua
429 976 642 1028 potestate
673 967 836 1012 habere
863 969 1148 1013 substantiam
1180 983 1330 1024 suam,
1371 983 1472 1029 quae

85 1037 148 1082 illi
170 1038 288 1098 apud
307 1048 473 1099 patrem
495 1040 658 1100 optime
671 1039 945 1095 servabatur,
966 1039 1106 1084 factus
1122 1055 1210 1084 suae
1227 1040 1469 1099 potestatis,

85 1107 306 1168 profectus
338 1118 404 1154 est
433 1110 479 1153 in
512 1110 733 1169 regionem
773 1109 1059 1169 longinquam
1083 1144 1095 1165 ,
1128 1110 1256 1154 haesit
1286 1109 1476 1170 principi

87 1179 222 1233 malo,
263 1196 416 1240 porcos
446 1181 591 1239 pavit3
623 1178 736 1224 fame
771 1189 989 1224 correctus
1018 1189 1102 1234 est,
1139 1179 1217 1240 qui
1249 1181 1475 1225 saturitate

86 1251 298 1310 superbus
316 1251 617 1295 abscesseratl.
643 1253 758 1308 Ergo
786 1251 981 1311 quisquis
1007 1251 1068 1295 ita
1089 1251 1186 1296 vult
1213 1267 1303 1296 esse
1325 1250 1475 1296 similis

85 1323 202 1377 Deo,
225 1331 276 1366 ut
293 1321 348 1366 ad
369 1322 493 1366 illum
517 1331 620 1376 stet,
642 1320 1033 1382 fortitudinemque
1048 1337 1193 1378 suam,
1209 1323 1320 1367 sicut
1340 1322 1471 1382 scrip-

84 1400 178 1435 tum
198 1401 276 1445 est,
292 1392 347 1436 ad
360 1391 484 1436 illum
503 1391 759 1445 custodiat&
780 1406 870 1435 non
885 1391 939 1435 ab
963 1392 1039 1437 illo
1059 1393 1255 1449 recedat,
1275 1393 1314 1436 ei
1330 1393 1474 1436 cohae-

85 1461 221 1505 rendo
249 1461 444 1520 signetur
457 1469 666 1521 tanquam
680 1475 731 1504 ex
755 1460 919 1505 annulo
937 1476 1050 1516 cera,
1063 1462 1124 1505 illi
1137 1463 1289 1505 affixus
1315 1461 1483 1506 habeat.

85 1533 318 1591 imaginem
336 1533 427 1592 ejus
439 1568 450 1588 ,
472 1531 633 1576 faciens
652 1530 773 1592 quod
790 1530 957 1575 dictum
975 1540 1060 1576 est:
1086 1550 1106 1574 «
1123 1532 1233 1575 Mihi
1254 1532 1476 1576 adhaerere

86 1620 109 1644 1)
144 1606 234 1647 Deo
256 1603 423 1646 bonum
444 1603 550 1659 est33
581 1621 598 1643 »
623 1617 724 1646 vere
744 1600 934 1645 custodit
956 1600 1285 1645 similitudinem
1306 1611 1349 1646 et
1367 1602 1478 1646 ima-

85 1673 229 1730 ginem
245 1674 299 1716 ad
318 1687 451 1732 quam
462 1672 603 1716 factus
620 1681 697 1716 est.
712 1675 847 1716 Porro
864 1680 1010 1715 autem
1023 1671 1058 1716 si
1075 1686 1274 1731 perverse
1287 1671 1478 1717 voluerit

85 1742 246 1787 imitari
265 1745 427 1796 Deum,
447 1752 499 1786 ut
520 1741 743 1801 quomodo
762 1743 878 1784 Deus
898 1755 988 1784 non
1011 1741 1145 1786 habet
1166 1758 1190 1786 a
1207 1758 1296 1801 quo
1315 1741 1476 1787 forme-

86 1822 159 1857 tur
174 1848 185 1869 ,
205 1812 447 1857 nonhabet
473 1827 496 1855 a
517 1825 606 1871 quo
630 1819 804 1869 regatur
819 1846 829 1864 ,
850 1811 908 1854 sic
926 1810 1018 1870 ipse
1039 1810 1143 1854 velit
1162 1826 1238 1855 sua
1261 1821 1474 1870 potestate

86 1883 174 1938 uti,
190 1895 236 1927 ut
257 1881 480 1942 quomodo
500 1885 615 1926 Deus
628 1915 639 1935 ,
662 1880 785 1924 nullo
807 1879 1022 1925 formante
1037 1915 1048 1936 ,
1073 1879 1197 1925 nulio
1218 1891 1396 1940 regente
1410 1882 1476 1926 vi-

85 1963 184 2011 vat,
208 1951 317 2012 quid
338 1960 496 2006 restat,
522 1950 675 1995 fratres
690 1986 700 2006 ,
734 1951 815 1995 nisi
829 1960 879 1994 ut
900 1950 1106 1996 recedens
1137 1951 1193 1995 ab
1215 1953 1305 2012 ejus
1327 1951 1469 1997 calore

86 2033 323 2084 torpescat,
359 2022 565 2068 recedens
586 2038 610 2066 a
635 2022 817 2067 veritate
844 2031 1072 2078 vanescat,
1108 2022 1313 2067 recedens
1341 2023 1396 2067 ab
1423 2039 1475 2069 eo

86 2094 208 2155 quod
229 2109 396 2139 summe
417 2103 547 2154 atque
569 2091 985 2138 incommutabiliter
998 2101 1087 2149 est,
1113 2093 1160 2137 in
1176 2093 1365 2139 deterius
1377 2109 1478 2139 mu-

86 2174 202 2210 tatus
219 2164 407 2209 deficiat.

145 2238 247 2280 Vll.
273 2238 367 2280 Hoc
388 2233 586 2279 diabolus
602 2234 706 2279 fecit
726 2253 735 2279 ε
758 2233 919 2278 imitari
935 2237 1075 2278 Deum
1094 2234 1237 2280 voluit
1251 2270 1263 2289 ,
1279 2235 1356 2280 sed
1372 2251 1474 2295 per-

87 2323 230 2365 verse·⁷
263 2322 353 2351 non
383 2321 472 2350 esse
502 2306 585 2351 sub
613 2304 728 2350 illius
757 2314 992 2366 potestate,
1024 2304 1100 2350 sed
1129 2306 1290 2351 habere
1322 2317 1474 2352 contra

38 2394 41 2397 ’
85 2379 210 2423 illum
246 2387 518 2439 potestatem.
560 2381 703 2422 Homo
735 2386 882 2421 autem
917 2376 1083 2436 positus
1118 2377 1200 2421 sul)
1227 2388 1468 2437 praecepto,

88 2449 252 2494 audivit
281 2466 305 2493 a
332 2449 515 2493 Domino
543 2451 654 2493 Deo:
689 2467 709 2489 «
738 2446 836 2492 Noli
871 2448 1090 2505 tangeret.
1115 2465 1135 2488 »
1168 2447 1316 2500 Quid?
1348 2451 1471 2492 Hanc

88 2520 302 2564 arborem.
323 2518 440 2572 Quid
462 2528 524 2563 est
538 2519 653 2562 enim
673 2517 912 2561 illaarbor?
931 2517 972 2561 Si
989 2517 1104 2561 bona
1127 2526 1209 2570 est,
1235 2533 1368 2576 quare
1384 2534 1474 2562 non

138 2610 146 2625 ¹
170 2605 245 2635 Luc.
266 2613 319 2643 zv,
343 2611 397 2637 22.
415 2619 456 2624 --
471 2609 483 2624 2
504 2601 585 2633 Psai.
606 2612 694 2642 mn,
715 2612 763 2633 ιο,
787 2618 827 2622 -
846 2599 857 2622 3
874 2601 920 2632 m.
943 2611 1037 2641 mxu,
1064 2600 1116 2632 23.
1144 2618 1184 2622 -—
1203 2599 1218 2629 4
1239 2603 1305 2632 Gen
1337 2612 1373 2642 ιι,
1396 2612 1445 2642 17.

1274 2656 1342 2692 26-
