1889 3285
827 136 845 147 a

357 249 598 279 ENARRATIO
629 251 675 278 IN
707 249 910 278 PsALMUM
941 251 1060 279 LXXI.
1341 238 1422 279 411

51 320 164 363 inter
195 317 337 376 spinas
354 352 365 372 ‚
389 332 479 360 nou
501 315 688 359 deerunt
713 316 876 368 inimici
897 317 974 376 qui
1003 316 1172 362 dicant:
1202 335 1223 358 «
1242 316 1429 370 Quando

53 406 75 431 »
108 388 318 432 morietur
340 395 384 430 et
404 385 563 445 peribit
584 400 746 430 nomen
773 387 887 446 ejus1
901 387 919 427 ‘3
932 404 952 427 »
979 387 1031 430 Id
1048 395 1131 441 est,
1150 389 1264 431 Ecce
1283 387 1430 432 veniet

50 467 223 518 tempus
238 462 288 501 ut
301 456 526 511 finiantur,
537 464 580 499 et
595 471 685 500 non
701 455 785 499 sint
802 455 1034 500 Christiani
1050 474 1059 500 :
1076 456 1187 500 sicut
1199 465 1429 515 coeperunt

49 545 102 573 ex
134 529 282 589 aliquo
310 536 527 586 tempore,
560 526 621 570 ita
649 542 789 586 usque
825 527 881 570 ad
900 535 1069 570 certum
1089 536 1258 586 tempus
1280 536 1424 571 erunt.

51 597 135 644 Sed
152 614 251 642 cum
279 598 360 642 ista
381 596 554 651 dicunt,
587 605 630 640 et
644 596 734 640 sine
755 597 842 640 sine
859 596 1121 651 moriuntur,
1142 605 1186 640 et
1204 603 1430 656 permanet

48 669 256 723 Ecclesia,
275 667 516 728 praedicans
549 667 776 711 brachium
809 667 983 712 Domini
1013 667 1133 711 omni
1165 667 1431 726 generationi

48 748 388 799 superventurae.
425 738 580 782 Veniet
612 747 655 782 et
686 738 777 797 ipse
811 737 990 782 ultimus
1022 738 1068 782 in
1099 736 1295 782 claritate
1325 753 1428 790 sua,

48 818 276 868 resurgent
311 823 460 854 omnes
478 808 639 852 mortui
659 843 669 863 ‚
695 807 879 868 quisque
899 823 1001 851 cum
1029 823 1155 852 causa
1177 823 1252 852 sua
1274 826 1283 852 ε
1308 823 1433 867 sepa-

48 881 262 925 rabuntur
295 880 402 924 boni
430 880 486 923 ad
520 878 743 923 dexteram
759 914 770 933 ‚
796 879 899 922 mali
921 888 1067 923 autem
1099 878 1154 923 ad
1180 880 1394 923 sinistram
1418 899 1430 936 ς

50 962 95 997 et
120 951 449 997 confundentur
471 952 547 1011 qui
569 950 836 995 insultabant
852 985 863 1005 ‚
889 951 1146 995 erubescent
1167 951 1243 1011 qui
1272 950 1433 1008 garrie-

47 1023 183 1066 bant:
208 1031 252 1066 et
272 1022 331 1066 sic
360 1021 510 1081 lingua
531 1037 627 1066 mea
656 1030 755 1081 post
775 1021 1130 1064 resurrectionem
1152 1020 1435 1063 meditabitur

45 1094 255 1155 justitiam
293 1103 414 1137 tuam
432 1129 443 1148 ‚
479 1102 570 1138 tota
603 1092 675 1137 die
706 1092 883 1136 laudem
903 1101 1046 1144 tuam,
1073 1093 1229 1136 «Cum
1266 1090 1434 1135 confusi

51 1182 73 1206 »
107 1162 270 1208 fuerint
282 1200 292 1219 ‚
314 1173 356 1208 et
374 1164 629 1208 erubuerint
641 1198 651 1218 ,
676 1163 754 1223 qui
771 1170 977 1223 quaerunt
991 1161 1100 1206 mihi
1115 1160 1244 1205 mala.
1263 1179 1282 1202 »

55 1297 443 1313 MMM‘NQU'vaBBAEQQ-SM'UIS
446 1294 1427 1314 §mmmmmwnmmmxmtwumumwuwu

545 1391 950 1442 ΙὲλἊΕΗΑΤΙΟ2

455 1521 516 1559 IN
559 1521 862 1561 PSALMUM
891 1520 1062 1559 LXXI.

107 1656 143 1698 Ι.
174 1672 193 1695 «
211 1655 262 1697 ΙΝ
287 1653 598 1698 Salomonem»
619 1652 798 1712 quidem
822 1652 980 1696 Psalmi
998 1652 1127 1712 hujus
1149 1651 1302 1696 titulus
1323 1667 1436 1711 prae-

47 1718 225 1768 notatur
257 1741 265 1766 :
303 1721 378 1765 sed
409 1722 500 1766 haec
530 1722 575 1765 in
605 1737 656 1766 eo
678 1721 912 1775 dicuntur,
938 1737 1039 1780 quae
1076 1737 1166 1765 non
1187 1722 1353 1781 possint
1371 1720 1435 1765 illi

49 1792 269 1839 Salomoni
286 1792 375 1850 regi
399 1792 531 1837 Israel
553 1790 795 1835 secundum
817 1806 991 1835 carnem
1010 1826 1020 1846 ‚
1041 1793 1165 1851 juxta
1188 1807 1238 1836 ea
1259 1808 1358 1852 quae
1381 1792 1436 1836 de

48 1863 124 1907 illo
146 1872 293 1906 sancta
319 1862 536 1920 Scriptura
559 1861 771 1921 loquitur,
798 1861 1030 1905 convenire
1050 1881 1058 1905 ;
1079 1861 1265 1906 Domino
1288 1870 1435 1905 autem

47 1933 220 1979 Christo
242 1933 458 1992 aptissime
482 1941 679 1991 possunt.
712 1931 838 1976 Unde
858 1931 1117 1990 intelligitur
1138 1932 1268 1976 etiam
1291 1932 1436 1991 ipsum

47 2003 313 2049 vocabulum
338 2003 578 2048 Salomonis
601 2002 656 2047 ad
677 2003 907 2061 figuratam
932 2002 1291 2061 significationem
1312 2003 1438 2047 adhi-

49 2075 192 2119 bitum
207 2110 218 2130 ‚
246 2083 297 2118 ut
327 2074 372 2117 in
394 2089 445 2117 eo
465 2073 660 2118 Christus
683 2073 934 2133 accipiatur.
963 2072 1166 2118 Salomon
1188 2073 1351 2134 quippe
1368 2074 1437 2118 in-

50 2154 313 2204 terpretatur
330 2144 540 2188 Pacificus
560 2164 570 2189 :
591 2159 640 2187 ac
661 2160 738 2204 per
756 2145 856 2199 hoc,
882 2143 969 2188 tale
990 2142 1256 2188 vocabulum
1278 2143 1341 2188 illi
1361 2159 1438 2189 ve-

51 2215 214 2258 rissime
236 2223 366 2274 atque
389 2215 551 2273 optime
574 2214 796 2273 congruit,
823 2230 899 2274 per
919 2229 1049 2274 quem
1079 2214 1363 2258 mediatorem
1386 2230 1437 2258 ex

51 2284 257 2339 inimicis,
284 2293 459 2343 accepta
492 2285 742 2328 remissione
770 2294 1048 2344 peccatorum
1065 2319 1076 2340 ‚
1105 2284 1437 2329 reconciliamur

51 2359 157 2400 Deo.
185 2374 204 2396 «
231 2355 404 2399 Etenim
429 2370 529 2399 cum
558 2355 721 2399 inimici
746 2371 956 2409 essemus,
991 2354 1255 2399 reconciliati
1287 2371 1437 2399 sumus

55 2444 75 2467 »
110 2429 199 2471 Deo
218 2441 295 2484 per
312 2434 495 2468 mortem
514 2425 612 2469 Filii
635 2427 771 2486 ejusss.
796 2445 814 2467 >2
848 2425 968 2469 Ideni
990 2426 1080 2485 ipse
1102 2435 1165 2470 est
1182 2426 1255 2469 ille
1283 2426 1435 2485 pacifi-

102 2528 109 2544 ¹
127 2521 240 2553 Matth.
260 2530 333 2560 xxv,
349 2521 401 2552 33.
418 2538 460 2543 —-
475 2527 487 2543 ²
505 2521 632 2554 Dictata
652 2531 734 2554 anno
745 2521 859 2553 Christi
874 2520 950 2563 415,
968 2532 1008 2554 ex
1028 2520 1166 2564 Epistola
1180 2531 1273 2553 cmx
1290 2521 1330 2553 ad
1352 2522 1435 2553 Evo-

54 2576 139 2609 dium
152 2587 183 2609 n.
207 2589 235 2609 1.
253 2594 294 2600 —
310 2575 323 2599 3
341 2579 432 2609 Rom.
454 2588 493 2618 v,
526 2588 577 2608 10.
