1889 3285
432 297 677 335 ENARRATIO
708 300 754 326 IN
785 296 989 333 PsALMUM
1019 299 1107 326 LXI.
1354 284 1436 327 123

52 369 145 418 Rex
161 366 290 426 hujus
313 364 495 409 civitatis
516 364 711 409 Christus
729 373 791 408 est
818 384 827 408 2
847 364 936 423 ipse
951 362 1066 406 enim
1089 361 1129 405 ei
1145 360 1250 405 dicit
1269 379 1279 405 ε
1304 378 1324 403 «
1342 362 1439 405 Ma=

54 454 75 487 η
110 446 176 484 ter
204 436 322 487 Sion,
349 434 465 478 dicet
485 435 632 490 honio.
669 453 689 475 υ
715 434 826 479 Dicit
848 435 886 482 ei
910 453 919 478 :
954 452 972 475 ε(
1000 435 1160 486 Mater,
1187 430 1263 475 sed
1284 431 1432 475 homo.

54 524 75 548 n
109 508 248 551 Mater
275 506 388 549 enim
417 505 534 561 Sion²
571 504 686 549 dicet
716 505 864 559 homo,
899 513 943 549 θῖ
964 505 1096 555 homo
1130 502 1270 552 factus
1301 510 1364 550 est
1391 501 1438 546 in

55 596 76 619 ))
111 593 175 632 ea,
213 586 256 621 et
285 577 376 636 ipse
409 575 609 620 fundavit
641 592 736 620 eam
765 575 1040 620 Altissimus1.
1069 592 1090 623 η
1122 572 1202 619 Ille
1233 587 1336 630 ergo
1363 586 1439 620 rex

53 649 158 708 ejus,
180 648 256 708 qui
278 663 372 692 eam
390 646 591 691 fundavit
615 645 873 700 Altissimus,
900 645 990 705 ipse
1012 644 1057 693 in,
1078 659 1126 689 ea
1149 643 1280 688 homo
1300 640 1438 687 factus

52 727 114 762 est
142 717 427 762 humillimus.
464 721 559 776 Ipse
583 733 686 776 ergo
723 726 822 760 ante
862 715 1099 769 adventum
1130 712 1439 759 incarnationis

55 804 143 836 suae
174 788 382 847 praemisit
413 786 616 848 quaedam
641 787 834 831 membra
858 802 956 840 sua,
986 794 1083 845 post
1107 800 1207 844 quae
1228 797 1440 843 praenun÷

52 858 202 902 tiantia
229 873 274 901 se
296 866 530 901 venturum
555 858 675 901 venit
698 866 741 900 et
761 858 866 916 ipse,
898 870 1118 905 connexus
1137 854 1211 903 eis,
1233 851 1362 903 Refer
1385 851 1441 897 ad

53 926 380 975 similitudinem
409 928 621 971 nascentis
656 925 770 970 illius
802 945 810 970 2
848 926 949 986 quia
985 941 1139 977 manus
1168 933 1269 970 ante
1309 931 1441 982 caput

52 997 311 1060 procedens,
337 1007 380 1042 et
405 1014 506 1042 cum
529 998 670 1057 capite
695 1007 758 1046 est
773 1032 784 1052 ,
807 1006 852 1043 et
879 997 960 1040 sub
983 996 1156 1055 capite2.
1185 998 1247 1045 De
1269 993 1442 1042 Christo,

54 1071 167 1114 enim
191 1068 357 1113 dictum
379 1078 458 1124 est,
479 1085 578 1113 cum
597 1068 849 1113 laudaretur
861 1067 1114 1111 excellentia
1129 1065 1281 1126 populi
1294 1064 1438 1124 primi,

52 1150 96 1184 et
116 1139 369 1184 dolerentur
390 1138 515 1184 fracti
538 1140 647 1183 rami
676 1137 912 1183 naturales³
940 1157 950 1182 ι
979 1156 998 1178 «
1024 1141 1220 1190 Quorum
1243 1134 1437 1195 adoptio,

55 1229 76 1257 n
114 1210 283 1270 inquit,
313 1219 356 1254 et
378 1219 634 1254 testamenta
656 1219 699 1253 et
718 1209 824 1267 legis
850 1208 1118 1262 constitutio,
1155 1221 1341 1266 quorum
1364 1220 1442 1264 pa-

56 1299 77 1335 »
114 1290 219 1335 tres,
245 1289 288 1323 et
310 1296 361 1323 ex
383 1281 542 1341 quibus
573 1280 770 1324 Christus
792 1278 1030 1323 secundum
1055 1292 1251 1331 carnem,
1282 1275 1359 1336 qui
1381 1284 1445 1319 est

56 1369 78 1399 η
111 1366 240 1410 super
267 1351 412 1394 omnia
440 1354 554 1394 Deus
594 1350 849 1396 benedictus
882 1349 926 1392 in
962 1347 1153 1392 saeeula4.
1190 1350 1255 1392 Ex
1282 1347 1443 1407 quibus

57 1439 78 1463 »
113 1422 309 1467 Christus
341 1422 581 1466 secundum
605 1437 805 1474 carnem,
842 1430 1049 1481 tanquam
1083 1436 1133 1463 ex
1172 1420 1296 1474 Sion,
1340 1419 1442 1479 quia

60 1513 78 1535 »
112 1494 245 1537 homo
267 1492 407 1537 sactus
425 1503 488 1536 est
509 1493 552 1536 in
570 1508 618 1536 ea
646 1512 654 1536 z
676 1493 777 1551 quia
795 1492 992 1536 Christus
1012 1506 1140 1549 super
1161 1491 1306 1537 omnia
1330 1494 1443 1535 Deus

57 1581 78 1607 n
114 1562 369 1608 benedictus
400 1563 444 1606 in
476 1562 656 1616 saecula,
689 1562 790 1622 quia
825 1562 914 1621 ipse
936 1560 1138 1605 fundavit
1159 1576 1252 1604 eam
1275 1560 1444 1606 Altissi-

59 1651 80 1679 >,›
114 1649 225 1677 mus.
254 1636 317 1676 Ex
339 1633 498 1693 quibus
521 1633 715 1677 Christus
737 1631 977 1676 secundum
1001 1647 1192 1686 carnem,
1223 1631 1337 1676 filius
1360 1636 1446 1677 Da-

58 1722 80 1746 »
113 1703 186 1748 vid
212 1724 219 1748 :
248 1705 324 1764 qui
348 1714 410 1748 est
436 1720 564 1763 super
599 1704 743 1748 omnia
766 1707 880 1748 Deus
902 1703 1160 1748 benedictus
1183 1703 1229 1748 in
1257 1703 1414 1748 saecula
1431 1738 1441 1758 ‚

35 1796 38 1797 ⁷
59 1793 80 1818 n
116 1776 324 1820 Dominus
344 1776 676 1820 David5.»T01a
698 1790 800 1833 ergo
822 1774 894 1818 illa
914 1774 1062 1818 civitas
1084 1773 1295 1834 loquitur,
1312 1791 1335 1819 a
1351 1790 1446 1818 san-

58 1845 186 1904 guine
214 1845 326 1891 Abel
344 1846 451 1905 justi
478 1861 616 1905 usque
639 1845 694 1888 ad
716 1845 970 1903 sanguinem
997 1844 1254 1888 Zachariaess.
1273 1844 1381 1891 Inde
1403 1854 1447 1888 et
1475 1870 1483 1883 ι.

59 1915 261 1974 deinceps
295 1932 317 1959 a
348 1916 558 1975 sanguine
590 1915 791 1970 Joannis⁷
827 1930 903 1974 per
937 1915 1191 1973 sanguinem
1215 1914 1446 1974 Apostolo-

60 2002 173 2036 rum,
198 2001 273 2045 per
296 1987 550 2045 sanguinem
578 1989 818 2042 Martyrum
834 2021 844 2039 ,
869 2001 946 2044 per
971 1985 1225 2043 sanguinem
1249 1984 1447 2029 fidelium

61 2056 234 2110 Christi,
255 2071 342 2102 una
364 2057 514 2100 civitas
532 2055 744 2116 loquitur,
764 2071 876 2099 unus
896 2056 1028 2099 homo
1061 2054 1166 2098 dicit
1191 2074 1200 2099 :
1236 2074 1255 2097 «
1281 2058 1449 2108 Quous-

65 2144 86 2168 »
120 2142 205 2186 que
223 2127 437 2185 apponitis
460 2142 589 2185 super
605 2126 857 2170 hominem?
884 2126 1118 2169 Interficite
1136 2128 1326 2170 omnes⁷.
1344 2146 1361 2167 »
1374 2126 1450 2170 Vi-

63 2196 238 2244 deamus
260 2196 293 2240 si
316 2195 484 2251 deletis,
510 2196 733 2240 videamus
749 2197 780 2242 si
795 2196 1060 2255 exfingustis,
1085 2195 1307 2247 videamus
1321 2198 1355 2242 si
1370 2197 1452 2242 tol-

0 2316 1 2324 *
63 2266 148 2312 litis
170 2268 224 2311 de
244 2278 355 2313 terra
378 2283 538 2328 nomeu
560 2269 650 2327 ejus
665 2303 675 2322 ,
701 2267 925 2312 videamus
955 2267 988 2311 si
1016 2283 1105 2312 non
1130 2268 1283 2328 populi
1305 2269 1450 2313 inania

0 2350 1 2378 i
63 2338 374 2393 meditaminiS,
395 2338 586 2382 dicentes
608 2358 615 2382 :
643 2337 861 2392 «Quando
884 2339 1110 2387 morietur,
1131 2348 1173 2383 et
1197 2340 1356 2399 peribit
1379 2355 1451 2384 no-

0 2389 2 2531 ι
69 2426 89 2449 »
124 2424 224 2453 men
241 2410 380 2468 ejus⁷P
399 2412 623 2469 Tanquam
645 2409 800 2468 parieti
823 2408 1032 2460 inclinato
1048 2444 1059 2464 ‚
1091 2419 1135 2454 θῖ
1156 2410 1352 2456 maceriae
1374 2411 1453 2454 im-

115 2528 122 2543 ¹
142 2522 222 2554 Psal.
241 2533 371 2563 Lumo,
391 2523 422 2554 5.
447 2540 489 2545 -
512 2530 524 2545 2
544 2525 622 2555 Gen.
642 2534 775 2564 xxxvia,
802 2533 857 2566 27.
880 2541 922 2545 —
942 2522 954 2546 3
970 2526 1060 2559 Rom.
1085 2536 1130 2565 x1,
1151 2533 1204 2556 21.
1227 2541 1268 2546 -
1292 2523 1308 2553 4
1324 2524 1372 2555 ld.
1394 2534 1427 2555 xx
1442 2549 1451 2565 ,

68 2575 102 2617 4,
127 2577 157 2608 5.
177 2595 219 2600 -
238 2576 253 2600 5
271 2578 349 2610 Psal.
376 2589 504 2620 Lxxxw,
525 2578 555 2611 5.
578 2595 619 2601 —
643 2577 658 2601 6
677 2579 790 2611 Matth.
813 2590 915 2621 xxm,
936 2578 990 2611 35.
1008 2596 1048 2602 —
1063 2587 1077 2612 τ
1101 2579 1177 2612 Psal.
1195 2590 1229 2620 n,
1253 2591 1281 2611 1.
1304 2595 1346 2601 —
1362 2577 1376 2601 8
1400 2580 1449 2611 Id.

69 2643 126 2673 n,
147 2633 178 2664 6.
