1889 3285
406 244 490 283 378
844 252 877 280 s.
913 251 1143 282 Anons¹r1m
1175 252 1358 283 EPISCOPI
1741 277 1765 280 ,

408 336 429 360 »’
464 319 547 362 ciet
567 318 705 362 virtus
724 332 818 361 mea
835 352 846 372 ‚
887 333 943 361 ne
965 317 1238 378 derelinquas
1270 333 1355 362 me.
1384 335 1405 358 »
1431 315 1683 375 Respondet
1715 315 1788 359 hic

406 388 485 432 tibi
518 391 632 432 Deus
664 406 673 431 ε
710 390 908 431 imovero
931 386 1103 431 deficiat
1124 389 1259 432 virtus
1283 397 1357 431 tua
1372 423 1383 442 ‚
1408 396 1459 431 ut
1489 387 1533 430 in
1555 395 1597 430 te
1617 394 1790 429 maneat

406 473 503 501 mea
524 477 532 502 ε
557 466 606 501 ut
629 457 746 501 dicas
782 473 882 502 cum
906 457 1115 516 Apostolo
1136 477 1145 502 :
1175 477 1194 499 «
1219 457 1400 511 Quando
1422 457 1642 510 infirmor,
1682 464 1789 500 tunc

410 546 431 569 ))
465 537 621 587 potens
653 530 790 572 sum1.
820 528 963 573 »Noli
993 528 1170 582 timere,
1196 543 1251 571 ne
1269 527 1502 587 projiciaris
1538 527 1584 569 in
1606 525 1790 569 infirmi-

406 607 495 642 tate
513 633 525 652 ‚
549 598 596 641 in
629 598 708 641 ista
742 607 980 642 senectute.
1017 597 1135 651 Quid
1172 597 1288 641 enim
1304 633 1315 651 ‚
1341 597 1549 641 Dominus
1577 604 1679 639 tuus
1701 610 1790 639 non

407 677 470 713 est
490 669 733 713 infirmatus
766 669 810 711 in
831 671 991 713 cruce?
1010 671 1165 713 Nonne
1182 678 1283 712 ante
1302 667 1428 712 illum
1460 677 1668 727 tanquam
1690 676 1790 710 ante

404 739 628 783 hominem
648 737 756 782 nihil
779 738 997 782 valentem
1017 774 1027 794 ,
1049 739 1315 798 captivatum
1337 747 1380 782 et
1407 752 1660 798 oppressum
1679 771 1690 792 ,
1714 752 1790 781 ca-

405 818 488 870 put
509 808 782 867 agitaverunt
804 808 1022 853 fortissimi
1040 844 1050 865 ‚
1077 819 1120 854 et
1137 810 1249 854 tauri
1268 810 1466 869 pingues,
1492 818 1536 853 et
1556 807 1759 852 dixerunt
1777 825 1787 852 :

411 898 432 922 «
468 879 511 924 Si
530 878 663 923 Filius
680 879 758 923 Dei
781 889 872 935 est,
898 879 1133 924 descendat
1155 879 1211 923 de
1227 881 1413 924 cruce2‘?
1438 876 1702 938 »Numquid
1719 876 1793 921 ille

407 950 508 1009 quia
544 951 741 993 infirmus
776 959 866 993 erat
894 951 1088 994 desertus
1109 958 1173 994 est
1189 985 1199 1005 ‚
1225 950 1301 1010 qui
1322 949 1478 993 maluit
1499 964 1588 993 non
1611 949 1793 992 descen-

408 1019 511 1063 dere
533 1018 588 1063 de
616 1034 745 1063 cruce
761 1055 772 1074 ‚
810 1035 865 1063 ne
887 1036 977 1064 non
1008 1020 1248 1079 potentiam
1271 1019 1506 1063 ostendisse
1523 1054 1534 1073 ‚
1559 1018 1635 1062 sed
1655 1018 1795 1062 insul-

407 1091 603 1134 tantibus
626 1091 795 1134 cessisse
825 1089 1073 1134 videretur?
1102 1089 1216 1143 Quid
1235 1100 1278 1133 te
1300 1090 1449 1134 docuit
1470 1088 1665 1148 pendens
1681 1124 1692 1144 ,
1719 1088 1796 1148 qui

409 1159 671 1203 descendere
693 1159 833 1204 noluit
848 1196 859 1214 ,
895 1161 976 1203 nisi
1003 1161 1254 1220 patientiam
1278 1160 1392 1204 inter
1411 1159 1667 1203 insultantes
1684 1194 1695 1214 ‚
1715 1160 1796 1203 nisi

408 1238 459 1273 ut
486 1230 538 1273 sis
563 1228 686 1272 fortis
712 1229 757 1273 in
776 1233 866 1273 Deo
883 1232 993 1274 tuo?
1016 1233 1149 1274 Forte
1169 1239 1213 1274 et
1235 1246 1287 1273 ex
1309 1231 1402 1289 ejus
1423 1244 1606 1287 persona
1628 1228 1796 1273 dictum

409 1299 462 1343 sit
488 1318 497 1343 :
523 1317 543 1340 «
565 1301 790 1358 Tanquam
807 1299 1054 1357 prodigium
1071 1298 1211 1343 factus
1238 1315 1333 1342 sum
1351 1298 1516 1353 multis,
1535 1308 1578 1342 et
1603 1307 1648 1343 tu
1671 1299 1798 1359 adju-

411 1387 433 1410 »
472 1377 541 1412 tor
562 1366 708 1412 fortis?
733 1387 753 1409 »
777 1371 842 1412 Ex
858 1384 1042 1428 persona
1074 1371 1165 1429 ejus
1197 1369 1436 1413 secundum
1468 1368 1763 1413 infirmitatem
1782 1405 1793 1424 ,

408 1453 500 1482 non
521 1437 762 1482 secundum
784 1447 1064 1497 potestatem'3
1090 1438 1333 1482 secundum
1355 1438 1398 1481 id
1435 1437 1555 1498 quod
1585 1454 1664 1482 nos
1684 1439 1731 1482 in
1753 1454 1797 1483 se

410 1509 793 1566 transfiguraverat
807 1543 817 1562 ‚
854 1524 944 1552 non
966 1509 1208 1552 secundum
1229 1508 1274 1552 id
1303 1508 1423 1569 quod
1444 1509 1535 1567 ipse
1560 1508 1796 1554 descende-

410 1588 491 1623 rat.
516 1582 548 1622 F
554 1587 674 1622 actus
697 1587 761 1621 est
782 1578 897 1622 enim
919 1578 1067 1637 multis
1093 1579 1360 1638 prodigium.
1381 1582 1437 1622 Et
1459 1578 1571 1623 forte
1592 1580 1683 1639 ipsa
1706 1590 1797 1625 erat

410 1656 610 1691 senectus
631 1648 722 1707 ejus
738 1683 749 1702 ‚
774 1648 876 1707 quia
912 1663 963 1691 ex
983 1657 1198 1692 vetustate
1220 1664 1310 1692 non
1338 1648 1577 1706 incongrue
1598 1659 1796 1694 senectus

409 1727 617 1770 vocatur,
657 1727 700 1762 et
736 1718 795 1762 ait
820 1718 1083 1779 Apostolus:
1113 1738 1133 1761 «
1164 1721 1300 1763 Vetus
1333 1720 1466 1763 homo
1499 1728 1646 1763 noster
1667 1721 1798 1765 simul

413 1806 434 1829 »
469 1788 699 1832 crucifixus
719 1797 781 1832 est
800 1804 902 1833 cum
919 1788 994 1833 illo
1011 1790 1043 1832 ³.
1069 1806 1089 1830 »
1124 1789 1167 1834 Si
1188 1789 1250 1832 ibi
1277 1798 1369 1832 erat
1388 1798 1514 1833 vetus
1536 1790 1669 1834 homo
1692 1806 1796 1835 nos-

409 1868 476 1903 ter
493 1895 504 1914 ‚
531 1869 728 1904 senectus
755 1860 817 1903 ibi
835 1868 950 1917 erat3
975 1860 1076 1920 quia
1096 1869 1220 1904 vetus
1236 1895 1246 1915 ‚
1272 1868 1486 1903 senectus.
1510 1862 1672 1904 Tamen
1695 1862 1796 1921 quia

409 1944 563 1974 verum
586 1937 648 1973 est
662 1965 673 1983 ,
706 1947 725 1971 «
755 1930 1057 1973 Renovabitur
1078 1930 1190 1973 sicut
1212 1929 1370 1989 aquilae
1386 1931 1593 1989 juventus
1623 1932 1720 1974 tua4
1741 1949 1750 1976 :
1771 1948 1791 1973 ‚‚

410 1999 642 2042 resurrexit
663 1999 753 2057 ipse
790 1998 859 2042 die
881 1998 1009 2043 tertio
1025 2033 1035 2053 ‚
1074 1999 1270 2057 promisit
1292 1999 1651 2043 resurrectionem
1673 1999 1796 2045 finito

412 2067 587 2112 saeeulo.
601 2070 625 2111 J
630 2083 697 2111 am
720 2066 938 2127 praecessit
955 2077 1102 2127 caput,
1118 2068 1314 2112 membra
1335 2077 1534 2112 secutura
1555 2078 1669 2113 sunt.
1683 2070 1797 2123 Quid

412 2138 536 2182 times
558 2153 613 2180 ne
635 2137 910 2198 derelinquat
931 2147 996 2192 te,
1021 2153 1074 2181 ne
1097 2138 1267 2196 abjiciat
1288 2139 1331 2183 in
1354 2148 1525 2198 tempus
1545 2141 1793 2195 senectutis,

413 2223 512 2252 cum
536 2206 743 2251 defecerit
763 2208 899 2251 virtus
916 2210 1023 2251 tua?
1045 2211 1139 2251 Iino
1162 2217 1268 2251 tunc
1290 2209 1333 2252 in
1356 2217 1399 2251 te
1421 2209 1501 2252 erit
1520 2209 1656 2253 virtus
1674 2211 1764 2270 ejus
1781 2245 1793 2266 ,

413 2277 591 2337 quando
615 2277 820 2321 defecerit
841 2278 977 2322 virtus
996 2287 1087 2321 tua.

471 2350 574 2392 XII.
597 2350 739 2400 Quare
752 2349 836 2393 hoc
857 2349 980 2393 dico?
997 2368 1014 2388 «
1031 2349 1140 2401 Quia
1162 2348 1364 2391 dixerunt
1382 2347 1545 2392 inimici
1566 2349 1651 2392 mei
1670 2349 1792 2404 mihi,

418 2436 438 2459 n
471 2427 516 2461 et
541 2417 616 2477 qui
632 2417 933 2462 custodiebant
954 2418 1138 2462 animam
1158 2432 1320 2472 meam,
1347 2416 1572 2462 consilium
1592 2417 1795 2463 fecerunt

463 2518 473 2535 ¹
500 2521 519 2544 2
540 2514 611 2545 Cor.
629 2523 689 2554 2111,
713 2523 764 2545 ιο.
784 2529 825 2535 -
845 2520 857 2535 ²
876 2512 990 2545 Matth.
1012 2523 1110 2554 xxvn,
1131 2511 1185 2554 39,
1210 2510 1264 2553 40.
1286 2529 1327 2535 —-
1346 2510 1359 2535 3
1378 2515 1468 2544 Rom.
1488 2522 1533 2554 Vl,
1553 2512 1587 2545 6.
1611 2530 1652 2535 --
1674 2510 1690 2537 4
1710 2514 1791 2545 Psal.
1844 2504 1847 2528 ἵ

415 2578 476 2609 cu,
498 2567 529 2599 5.
