1889 3285
395 240 477 281 148
593 230 608 248 ”
828 249 863 279 S.
897 250 1130 279 AUGUSTINI
1161 251 1344 279 EPlscom

385 330 588 362 mensura
607 350 618 372 ‚
645 330 848 371 numero,
885 314 1077 375 pondere
1109 315 1336 376 permittit.
1367 313 1500 374 Apud
1524 312 1652 358 illum
1683 329 1774 359 non

387 397 451 432 est
481 386 683 447 iniquitas
706 405 715 431 ι
742 395 791 430 tu
822 395 993 430 tantum
1025 385 1081 429 ad
1112 401 1212 430 eum
1237 385 1438 446 pertine,
1466 385 1513 428 in
1539 385 1632 444 ipso
1653 399 1773 444 spem

385 472 498 518 pone
513 492 524 511 ,
547 457 637 516 ipse
656 456 709 501 sit
730 455 902 516 adjutor
923 464 1024 500 tuus
1039 491 1050 510 ,
1068 455 1254 500 salutare
1268 465 1392 500 tuum
1414 455 1483 500 :in
1498 454 1574 499 illo
1591 454 1774 499 sitlocus

387 527 583 571 munitus
598 562 609 583 ,
635 526 764 570 turris
792 524 1100 581 fortitudinis1,
1125 525 1346 585 refugium
1368 535 1495 570 tuum
1518 525 1608 585 ipse
1631 525 1706 581 sit,
1731 534 1776 569 et

387 613 478 642 non
507 606 550 641 te
588 596 700 641 sinet
731 596 887 640 tentari
917 611 1045 655 supra
1073 611 1205 656 quam
1234 606 1357 656 potes
1388 595 1527 651 ferre,
1551 596 1628 640 sed
1648 595 1776 640 faciet

386 682 487 712 cum
518 667 757 712 tentatione
786 667 915 711 etiam
945 666 1135 722 exitum,
1171 675 1222 711 ut
1256 667 1389 727 possis
1419 666 1661 712 sustinere²
1688 685 1698 710 :
1725 674 1776 710 ut

386 737 507 799 quod
529 747 570 782 te
587 738 688 782 sinit
703 737 793 798 pati
815 737 1118 793 tentationem,
1131 747 1321 798 potestas
1343 739 1435 799 ejus
1455 738 1531 795 sit,
1550 736 1672 798 quod
1686 752 1775 781 non

385 809 486 854 sinit
517 807 632 852 ultra
664 809 710 852 in
737 817 780 852 te
802 807 896 851 fleri
917 823 1050 868 quam
1065 816 1190 868 potes
1212 806 1346 863 ferre,
1371 807 1664 852 misericordia
1684 808 1776 868 ejus

383 879 438 924 sit
476 898 485 923 ε
525 877 782 931 «Quoniam
812 887 1001 938 potestas
1030 878 1108 922 Dei
1138 887 1222 934 est,
1240 888 1283 923 et
1310 879 1406 934 tibi,
1424 878 1621 934 Domine,
1646 878 1776 922 mise-

386 968 407 992 »
443 949 655 1005 ricordia,
692 948 795 1010 quia
827 957 877 994 tu
909 947 1064 993 reddes
1098 948 1337 1010 unicuique
1369 948 1611 994 seeundum
1643 963 1774 1009 opera

385 1039 406 1065 ))
442 1021 547 1080 ejus.
577 1039 598 1062 ))

590 1160 664 1202 ΕΤ
687 1158 828 1203 POST
843 1159 1196 1204 TRACTATL'M
1217 1159 1293 1203 DE
1316 1158 1566 1213 PSALMO,

385 1319 494 1351 cum
530 1301 904 1351 mathematicus
938 1304 986 1349 in
1015 1303 1195 1365 populo
1223 1313 1586 1360 monstraretur,
1622 1302 1681 1349 cle
1719 1318 1776 1349 eo

856 1373 981 1418 idem
1005 1377 1104 1433 ipse
1127 1374 1299 1418 intulit.

443 1512 612 1556 XXIII.
648 1509 726 1555 Illa
756 1509 961 1554 Ecclesiae
989 1509 1077 1553 sitis
1100 1509 1228 1553 etiam
1253 1509 1409 1564 istum,
1438 1525 1570 1569 quem
1597 1509 1773 1566 videtiS,

385 1582 536 1627 bibere
557 1580 666 1625 vult.
688 1579 825 1625 Simul
843 1580 972 1623 etiam
990 1588 1040 1623 ut
1057 1579 1278 1634 noveritis,
1303 1595 1434 1639 quam
1449 1580 1575 1623 multi
1588 1581 1632 1623 in
1652 1596 1775 1625 com-

385 1652 592 1697 mixtione
622 1650 967 1695 Christianorum
992 1665 1065 1694 ore
1095 1665 1173 1694 suo
1207 1649 1484 1705 benedicant,
1509 1647 1618 1694 etin
1647 1650 1778 1696 corde

385 1738 465 1766 suo
482 1720 745 1765 maledicant
761 1754 772 1775 ,
791 1721 869 1764 iste
887 1735 939 1763 ex
960 1719 1206 1764 Christiano
1224 1728 1266 1763 et
1284 1719 1402 1764 fideli
1412 1721 1628 1780 poenitens
1643 1721 1770 1777 redit,

386 1802 430 1836 et
451 1792 624 1837 territus
645 1799 857 1851 potestate
879 1790 1053 1835 Domini
1071 1790 1340 1834 convertitur
1359 1790 1414 1833 ad
1433 1790 1772 1835 misericordiam

385 1862 575 1908 Domini.
597 1861 810 1907 Seductus
838 1862 953 1905 enim
978 1860 1032 1904 ab
1055 1861 1230 1905 inimico
1253 1876 1353 1906 cum
1377 1870 1486 1905 esset
1506 1860 1644 1905 fidelis
1661 1896 1672 1917 ,
1697 1861 1775 1906 diu

384 1932 713 1978 mathematicus
737 1930 820 1975 fuit
846 1930 1048 1975 seductus
1070 1930 1522 1990 seducens3deceptus
1533 1930 1770 1990 decipiens,

386 2003 543 2057 illexit,
570 2001 745 2057 fefellit,
770 2001 908 2046 multa
929 2000 1155 2045 mendacia
1176 2001 1348 2046 locutus
1370 2011 1433 2046 est
1448 2011 1598 2046 contra
1613 2005 1769 2058 Deum,

387 2074 463 2132 qui
486 2072 608 2116 dedit
621 2072 872 2116 hominibus
889 2080 1148 2131 potestatem
1162 2069 1349 2115 faciendi
1371 2072 1491 2132 quod
1502 2072 1669 2116 bonum
1689 2082 1769 2129 est,

387 2152 430 2187 et
446 2158 535 2187 non
551 2142 737 2187 faciendi
754 2142 873 2202 quod
895 2142 1061 2185 malum
1083 2151 1158 2186 est.
1193 2145 1277 2186 Iste
1300 2141 1496 2198 dicebat,
1521 2145 1624 2204 quia
1644 2142 1773 2187 adul-

386 2214 547 2258 rerium
562 2229 651 2257 non
662 2212 848 2257 faciebat
859 2212 1060 2257 voluntas
1083 2213 1272 2272 propria,
1295 2212 1370 2257 sed
1381 2215 1528 2257 Venus
1545 2234 1556 2271 3
1571 2223 1614 2258 et
1626 2214 1771 2259 homi-

388 2283 553 2328 cidium
575 2299 665 2327 non
687 2282 872 2326 faciebat
892 2283 1091 2327 voluntas
1122 2283 1295 2342 propria
1310 2318 1320 2338 ,
1353 2282 1428 2326 sed
1446 2286 1583 2341 Mars3
1611 2293 1656 2327 et
1677 2286 1773 2344 jus-

388 2364 483 2399 tum
505 2370 594 2398 non
617 2352 801 2397 faciebat
820 2357 955 2408 Deus,
981 2353 1056 2397 sed
1077 2354 1194 2397 ,lovis
1217 2373 1224 2398 :
1249 2363 1291 2397 et
1312 2353 1393 2397 alia
1410 2353 1546 2399 multa
1566 2354 1772 2413 sacrilega

387 2442 478 2471 non
499 2441 645 2485 parva.
672 2429 808 2477 Quam
830 2424 978 2469 multis
1001 2440 1100 2469 eum
1122 2425 1282 2484 putatis
1295 2425 1548 2469 Christianis
1570 2441 1771 2470 nummos

390 2495 647 2541 abstulisse?
661 2497 801 2548 Quam
822 2494 950 2539 multi
968 2495 1022 2539 ab
1044 2494 1118 2540 illo
1140 2504 1339 2540 emerunt
1357 2495 1631 2540 mendacium
1643 2530 1655 2552 ,
1667 2496 1768 2556 qui-

437 2598 447 2616 1
467 2590 665 2634 Psal.1.x,4.
680 2607 720 2615 -
741 2597 754 2615 2
770 2602 783 2625 1
803 2593 875 2626 Cor.
891 2602 924 2633 x,
942 2591 991 2624 13.

1839 2541 1842 2591 i
