1889 3285
3 72 6 182 1

4 293 7 356 i
150 312 391 343 ENARRATm
422 315 455 341 11
486 315 532 342 m
564 312 766 342 PsALMUM
799 316 958 353 LXVIII,
992 313 1130 343 sssmro
1162 315 1210 341 11.
1315 303 1399 342 335

0 384 7 443 1
20 378 206 423 inimicis
228 378 355 423 amici
374 377 481 423 facti
501 387 603 422 sunt
622 393 700 437 per
719 378 833 424 illius
857 380 1037 438 gratiam
1052 414 1063 434 ‚
1088 395 1179 424 non
1200 394 1276 438 per
1305 380 1402 439 jus-

0 465 8 511 1
19 448 158 493 titiam
179 464 319 493 suam.
346 447 451 492 Ideo
477 457 650 493 secutus
679 458 764 504 est,
799 468 819 491 «
845 453 1026 508 Propter
1057 449 1254 494 inimicos
1283 465 1404 494 meos

5 516 44 562 ἶ»
79 534 181 563 erue
202 534 286 562 me.
311 518 496 563 Intende
521 519 674 564 animae
698 535 831 575 meae,
860 539 879 562 »
912 520 988 564 sed
1013 520 1098 564 hoc
1120 520 1167 563 in
1195 519 1368 564 occulto
1391 539 1401 565 :

0 563 9 628 ,ι
25 600 47 637 «ζ
80 593 263 649 Propter
284 589 480 634 inimicos
502 599 648 634 autem
681 606 799 636 meos
821 607 925 635 erue
949 610 968 633 »
995 601 1039 636 et
1059 606 1216 650 corpus
1237 606 1400 635 meum.

20 650 140 706 Nihil
159 660 275 704 enim
293 660 476 705 inimicis
497 661 603 705 meis
622 660 837 720 proderit,
862 661 895 706 si
917 661 1054 706 solam
1078 662 1269 706 animam
1290 661 1406 705 libe-

0 747 5 773 1
23 725 181 774 raxJeris
202 748 210 774 :
236 728 401 789 aliquid
430 745 475 773 se
497 730 631 789 egisse
649 765 659 785 ,
685 730 848 791 aliquid
868 747 921 775 se·
934 731 1176 790 implevisse
1198 730 1409 775 credituri

0 810 140 851 isunt.
170 819 190 842 «
210 805 315 853 Quae
337 800 498 845 utilitas
530 801 575 845 in
598 802 808 860 sanguine
839 818 958 858 meo,
991 802 1097 846 dum
1125 801 1342 846 descendo
1362 801 1410 846 in

28 889 50 914 n
84 871 405 931 corruptionem
421 873 470 915 1?
494 874 662 931 »Ergo⁷
690 892 710 915 «
732 873 916 917 Intende
939 874 1094 918 animae
1110 888 1220 917 meae
1239 908 1250 927 ‚
1276 882 1319 917 et
1341 888 1412 917 re-

28 951 49 984 11
85 940 200 986 dime
219 956 337 996 eam,
367 959 387 983 »
418 940 540 1001 quod
568 953 616 987 tu
648 942 762 987 solus
795 943 874 987 scis
897 962 906 989 :
933 942 1090 987 deinde
1112 951 1155 986 et
1181 962 1202 984 «
1228 945 1411 1002 Propter

29 1030 50 1053 »
83 1011 278 1056 inimicos
295 1027 414 1057 meos
434 1027 539 1057 erue
565 1027 634 1057 me
649 1047 660 1068 ‚
684 1031 705 1055 »
726 1021 777 1057 ut
797 1028 898 1057 caro
915 1028 1012 1056 mea
1033 1028 1123 1056 non
1143 1011 1289 1057 videat
1311 1027 1410 1056 cor-

26 1081 292 1141 ruptionem.

85 1155 161 1197 IV.
190 1171 208 1193 «
237 1156 303 1197 Tu
325 1153 441 1197 enim
455 1153 678 1212 cognoscis
693 1153 978 1213 opprobrium
996 1168 1144 1197 meum
1159 1171 1175 1208 ,’
1198 1161 1241 1197 et
1262 1152 1414 1197 confu-

33 1243 50 1265 »
85 1223 250 1268 sionem
270 1239 413 1268 meam
431 1259 441 1278 ‚
463 1234 507 1268 et
533 1224 841 1269 verecundiam
862 1227 1042 1268 meam‘2.
1069 1243 1086 1265 »
1113 1223 1232 1276 Quid
1250 1233 1314 1267 est
1336 1238 1416 1282 op-

0 1288 284 1375 iiprobrium?
307 1293 416 1353 quid
444 1303 508 1338 est
537 1292 765 1338 confusio?
784 1292 892 1353 quid
925 1292 1222 1338 verecundia?
1243 1294 1417 1352 Oppro-
1479 1347 1491 1359 ·

0 1377 15 1426 ‘l
28 1363 174 1407 brium
194 1373 258 1408 est
279 1363 398 1424 quod
411 1364 562 1423 objicit
579 1364 796 1408 inimicus
817 1362 1028 1409 Confusio
1046 1372 1110 1407 est
1127 1379 1226 1424 quae
1244 1363 1417 1407 mordet

0 1431 352 1493 ;!conscientiam.
377 1433 651 1477 Verecundia
682 1442 744 1477 est
775 1449 874 1493 quae
902 1432 1007 1477 facit
1032 1433 1270 1491 ingenuam
1292 1431 1416 1477 fron-

3 1495 16 1576 1
29 1511 119 1546 tem
139 1503 268 1547 etiam
289 1502 344 1547 de
363 1501 460 1547 falsi
482 1503 671 1547 criminis
693 1503 938 1563 objectione
952 1502 1224 1546 erubescere.
1239 1504 1339 1547 Non
1355 1510 1420 1546 est

0 1573 224 1647 10111110ος
249 1582 324 1617 aut
343 1572 419 1617 etsi
440 1573 603 1617 crimen
622 1581 706 1627 est,
731 1588 822 1617 non
849 1581 913 1616 est
934 1572 1053 1616 illius
1081 1571 1153 1615 cui
1182 1571 1385 1631 objicitur
1406 1590 1416 1616 ;

13 1642 106 1700 {sed
128 1651 275 1688 tamen
295 1643 522 1688 infirmitas
541 1644 724 1688 humani
745 1643 879 1687 animi
912 1643 1172 1703 plerumque
1205 1657 1420 1687 verecun-

0 1714 18 1765 τ.ὶ
33 1713 177 1767 datur,
192 1713 321 1757 etiam
337 1728 437 1757 cum
451 1712 610 1757 falsum
632 1713 835 1773 objicitur
852 1733 862 1770 3
882 1728 973 1756 non
987 1713 1089 1772 quia
1103 1713 1326 1772 objectum
1339 1721 1417 1768 est,

15 1772 110 1838 ised
131 1783 231 1843 quia
253 1782 484 1828 creditum.
515 1783 672 1827 Omnia
698 1783 791 1827 haec
811 1792 915 1827 sunt
941 1782 987 1826 in
1016 1798 1195 1842 corpore
1227 1782 1416 1826 Domini.

0 1848 19 1902 23
35 1856 143 1899 Nam
165 1852 362 1898 confusio
383 1853 428 1896 in
450 1852 524 1897 illo
547 1869 637 1897 non
658 1862 829 1913 poterat
860 1868 948 1897 esse
962 1887 973 1907 ‚
1004 1852 1050 1896 in
1073 1868 1161 1913 quo
1183 1852 1311 1911 culpa
1332 1867 1424 1896 non

36 1923 353 1969 inveniebatur.
378 1923 676 1983 Objiciebatur
699 1923 864 1967 crimen
880 1923 1155 1977 Christianis,
1175 1923 1259 1966 hoc
1280 1922 1424 1981 ipsum

37 1993 158 2054 quod
179 1993 409 2038 Christiani
430 2002 585 2037 essent.
612 1993 693 2037 Illa
715 1992 893 2053 quidem
916 1992 1054 2052 gloria
1072 2001 1163 2037 erat
1183 2007 1191 2033 t
1218 1992 1351 2037 fortes
1366 1992 1423 2036 li-

3 2103 8 2107 ,
37 2064 190 2108 benter
206 2064 476 2123 accipiebant
493 2098 503 2118 ‚
528 2072 572 2108 et
587 2063 646 2108 sic
668 2063 937 2122 accipiebant
953 2098 965 2118 ,
992 2072 1043 2107 ut
1064 2063 1242 2107 omnino
1265 2063 1319 2107 de
1340 2077 1424 2107 no-

38 2135 155 2180 mine
180 2134 353 2179 Domini
375 2134 440 2178 sui
462 2149 552 2178 non
573 2134 892 2189 erubescerent.
917 2134 1158 2193 Operuerat
1180 2133 1296 2177 enim
1318 2133 1426 2177 irre-

39 2205 230 2251 verentia
240 2202 869 2263 faciemipsorum‚habentium
884 2202 1076 2247 frontem
1086 2203 1211 2248 Pauli
1218 2203 1422 2248 dicentis:

46 2293 64 2316 «
97 2277 196 2321 Non
215 2275 331 2318 enim
357 2274 564 2319 erubesco
588 2273 643 2318 de
667 2273 904 2334 Evangelio
932 2293 941 2318 :
965 2274 1101 2318 virtus
1126 2274 1241 2318 enim
1262 2273 1340 2318 Dei
1364 2282 1428 2317 est

47 2364 66 2388 1»
100 2345 147 2388 in
182 2344 367 2389 salutem
395 2344 514 2388 omni
548 2343 787 2388 credenti3.
821 2364 838 2386 >J
868 2345 905 2388 O
935 2344 1096 2399 Paule,
1128 2359 1275 2388 nonne
1307 2353 1357 2388 tu
1384 2358 1428 2387 es

0 2438 3 2450 ι
45 2414 244 2461 adorator
276 2415 510 2461 Crucifixi?
541 2419 698 2459 Parum
733 2424 824 2470 est,
863 2414 1031 2474 inquit,
1067 2415 1169 2459 inde
1202 2415 1308 2459 mihi
1339 2429 1429 2458 non

46 2487 299 2530 erubescere
326 2504 335 2530 :
360 2486 446 2529 imo
466 2485 568 2530 hinc
590 2485 729 2530 solum
758 2485 933 2544 glorior,
964 2486 1081 2530 unde
1104 2501 1174 2529 me
1197 2494 1323 2545 putat
1343 2485 1429 2527 ini-

12 2566 15 2568 ·
46 2556 181 2600 micus
198 2555 464 2599 erubescere.
495 2574 513 2596 «
537 2555 645 2601 Mihi
664 2554 778 2599 enim
800 2555 911 2599 absit
936 2555 1108 2613 gloriari
1134 2555 1214 2600 nisi
1234 2555 1280 2600 in
1302 2568 1430 2599 cruce

97 2638 204 2672 ¹Psal.
224 2649 312 2682 xxix,
334 2649 384 2671 10.
404 2655 446 2662 —
465 2646 476 2662 ²
493 2639 538 2671 Id.
557 2649 672 2679 vaui,
690 2647 745 2671 20.
767 2655 809 2662 —
829 2635 842 2661 3
867 2640 959 2671 Rom.
979 2650 1002 2679 1,
1024 2638 1074 2670 16.
