1889 3285
400 211 486 252 442
837 225 872 251 s.
908 222 1139 253 Avensa-11¹1
1170 226 1353 254 EPISCOPI

401 298 445 333 et
460 288 539 332 tibi
559 292 668 330 Deus
680 302 903 346 perversus
922 289 1170 346 videbitur3
1194 299 1244 334 tu
1264 299 1457 335 mutatus
1478 306 1522 335 es
1541 325 1553 347 ,
1578 306 1668 335 non
1691 290 1780 335 ille.

401 357 496 403 Erit
518 372 620 416 ergo
642 357 722 401 tibi
744 373 875 417 poena
892 393 902 413 ,
928 359 1048 419 quod
1070 359 1193 404 bonis
1214 361 1438 417 gaudium.
1458 363 1551 405 Hoc
1569 361 1648 405 iste
1659 376 1784 405 reco-

400 428 493 473 lens
520 448 530 472 :
560 448 579 470 «
604 430 745 481 Quam
772 429 914 474 bonus
933 465 944 484 ,
967 431 1111 490 inquit
1125 465 1136 484 ‚
1167 436 1276 475 Deus
1299 431 1430 475 Israel
1452 432 1578 476 rectis
1591 431 1737 476 corde.
1760 449 1781 473 »

459 500 584 543 VIII.
619 498 733 553 Quid
751 509 895 543 autem
910 500 1015 543 tibi?
1030 520 1049 541 «
1064 500 1152 545 Mei
1174 510 1317 545 autem
1340 517 1451 560 pene
1466 502 1672 546 commoti
1685 511 1788 546 sunt

403 587 425 611 »
459 567 591 628 pedes
604 569 635 612 1.
665 587 684 610 »
710 568 896 623 Quando
912 570 1117 614 commoti
1131 579 1233 614 sunt
1246 569 1394 630 pedes,
1411 571 1492 614 nisi
1505 571 1682 630 quando
1698 587 1788 616 non

399 648 492 684 erat
507 648 675 683 rectum
692 641 796 684 cor?
816 640 939 684 Unde
956 655 1043 684 non
1058 649 1148 684 erat
1165 649 1332 684 rectum
1346 656 1420 685 cor
1433 643 1451 682 ’.Ρ
1462 641 1578 685 Audi
1589 660 1598 685 ς
1609 641 1788 686 «Paulo-

400 728 421 753 »
458 710 602 755 minus
625 710 751 755 effusi
770 720 871 755 sunt
893 726 1057 769 gressus
1082 712 1182 756 mcii
1201 730 1222 752 »
1249 711 1379 765 Quod
1399 712 1530 767 dixit,
1560 731 1580 755 «
1605 727 1716 772 pene
1736 730 1784 769 3»

398 783 482 826 hoc
504 781 639 836 dixit,
668 802 687 824 «
712 781 993 827 Paulominus
1019 802 1026 827 :
1055 801 1075 824 »
1102 791 1145 827 et
1169 782 1293 843 quod
1325 782 1434 827 dixit
1457 802 1466 828 ε
1499 801 1518 824 «
1543 787 1659 828 Pene
1680 784 1787 828 moti

401 870 422 893 »
457 856 560 896 surit
581 851 738 911 pedes3
761 871 780 893 »
811 853 895 897 hoc
921 853 1030 896 dixit
1046 888 1056 907 ‚
1083 872 1102 895 «
1125 853 1266 898 Effusi
1292 863 1395 898 sunt
1419 869 1601 913 gressus.
1625 871 1646 895 »
1673 857 1788 898 Pene

399 922 509 967 moti
538 932 640 967 sunt
668 921 822 983 pedes,
846 938 958 982 pene
990 923 1118 967 effusi
1148 934 1253 968 sunt
1282 939 1465 983 gressus.
1491 925 1601 969 Moti
1619 924 1749 983 pedes
1774 942 1785 969 ε

398 988 475 1036 sed
497 991 614 1036 unde
636 993 743 1037 moti
759 993 890 1052 pedes
908 1002 951 1037 et
972 994 1099 1037 effusi
1117 996 1316 1053 gressus?
1331 995 1441 1039 Moti
1463 993 1594 1054 pedes
1607 1028 1619 1049 ,
1641 992 1699 1037 ad
1726 1009 1790 1049 ery-

400 1063 587 1108 randum
616 1085 626 1124 3
667 1064 794 1108 effusi
817 1080 1011 1123 gressus3
1029 1065 1084 1109 ad
1111 1065 1282 1125 lapsum
1306 1087 1318 1123 3
1355 1081 1445 1110 non
1473 1066 1652 1110 omnino
1674 1100 1686 1121 ‚
1715 1064 1791 1109 sed

402 1152 422 1175 n
458 1149 584 1193 pene.
616 1152 636 1174 »
658 1133 775 1187 Quid
796 1135 910 1179 enim
924 1137 1020 1178 est?
1042 1138 1137 1178 Jam
1158 1136 1276 1179 ibam
1299 1136 1345 1179 in
1367 1151 1556 1181 errorem
1575 1169 1587 1192 ‚
1622 1151 1712 1180 non
1733 1135 1792 1179 ie-·

398 1219 490 1247 ram
511 1224 519 1248 ε
540 1204 632 1263 jam
646 1203 855 1248 cadebam
870 1239 881 1256 ‚
907 1220 996 1249 non
1019 1204 1275 1249 cecideram.

459 1276 538 1318 IX.
559 1273 643 1319 Sed
665 1290 800 1334 quare
820 1283 865 1318 et
885 1275 998 1319 hoc?
1015 1275 1125 1328 Quia
1145 1275 1299 1330 zelavi,
1325 1275 1482 1336 inquit,
1498 1276 1544 1319 in
1559 1275 1794 1335 peccatori-

403 1364 422 1387 »
458 1346 557 1400 bus,
582 1361 732 1405 pacem
746 1346 1256 1405 peccatorumintiiens2.
1277 1366 1293 1388 »
1320 1346 1500 1390 Attendi
1522 1355 1790 1405 peccatores,

397 1414 487 1459 vidi
499 1414 594 1459 illos
607 1415 769 1459 habere
782 1420 1091 1475 pacem.Quam
1100 1417 1376 1474 pacemPTem
1384 1415 1593 1475 poralem,
1610 1417 1788 1472 fluxam,

399 1485 610 1530 caducam
633 1495 764 1545 atque
781 1495 1024 1530 terrenam:
1049 1485 1126 1530 sed
1147 1495 1293 1530 tamen
1315 1486 1447 1529 talem
1463 1485 1792 1546 qualemetego

401 1573 425 1600 a
447 1546 538 1601 Deo
564 1555 880 1606 desiderabam.
903 1555 1002 1599 Vidi
1030 1556 1126 1601 illos
1148 1556 1308 1600 habere
1332 1558 1408 1616 qui
1431 1573 1522 1601 non
1548 1557 1794 1602 serviebant

400 1629 512 1680 Deo,
542 1625 663 1686 quod
699 1641 780 1684 ego
817 1625 1118 1670 desiderabam
1155 1635 1206 1671 ut
1238 1628 1442 1671 servirem
1471 1630 1562 1671 Deo
1584 1627 1594 1668 ἐ
1616 1636 1660 1678 et
1682 1627 1791 1674 moti

399 1705 501 1740 sunt
523 1695 654 1755 pedes
676 1695 786 1748 mei,
812 1704 856 1739 et
878 1710 989 1754 pene
1012 1695 1140 1739 effusi
1161 1705 1265 1740 sunt
1287 1712 1453 1755 gressus
1469 1697 1583 1743 mei..

459 1768 516 1814 X.
552 1768 696 1820 Quare
719 1774 863 1809 autem
888 1765 972 1809 hoc
994 1765 1161 1810 habent
1181 1767 1564 1826 peccatores,dicit
1575 1767 1787 1812 breviter:

405 1856 426 1879 «
460 1836 570 1889 Quia
587 1851 676 1880 non
699 1845 763 1879 est
784 1831 1018 1880 declinatio
1039 1836 1190 1881 mortis
1212 1852 1362 1881 eorum
1379 1872 1391 1891 ,
1409 1847 1452 1882 et
1469 1838 1791 1882 firmamentum

403 1925 425 1949 »
460 1903 506 1950 iii
534 1905 708 1965 flagello
731 1922 896 1950 eorum.
930 1910 981 1950 In
1003 1906 1227 1952 laboribus
1245 1909 1474 1952 hominum
1497 1924 1587 1953 non
1607 1918 1732 1964 sunt,
1749 1917 1793 1953 et

406 1997 424 2019 »
460 1993 562 2021 cum
589 1977 843 2026 hominibus
872 1993 963 2022 non
991 1977 1371 2035 flagellabuntur³.
1403 1997 1423 2020 »
1448 1982 1545 2023 Jam
1566 1978 1788 2034 intellexi,

399 2047 569 2107 inquit,
590 2063 724 2107 quare
745 2045 807 2090 illi
829 2046 994 2091 habent
1010 2063 1161 2106 pacem
1181 2083 1192 2103 ‚
1218 2058 1261 2092 et
1282 2049 1441 2093 florent
1461 2049 1507 2094 in
1523 2058 1636 2092 terra
1659 2069 1670 2106 3
1690 2049 1792 2108 quia

399 2117 529 2162 morti
557 2113 708 2162 eorum
730 2134 819 2162 non
851 2127 915 2161 est
943 2117 1198 2168 declinatio,
1233 2119 1278 2162 id
1300 2128 1366 2163 est
1372 2154 1393 2176 ,·
1414 2119 1519 2179 quia
1539 2128 1655 2164 certa
1676 2133 1790 2169 mors

400 2196 444 2231 et
460 2197 620 2239 aeterna
634 2203 706 2231 eos
727 2197 873 2231 manet
888 2223 899 2242 ‚
922 2203 1021 2248 quae.
1044 2203 1124 2232 nec
1146 2187 1339 2232 declinat
1359 2189 1414 2233 ab
1437 2189 1522 2243 eis,
1546 2204 1626 2233 nec
1637 2189 1717 2247 ipsi
1735 2188 1791 2232 ab

396 2273 446 2302 ea
471 2255 688 2301 declinare
715 2267 897 2317 possunt
921 2277 929 2303 :
958 2277 978 2300 «
1001 2258 1111 2311 Quia
1146 2267 1338 2319 nonwrest
1375 2257 1609 2303 declinatio
1640 2258 1791 2306 mortis

395 2346 416 2370 »
452 2329 603 2372 eorum
621 2364 631 2383 ,
655 2338 698 2372 et
721 2329 1048 2372 firmamentum
1070 2329 1117 2372 in
1140 2328 1314 2387 flagelio
1334 2344 1499 2387 eorulm.
1521 2349 1538 2370 »
1555 2332 1613 2373 Et
1629 2338 1699 2393 ,est
1711 2329 1789 2372 fir-

396 2407 668 2442 mamentum
705 2398 750 2441 in
788 2398 959 2456 flagello
993 2414 1159 2442 eorum.
1197 2401 1295 2444 Non
1323 2408 1389 2442 est
1409 2399 1525 2444 enim
1551 2397 1792 2457 temporale

397 2468 619 2527 flagellum
636 2484 804 2521 eorum,
816 2468 892 2513 sed
904 2469 1077 2514 firmum
1093 2466 1139 2514 in
1155 2469 1483 2529 sempiternum.
1504 2473 1685 2528 Propter
1693 2469 1791 2521 ‚haee

448 2561 458 2577 ¹
475 2554 556 2587 Psal.
579 2565 675 2595 mxu,
699 2565 730 2587 2.
748 2571 789 2578 —
808 2561 822 2577 ²
838 2554 921 2587 Ibid.
942 2555 972 2587 3.
998 2571 1039 2577 -
1058 2553 1072 2578 ³
1091 2554 1173 2587 Ibid.
1193 2554 1226 2596 4.
1248 2555 1279 2586 5.
