1889 3285
456 261 697 291 ENARRA‘no
729 264 772 289 m
806 263 1005 290 rsALMUM
1038 266 1192 291 Lxxm.
1415 253 1498 293 485

120 325 202 370 liro
222 326 497 386 philosopho,
522 327 591 371 vel
611 328 754 387 potius
771 337 961 373 amatore
983 329 1197 385 vanitatis,
1222 345 1310 374 non
1332 332 1497 390 sapien-

121 396 193 439 tiae
207 411 338 456 quem
357 396 580 456 ipsi-etiam
592 397 837 457 philosophi
850 414 1033 458 porcum
1044 400 1381 446 nominaverunt
1395 421 1403 445 :
1420 400 1498 461 qui

119 466 388 527 voluptatem
415 469 605 528 corporis
625 485 844 514 summum
871 471 1037 515 bonum
1060 470 1184 526 dixit,
1218 472 1335 515 hunc
1352 470 1498 531 philo-

119 538 306 596 sophum
335 553 518 597 porcum
557 541 909 596 nominaverunt,
934 540 1204 586 volutantem
1233 557 1276 585 se
1304 542 1352 586 in
1372 557 1500 587 coeno

120 608 294 653 carnali.
320 609 388 654 Ab
410 609 485 654 illo
511 610 620 655 forte
646 610 797 654 didicit
827 611 906 655 iste
940 610 1154 656 litteratus
1187 611 1328 656 dicere
1362 632 1371 656 :
1403 616 1501 657 Non

119 695 193 724 ero
214 688 494 740 posteaquam
509 690 705 725 mortuus
720 681 857 726 fuero.
886 682 1108 726 Siccentur
1124 683 1306 727 flumina
1323 682 1498 738 Etham‚

118 760 298 810 pereant
325 750 534 795 doctrinae
576 753 666 796 istae
689 754 916 808 Gentium,
941 752 1161 813 pullulent
1180 754 1315 798 vireta
1338 757 1508 798 Jerusa-

118 821 239 870 lenr:
264 821 438 866 videant
459 822 579 882 quod
609 834 815 883 possunt,
841 825 972 868 corde
998 824 1178 870 credant
1211 823 1330 885 quod
1355 824 1503 869 videre

118 908 208 937 non
230 903 424 952 possunt.
441 896 568 938 Certe
583 895 662 939 ista
679 896 824 940 omnia
837 912 936 955 quae
955 911 1030 955 per
1046 895 1262 939 muudum
1283 895 1414 941 modo
1436 896 1504 940 vi-

118 963 294 1018 dentur,
319 963 496 1024 quando
515 966 776 1024 operabatur
794 969 907 1010 Deus
930 966 1112 1009 salutem
1134 966 1178 1009 in
1195 965 1338 1009 medio
1359 975 1500 1021 terrae,

119 1049 220 1078 cum
241 1035 321 1078 ista
343 1034 616 1091 dicebantur,
643 1037 840 1081 nondum
872 1045 993 1080 erant
1025 1055 1033 1080 :
1060 1045 1103 1080 et
1130 1051 1228 1080 ecce
1252 1045 1357 1080 tunc
1389 1051 1506 1094 prae-

118 1104 231 1149 dicta
263 1114 388 1163 sunt,
428 1121 546 1150 nunc
586 1106 766 1166 impleta
795 1115 1119 1161 monstrantur,
1157 1114 1199 1149 et
1227 1104 1369 1149 adhuc
1400 1104 1506 1150 dicit

123 1175 283 1220 stultus
311 1177 358 1220 in
385 1177 515 1221 corde
535 1193 640 1222 suo:
680 1197 699 1220 «
730 1180 827 1223 Non
861 1187 926 1222 est
951 1179 1106 1221 Deus1.
1142 1194 1163 1218 »
1197 1179 1272 1220 Vae
1300 1176 1507 1235 perversis

118 1247 324 1292 cordibus
353 1247 361 1290 1
396 1249 604 1308 quoniam
631 1249 691 1292 ita
723 1258 907 1292 ventura
935 1257 1037 1292 sunt
1063 1263 1161 1307 quae
1190 1256 1367 1302 restant,
1394 1246 1506 1291 sicut

116 1326 333 1362 venerunt
354 1318 432 1362 ista
455 1334 554 1378 quae
578 1327 682 1362 tunc
700 1334 789 1362 non
810 1317 1005 1372 fuerunt,
1031 1326 1074 1360 et
1094 1325 1275 1361 ventura
1299 1332 1506 1376 praenun-

118 1387 358 1432 tiabantur.
386 1391 454 1432 An
483 1404 586 1432 vcro
608 1388 805 1431 exhibuit
832 1387 956 1431 nobis
978 1390 1093 1431 Deus
1114 1387 1258 1430 omnia
1284 1403 1382 1446 quae
1402 1402 1506 1446 pro-

118 1459 249 1513 misit,
275 1467 317 1502 et
335 1458 389 1502 de
412 1458 503 1502 solo
521 1459 591 1502 die
606 1457 759 1518 judicii
780 1473 857 1501 nos
879 1456 1059 1501 fesellit‘?
1080 1459 1177 1501 Non
1199 1466 1287 1500 erat
1309 1457 1505 1501 Christus

117 1529 164 1573 in
185 1539 325 1587 terra3
352 1530 570 1589 promisit,
606 1528 804 1572 exhibuit
828 1547 837 1572 ε
869 1543 959 1571 non
979 1528 1101 1586 virgo
1122 1538 1375 1587 pepererat3
1400 1544 1505 1587 pro-

117 1600 250 1655 misit,
275 1600 476 1644 exhibuit
493 1619 502 1644 :
519 1615 609 1643 non
631 1607 722 1642 erat
744 1596 865 1642 fusus
883 1597 1053 1655 sanguis
1071 1598 1301 1657 pretiosus,
1327 1614 1415 1658 quo
1433 1597 1507 1642 de-

117 1671 281 1716 leretur
302 1671 641 1730 chirographum
661 1670 813 1714 mortis
832 1678 1014 1726 nostrae3
1033 1669 1248 1728 promisit,
1274 1670 1472 1714 exhibuit
1493 1689 1502 1714 ε

117 1740 317 1785 nondum
347 1749 633 1784 resurrexerat
664 1755 762 1784 caro
784 1740 831 1782 in
854 1739 987 1783 vitam
1015 1747 1245 1797 aeternam,
1279 1740 1476 1798 promisit
1493 1775 1504 1795 ‚

118 1811 316 1856 exhibuit
346 1830 355 1855 :
395 1811 595 1855 nondum
628 1809 902 1854 crediderant
935 1811 1119 1864 Gentes,
1148 1809 1366 1868 promisit,
1391 1810 1506 1853 exhi-

119 1881 215 1926 buit
251 1902 259 1926 :
295 1882 494 1926 nondum
522 1881 716 1925 haeretici
756 1880 931 1924 nomine
956 1879 1116 1924 Christi
1146 1880 1322 1935 armati,
1358 1890 1507 1925 contra

119 1951 340 1996 Christum
372 1951 645 2002 militabant3
664 1949 879 2010 praedixit,
905 1949 1104 1993 exhibuit
1130 1969 1139 1994 :
1167 1948 1365 1994 nondum
1391 1949 1508 1994 idola

120 2021 327 2065 Gentium
355 2020 410 2064 de
440 2029 553 2064 terra
583 2019 725 2064 deleta
747 2029 891 2076 erant3
916 2020 1140 2079 praedixit,
1163 2020 1359 2063 exhibuit
1393 2038 1402 2064 z
1426 2021 1508 2064 ista

120 2091 265 2141 omnia
291 2106 393 2135 cum
414 2089 680 2149 praedixisset
709 2100 752 2134 et
771 2090 1050 2143 exhibuisset,
1082 2089 1136 2135 de
1157 2089 1248 2134 solo
1269 2090 1339 2134 die
1355 2089 1508 2150 judicii

120 2162 326 2206 mentitus
359 2162 451 2204 est?
490 2160 648 2204 Veniet
689 2160 867 2205 omnino
904 2160 1127 2220 quomodo
1157 2160 1238 2204 ista
1267 2169 1506 2218 venerunt,

120 2233 223 2293 quia
255 2241 299 2276 et
323 2233 403 2276 ista
425 2240 659 2291 antequam
699 2231 897 2276 venirent
933 2228 1081 2274 futura
1117 2240 1255 2286 erant,
1286 2240 1330 2275 et
1359 2230 1508 2275 futura

120 2303 240 2362 prius
260 2302 550 2360 praenuntiata
562 2310 678 2356 sunt,
697 2310 741 2345 et
754 2310 900 2360 postea
915 2310 1143 2345 venerunt.
1165 2301 1337 2356 Veniet,
1356 2300 1507 2344 fratres

121 2373 221 2416 mei.
246 2375 383 2418 Nemo
405 2372 541 2416 dicat:
568 2375 666 2417 Non
686 2372 832 2416 veniet
858 2392 868 2427 3
893 2380 988 2425 aut,
1005 2371 1176 2426 Veniet,
1203 2372 1278 2415 sed
1297 2371 1427 2429 longe
1443 2379 1507 2414 est

124 2443 244 2504 quod
261 2443 420 2487 veniet.
445 2442 528 2487 Sed
549 2443 627 2486 tihi
642 2458 777 2502 prope
794 2451 857 2486 est
874 2451 923 2485 ut
939 2457 1007 2485 eas
1020 2441 1137 2486 hinc.
1157 2442 1348 2486 Sufficiat
1369 2441 1506 2500 prima

125 2514 324 2573 deceptio
345 2533 353 2558 :
378 2514 411 2558 si
435 2530 524 2559 non
540 2514 762 2574 potuimus
779 2513 920 2573 primo
935 2527 1190 2571 permanere
1207 2512 1253 2556 in
1269 2520 1502 2571 praecepto,

177 2604 184 2618 ¹
204 2596 285 2628 Psal.
307 2608 376 2635 xm,
399 2609 425 2629 1.
