1889 3285
395 206 480 246 386
835 212 870 240 s.
905 211 1139 242 Aucus-nm
1170 215 1355 243 muscom

394 292 488 327 tum
511 289 575 324 est
599 298 610 325 ε
639 297 660 322 «
686 281 794 323 Tota
823 277 895 322 die
915 277 1092 323 laudem
1112 288 1248 324 tuam.
1277 298 1298 321 »
1332 280 1519 333 Quando
1537 288 1683 324 autem
1703 293 1784 337 pro

394 351 539 412 pretiis
562 364 710 394 rerum
739 365 848 409 quas
866 347 1040 404 vendis,
1073 364 1164 393 non
1196 350 1338 394 solum
1359 350 1554 394 mentiris
1570 385 1582 405 ,
1607 363 1785 394 verum-

394 421 524 465 etiam
557 419 717 463 falsum
741 420 887 479 juras3
928 418 1151 478 quomodo
1176 419 1223 463 in
1259 435 1333 464 ore
1365 429 1442 465 tuo
1470 430 1563 464 tota
1590 418 1661 463 die
1691 417 1786 462 laus

394 492 501 536 Dei?
522 489 715 551 quando,
734 490 769 534 si
791 490 1063 535 Christianus
1081 505 1149 548 es3
1167 490 1296 534 etiam
1319 507 1371 535 ex
1392 507 1466 535 ore
1487 500 1565 535 tuo
1591 489 1788 548 blasphe-

393 570 539 605 matur
567 575 730 605 nomen
751 560 829 604 Dei
844 562 857 586 ¹
875 594 888 615 ‚
914 568 967 603 ut
990 558 1188 605 dicatur:
1214 563 1327 605 Ecce
1350 560 1500 621 quales
1520 569 1623 604 sunt
1644 558 1788 604 Chris—

394 631 503 675 tiani
523 631 533 674 l
556 633 673 690 Ergo
708 630 743 674 si
764 639 994 689 propterea
1014 629 1094 673 iste
1126 638 1219 674 tota
1241 630 1312 674 die
1342 630 1521 675 laudem
1543 630 1622 675 Dei
1654 628 1785 683 dicit,

394 702 498 762 quia
519 717 609 746 non
626 700 831 758 cognovit
851 700 1165 759 negotiationes
1185 736 1197 756 ‚
1222 702 1441 761 corrigant
1459 716 1503 745 se
1525 699 1786 755 Christiani,

395 788 486 817 non
506 772 802 831 negotientur.
827 770 912 816 Sed
931 771 989 815 ait
1005 772 1112 815 mihi
1129 773 1395 831 negotiator:
1419 776 1533 816 Ecce
1552 787 1635 829 ego
1653 771 1789 815 affero

397 841 576 903 quidem
598 857 649 885 ex
669 841 914 901 longinquo
935 856 1100 886 merces
1121 842 1177 886 ad
1215 858 1263 886 ea
1291 842 1387 887 loca
1402 877 1413 897 ,
1449 843 1495 886 in
1516 842 1678 902 quibus
1700 856 1791 887 non

397 922 501 957 sunt
530 928 580 956 ea
602 928 701 972 quae
723 911 912 956 atta-lero
928 947 940 966 ,
976 912 1095 956 unde
1123 912 1289 968 vivam,
1314 922 1524 972 tanquam
1546 911 1792 956 mercedem

394 983 554 1028 laboris
570 983 656 1026 mei
674 991 776 1042 peto
790 1017 801 1038 ,
815 991 866 1026 ut
881 982 1053 1026 charius
1075 982 1264 1026 vendam
1286 998 1422 1043 quam
1444 982 1639 1026 emerim.
1666 980 1792 1026 Unde

396 1055 512 1099 enim
537 1055 707 1109 vivam,
746 1068 849 1098 cum
870 1054 1082 1113 scriptum
1114 1053 1168 1098 sit
1196 1073 1204 1098 :
1247 1072 1267 1095 «
1291 1054 1457 1113 Dignus
1481 1063 1544 1097 est
1572 1052 1792 1112 operarius

400 1143 421 1166 »
458 1124 656 1168 mercede
679 1139 756 1168 sua
770 1126 814 1168 ²?
839 1142 860 1165 »
889 1123 974 1169 Sed
995 1124 1136 1182 agitur
1158 1124 1212 1168 de
1235 1124 1462 1168 mendacio
1478 1159 1489 1179 ‚
1513 1124 1568 1168 de
1585 1123 1788 1183 perjurio.

399 1198 492 1241 Hoc
520 1196 678 1240 vitium
714 1209 864 1239 meum
896 1205 984 1251 est,
1014 1210 1105 1239 non
1132 1195 1467 1252 negotiationis:
1493 1209 1638 1254 neque
1674 1194 1792 1236 enim

397 1282 509 1321 non,
550 1267 585 1309 si
604 1266 787 1320 vellem,
827 1281 997 1323 possem
1030 1281 1157 1324 agere
1175 1267 1268 1309 sine
1301 1266 1382 1309 isto
1416 1266 1538 1309 vitio.
1570 1267 1668 1310 Non
1689 1279 1792 1323 ergo

402 1351 545 1380 meam
567 1335 743 1395 culpam
766 1345 886 1379 actor
904 1334 960 1380 ad
990 1335 1217 1394 negotium
1251 1333 1466 1379 transfero
1488 1353 1497 1378 ε
1522 1333 1600 1378 sed
1620 1334 1655 1378 si
1674 1349 1798 1378 men-

400 1409 506 1463 tior,
546 1423 627 1466 ego
655 1406 871 1461 mentior,
900 1421 991 1450 non
1012 1406 1252 1463 negotium.
1285 1409 1458 1450 Possem
1480 1405 1597 1448 enim
1618 1403 1761 1448 dicere
1784 1424 1793 1449 :

403 1481 541 1522 Tanto
559 1477 645 1521 emi
663 1512 678 1532 ,
703 1476 780 1521 sed
801 1485 928 1521 tanto
947 1476 1162 1532 vendam3
1186 1476 1220 1519 si
1236 1475 1382 1536 placet
1398 1511 1408 1530 ,
1436 1490 1546 1519 eme.
1567 1478 1666 1520 Non
1682 1475 1798 1519 enim

406 1548 533 1592 istam
547 1547 778 1591 veritatem
796 1545 976 1591 audiens
993 1555 1165 1605 emptor
1184 1545 1482 1605 repelleretur,
1494 1555 1538 1590 et
1553 1561 1642 1590 non
1655 1546 1799 1605 potius

404 1633 555 1662 omnes
579 1625 882 1661 accurrerent:
916 1616 1018 1676 quia
1040 1615 1138 1675 plus
1166 1615 1300 1659 fidem
1333 1631 1466 1676 quam
1488 1631 1678 1660 mercem
1699 1616 1800 1660 dili—

405 1696 573 1746 gerent.
601 1688 694 1729 Hoc
722 1699 824 1742 ergo
841 1720 852 1739 ,
874 1685 1044 1744 inquit,
1075 1700 1146 1728 me
1168 1701 1296 1729 mone
1319 1701 1374 1729 ne
1396 1687 1604 1740 mentiar,
1628 1701 1684 1729 ne
1704 1701 1800 1745 per-

399 1759 544 1818 jurem
564 1778 574 1814 3
599 1772 689 1800 non
711 1765 760 1799 ut
778 1756 977 1815 abjiciam
995 1757 1221 1814 negotium
1238 1759 1354 1800 unde
1379 1772 1449 1800 me
1469 1759 1675 1815 transigo.
1701 1759 1800 1809 Quo

406 1828 525 1872 enim
544 1841 672 1871 vocas
693 1861 704 1881 ‚
730 1825 908 1885 quando
940 1825 1044 1869 hinc
1079 1828 1287 1870 revocas?
1320 1829 1450 1870 Forte
1481 1825 1536 1870 ad
1559 1835 1696 1870 artem
1718 1825 1799 1869 ali-

404 1899 568 1958 quam?
590 1899 676 1940 Ero
707 1905 850 1950 sutor,
876 1894 1170 1939 calceamenta
1192 1895 1354 1939 faciam
1371 1895 1650 1940 hominibus?
1670 1898 1799 1940 Men-

406 1969 532 2011 daces
569 1966 686 2010 enim
724 1975 768 2009 et
803 1965 883 2024 ipsi
905 1980 996 2008 non
1030 1967 1157 2009 sunt?
1180 1966 1342 2024 perjuri
1379 1974 1423 2009 et
1452 1965 1532 2022 ipsi
1561 1981 1651 2009 non
1673 1968 1800 2010 sunt?

405 2041 560 2084 Nonne
592 2036 744 2087 locatis
777 2036 831 2079 ab
869 2035 952 2079 alio
975 2035 1301 2090 calceamentis,
1345 2051 1445 2080 cum
1477 2037 1723 2095 acceperint
1743 2037 1799 2080 ab

409 2107 492 2152 alio
513 2107 730 2166 pretium,
759 2106 987 2150 dimittunt
1009 2104 1129 2166 quod
1153 2104 1371 2149 faciebant
1385 2141 1395 2160 ‚
1417 2115 1460 2149 et
1476 2107 1718 2165 suscipiunt
1732 2107 1799 2152 al-

410 2177 488 2220 teri
506 2176 663 2231 facere,
682 2186 725 2220 et
742 2175 903 2219 fallunt
916 2190 1016 2219 eum
1031 2176 1101 2219 cui
1113 2175 1400 2234 promiserant
1416 2175 1502 2220 cito
1515 2191 1560 2220 se
1582 2176 1800 2221 facturos?

410 2249 566 2292 Nonne
596 2262 708 2305 saepe
727 2245 881 2289 dicunt
902 2265 910 2290 :
938 2243 1077 2289 Hodie
1103 2244 1216 2289 facio
1239 2280 1249 2300 ,
1271 2244 1401 2289 hodie
1425 2245 1616 2305 impleo?
1635 2247 1800 2291 Deinde

411 2317 458 2361 in
478 2317 569 2376 ipsa
586 2325 736 2360 sutura
759 2325 899 2359 tantas
919 2314 1094 2359 fraudes
1116 2331 1206 2359 nou
1229 2313 1430 2359 faciunt?
1450 2317 1637 2361 Faciunt
1661 2318 1741 2361 ista
1757 2327 1800 2362 et
1856 2320 1858 2322 ’

410 2387 566 2431 dicunt
585 2387 664 2430 ista
691 2405 699 2430 :
725 2385 801 2430 sed
821 2386 901 2445 ipsi
922 2385 1025 2429 mali
1046 2394 1172 2441 sunt,
1200 2401 1289 2430 non
1318 2402 1384 2430 ars
1417 2402 1550 2446 quam
1584 2389 1799 2446 profiten-

410 2466 497 2501 tur.
523 2458 683 2500 Omnes
706 2471 806 2513 ergo
839 2457 1021 2500 artifices
1044 2455 1147 2500 mali
1182 2459 1321 2500 Deum
1343 2472 1433 2501 non
1469 2458 1669 2502 timentes
1686 2492 1698 2514 ⁷
1728 2457 1798 2501 vel

463 2549 472 2565 ¹
497 2544 586 2574 Rom.
614 2553 649 2583 ιι,
671 2540 725 2584 24.
746 2558 786 2563 —-
807 2542 908 2573 ²Luc.
926 2551 958 2582 x,
979 2551 1010 2583 7.
