1889 3285
404 254 488 292 396
838 267 871 293 s.
908 265 991 293 Am
999 268 1137 294 Us‘rtm
1170 267 1349 294 EPISCOPI

403 330 542 374 habco
565 349 574 374 :
599 329 817 390 quidquid
841 340 988 375 autem
1010 331 1112 375 mali
1147 332 1288 376 habeo
1309 366 1320 387 ,
1356 348 1378 375 a
1401 346 1471 375 me
1500 332 1658 376 habeo.
1695 334 1792 375 Non

405 401 564 445 meritis
586 401 846 461 supplicium
880 402 1133 458 reddidisti,
1166 403 1242 447 sed
1269 404 1450 462 gratiam
1481 404 1610 461 gratis
1631 403 1793 462 imper-
1886 423 1889 430 2

403 472 505 515 tisti.
535 475 638 515 Tuae
660 473 807 532 itaque
825 473 956 517 solius
972 474 1152 533 justitiae
1174 475 1465 518 memorabor.

461 544 520 585 II.
551 561 570 583 «
591 545 721 598 Deus,
747 543 933 587 docuisti
966 559 1036 586 me
1057 559 1107 587 ex
1121 544 1354 603 juventute
1374 559 1469 588 mea
1486 546 1515 587 ¹.
1539 561 1559 585 ι)
1586 542 1704 596 Quid
1725 558 1793 588 me
1846 553 1848 576 1

401 611 612 656 docuisti?
628 613 738 667 Quia
760 623 848 657 tuae
865 613 996 657 solius
1013 614 1192 674 justitiae
1213 615 1445 658 memorari
1464 613 1620 658 debeo.
1635 614 1792 658 Consi-

401 682 556 727 derans
579 684 696 727 enim
717 685 851 727 vitam
880 685 1144 744 praeteritam
1175 700 1341 740 meam,
1377 684 1506 729 video
1539 684 1647 744 quid
1684 684 1792 727 mihi
1846 686 1848 690 ’

401 753 660 808 debebatur,
678 763 720 798 et
735 754 843 814 quid
856 755 1096 813 acceperim
1115 770 1193 814 pro
1205 770 1256 799 eo
1274 754 1395 815 quod
1409 755 1515 798 mihi
1529 754 1788 798 debebatur.

400 824 651 867 Debebatur
676 840 806 883 poena
823 859 833 878 ‚
859 823 1027 868 reddita
1049 833 1111 868 est
1123 825 1258 882 gratia
1282 844 1291 868 :
1318 824 1788 881 debebaturgehenna,
1846 826 1847 832 ’
1873 831 1876 838 “

401 893 501 937 data
519 903 583 937 est
594 894 682 938 vita
695 904 871 938 aeterna.
883 913 902 936 (ι
914 897 1046 949 Deus,
1063 894 1251 938 docuisti
1261 909 1330 937 me
1341 909 1391 937 ex
1397 895 1585 953 juventu
1595 902 1634 937 te
1646 908 1788 936 mea.»
1848 903 1849 907 ’

400 966 465 1007 Ex
487 965 579 1023 ipso
600 965 725 1009 initio
748 964 850 1008 fidei
872 980 981 1009 meae
995 1000 1006 1019 ‚
1031 981 1119 1024 qua
1141 980 1211 1007 me
1234 964 1477 1018 innovasti,
1502 963 1690 1008 docuisti
1723 978 1792 1007 me
1850 1022 1851 1029 ἵ
1873 972 1878 979 “

399 1034 510 1078 nihil
536 1035 582 1078 in
611 1051 682 1079 me
703 1036 966 1095 praecessisse
983 1071 994 1090 ,
1020 1034 1139 1079 unde
1159 1035 1267 1078 mihi
1289 1034 1480 1078 dicerem
1499 1034 1649 1078 deberi
1672 1033 1794 1094 quod

399 1103 572 1149 dedisti.
596 1106 701 1158 Quis
719 1107 835 1149 enim
856 1107 1126 1150 convertitur
1148 1105 1204 1149 ad
1220 1108 1358 1148 Deum
1372 1104 1452 1147 nisi
1470 1104 1525 1147 ab
1538 1104 1793 1164 iniquitate?
1850 1139 1851 1142 η
1877 1116 1887 1164 2

398 1174 495 1232 quis
514 1174 742 1219 redimitur
764 1176 843 1219 nisi
861 1192 885 1220 a
906 1176 1184 1235 captivitate?
1206 1174 1303 1235 quis
1325 1184 1472 1218 autem
1495 1184 1638 1234 potest
1650 1174 1792 1218 dicere

398 1242 603 1300 injustam
626 1244 754 1289 fuisse
765 1245 1062 1301 captivitatem
1078 1260 1201 1288 suam
1215 1279 1226 1296 ‚
1252 1244 1431 1303 quando
1448 1244 1792 1302 deseruitimpe-
1852 1264 1855 1298 j,
1888 1270 1889 1293 3

399 1320 586 1355 ratorem
600 1321 643 1355 et
665 1311 823 1356 defecit
848 1313 904 1356 ad
925 1312 1223 1356 desertorem?
1243 1312 1480 1371 imperator
1502 1312 1618 1356 enim
1647 1315 1761 1356 Deus
1776 1348 1788 1366 ,‚
1852 1339 1854 1382 Ξ
1886 1354 1887 1358 ,

397 1381 591 1426 desertor
612 1381 814 1426 diabolus
840 1401 849 1427 ε
875 1391 1144 1441 praeceptum
1167 1380 1290 1425 dedit
1315 1382 1565 1441 imperator,
1590 1381 1790 1426 fraudem
1852 1402 1855 1403 ⁷

397 1452 608 1510 suggessit
629 1452 854 1496 desertor‘2
876 1471 885 1496 :
911 1452 989 1495 ubi
1003 1467 1127 1496 aures
1151 1461 1239 1496 tuae
1255 1451 1368 1496 inter
1389 1453 1724 1511 praeceptionem
1748 1461 1792 1496 et

398 1520 700 1580 deceptionem
716 1557 726 1576 ‚
741 1521 968 1565 melior-ne
995 1521 1193 1565 diabolus
1216 1537 1349 1582 quam
1374 1525 1488 1566 Deus
1505 1524 1522 1564 ἱ)
1545 1521 1699 1566 melior
1715 1522 1791 1582 qui
1856 1571 1858 1578 y

397 1590 557 1636 defecit
576 1627 587 1647 ‚
613 1608 745 1653 quam
770 1593 846 1652 qui
868 1602 910 1636 te
933 1592 1066 1636 fecit?
1090 1592 1321 1637 Credidisti
1343 1594 1463 1653 quod
1484 1593 1682 1653 promisit
1696 1592 1790 1637 dia-
1852 1645 1857 1655 Ἴ

396 1661 544 1716 bolus,
581 1671 624 1706 et
655 1663 857 1706 invenisti
884 1661 1007 1723 quod
1037 1663 1226 1706 minatus
1248 1671 1312 1707 est
1336 1666 1462 1707 Deus.
1494 1665 1593 1706 Jam
1614 1677 1715 1720 ergo
1739 1678 1790 1706 ex
1854 1667 1858 1688 ·'
1882 1678 1889 1696 ²

395 1732 644 1791 captivitate
666 1731 875 1777 liberatus
893 1768 904 1788 ‚
930 1732 1074 1777 adhuc
1090 1743 1238 1777 tamen
1259 1734 1306 1777 in
1326 1749 1422 1793 spe,
1441 1732 1637 1777 nondum
1656 1733 1702 1777 in
1723 1749 1785 1788 re,

395 1801 624 1846 ambulans
643 1818 719 1862 per
737 1802 869 1847 fidem
886 1838 896 1858 ,
927 1802 1126 1848 nondum
1152 1819 1230 1862 per
1247 1804 1436 1862 speciem
1461 1823 1470 1847 :
1501 1823 1522 1845 «
1546 1806 1681 1858 Deus,
1716 1803 1788 1847 in-

397 1891 416 1913 »
453 1873 570 1932 quit,
597 1872 782 1917 docuisti
797 1889 866 1916 me
888 1889 937 1915 ex
948 1875 1184 1932 juventute
1197 1888 1307 1916 mea.
1332 1891 1352 1913 »
1366 1876 1431 1917 Ex
1451 1889 1540 1933 quo
1554 1888 1788 1918 conversus

393 1958 491 1987 sum
513 1942 568 1987 ad
591 1952 632 1985 te
646 1978 656 1997 ‚
690 1943 922 1986 innovatus
955 1959 979 1986 a
1007 1951 1049 1985 te
1067 1943 1144 2002 qui
1166 1943 1308 1987 factus
1326 1959 1350 1986 a
1371 1952 1414 1987 te
1430 1978 1441 1998 ‚
1466 1953 1683 1987 recreatus
1711 1944 1784 2003 qui

393 2023 561 2058 creatus
579 2049 590 2068 ,
616 2012 874 2057 reformatus
889 2016 964 2073 qui
980 2011 1190 2057 formatus
1216 2033 1224 2057 ε
1251 2029 1302 2056 ex
1323 2029 1412 2073 quo
1426 2029 1656 2057 conversus
1669 2029 1782 2068 sum,

393 2084 523 2128 didici
548 2086 699 2128 merita
728 2100 824 2128 mea
856 2083 978 2127 nulla
1011 2084 1300 2143 praecessisse‚
1339 2083 1415 2128 sed
1452 2084 1634 2142 gratiam
1663 2093 1785 2129 tuam

392 2156 499 2198 mihi
522 2156 651 2214 gratis
668 2156 834 2199 venisse
848 2190 859 2210 ‚
882 2163 930 2199 ut
952 2170 1213 2198 memorarer
1221 2154 1400 2214 justitiae
1418 2163 1506 2198 tuae
1526 2154 1672 2199 solius.

452 2228 533 2268 ΙΙΙ.
569 2225 686 2278 Quid
710 2224 866 2268 deinde
889 2233 986 2284 post
1000 2225 1307 2283 juventutem?
1328 2225 1535 2284 quoniam
1555 2244 1575 2266 «
1590 2225 1784 2269 Docuisti

394 2315 414 2337 »
450 2311 544 2349 me,
572 2296 714 2355 inquit
729 2330 739 2349 ,
771 2311 821 2338 ex
838 2297 1069 2354 juventute
1084 2310 1179 2339 mea
1200 2315 1208 2339 :
1229 2295 1335 2354 quid
1358 2305 1456 2353 post
1472 2296 1747 2354 juventutem
1765 2298 1783 2339 Ξ)

390 2369 442 2410 In
470 2366 562 2425 ipsa
590 2367 705 2409 enim
732 2366 867 2424 prima
892 2365 1173 2409 conversione
1198 2375 1270 2409 tua
1293 2364 1502 2427 didicisti,
1538 2364 1659 2425 quod
1681 2374 1782 2409 ante

390 2437 711 2481 conversionem
725 2437 866 2496 justus
889 2452 978 2480 non
996 2435 1138 2488 fuisti,
1160 2436 1235 2479 sed
1251 2435 1681 2495 praecessitiniquitas
1699 2471 1710 2490 ,
1732 2444 1782 2479 ut

388 2507 564 2567 expulsa
580 2507 808 2566 iniquitate
830 2507 1300 2565 succederetcharitas3
1327 2516 1368 2551 ct
1387 2515 1615 2550 renovatus
1636 2506 1681 2549 in
1695 2521 1777 2550 no-

437 2611 446 2627 ¹
469 2604 547 2636 Psal.
568 2615 641 2646 Lxx,
664 2615 713 2646 ις.
734 2621 775 2626 -
796 2611 808 2626 2
827 2606 903 2637 Gen.
926 2615 958 2644 n,
982 2614 1032 2645 ις,
1053 2607 1085 2635 et
1103 2614 1148 2643 111,
1171 2614 1198 2635 1.
