1889 3285
443 262 684 295 mmmm-no
714 268 762 295 nv
792 263 997 297 PsALMUM
1028 269 1177 297 Lxxw.
1396 256 1478 300 491

106 345 185 374 nos
211 330 396 375 humiles
426 330 529 375 facit
555 350 564 376 ι
588 332 834 392 propinqua
855 332 1114 387 humilibus,
1141 333 1217 394 qui
1247 334 1410 380 recedis
1432 336 1486 380 ab

106 399 295 445 excelsis.
310 401 653 445 Firmamentum
663 411 808 446 autem
822 418 912 447 esse
924 404 1147 447 sententiae
1159 404 1204 447 in
1214 405 1483 464 repetitione,

105 469 254 514 multis
281 471 599 530 Scripturarum
619 471 725 516 locis
745 472 966 517 docemur.
994 472 1104 516 Inde
1125 482 1188 517 est
1202 473 1321 533 quod
1339 475 1487 519 Domi-

104 555 188 584 nus
217 540 275 584 ait
302 558 311 585 ι
339 559 360 582 «
389 543 557 597 Amen,
596 544 755 585 amen1.
772 559 793 583 »
823 541 931 586 Inde
958 542 1003 586 in
1039 541 1256 602 aliquibus
1278 543 1484 599 Psalmis,

109 626 130 653 «
163 608 282 665 Fiat,
307 611 448 655 fiat‘2.»
468 611 537 655 Ad
553 612 909 669 significationem
927 613 989 656 rei
1002 613 1219 657 sufficeret
1232 629 1371 657 unum
1387 615 1483 659 fiat:

105 679 161 725 ad
192 681 546 739 significationem
581 683 794 727 firmitatis
829 683 1004 727 accessit
1041 683 1227 727 alterum
1259 685 1350 728 fiat.
1395 687 1488 728 Rex

103 752 286 812 AEgypti
309 753 474 797 Pharao
494 788 504 808 ,
538 754 671 797 nostis
707 753 827 813 quod
857 770 958 798 cum
979 754 1040 797 ibi
1064 755 1154 814 jam
1188 764 1296 799 esset
1326 755 1487 814 Joseph

103 831 282 881 propter
303 822 525 882 pudicitiae
548 839 737 867 amorem
760 823 952 868 inclusus
979 825 1024 867 in
1045 840 1229 880 carcere,
1249 824 1359 869 vidit
1373 840 1488 869 som-

61 924 64 926 -
104 892 228 936 nium
246 892 362 936 idem
385 892 553 937 Pharao
574 902 729 937 notum
757 894 958 938 omnibus
979 894 1104 938 nobis
1123 930 1134 949 ,
1161 910 1184 938 a
1208 904 1372 954 septem
1393 910 1487 939 ma-

104 961 186 1006 cris
204 971 482 1022 consumptas
499 979 587 1007 esse
615 972 778 1023 septem
800 964 932 1008 boves
963 964 1171 1024 pingues,
1213 974 1256 1008 et
1289 980 1435 1008 rursus
1465 980 1488 1008 a

103 1041 266 1092 septem
290 1033 415 1092 spicis
433 1033 616 1077 exilibus
632 1042 910 1094 consumptas
939 1050 1029 1078 esse
1050 1043 1214 1093 septem
1240 1034 1484 1078 foecundas.

103 1104 161 1147 Et
180 1103 288 1162 quid
311 1112 374 1146 est
390 1103 697 1162 interpretatus
723 1106 747 1147 J
751 1105 883 1163 oseph
901 1106 919 1147 P
944 1104 986 1148 Si
1008 1104 1276 1158 meministis,
1294 1119 1383 1146 non
1400 1102 1488 1147 duo

104 1182 207 1217 sunt
228 1173 307 1216 ista
324 1174 505 1228 somnia,
530 1173 606 1217 sed
630 1174 770 1217 visum
792 1189 946 1217 unum=
977 1176 1108 1217 «Una
1126 1182 1212 1228 est,
1234 1174 1375 1234 inquit
1391 1208 1401 1228 ,
1417 1174 1488 1216 in-

108 1262 128 1284 »
162 1243 413 1301 terpretatio
451 1259 601 1287 eorum
629 1262 638 1287 2
663 1243 735 1287 sed
768 1243 888 1303 quod
926 1259 1071 1286 rursus
1101 1243 1273 1298 vidisti,
1311 1245 1396 1298 ait,
1434 1243 1489 1287 ad

107 1332 128 1356 »
163 1315 537 1359 confirmationem
566 1314 721 1358 valet3.
739 1333 759 1355 »
786 1317 890 1358 Haec
911 1314 1018 1366 dixi,
1049 1323 1100 1358 ut
1120 1330 1207 1358 non
1231 1314 1390 1373 putetis
1425 1329 1491 1358 re-

104 1385 356 1444 petitionem
391 1384 436 1427 in
475 1384 617 1428 verbis
652 1393 811 1428 sanctae
842 1384 1024 1442 linguae,
1061 1385 1183 1444 quasi
1217 1383 1490 1444 loquacitatis

105 1467 195 1499 esse
217 1455 474 1514 appetitum.
505 1456 628 1513 Saepe
648 1455 708 1498 ibi
730 1454 929 1514 repetitio
949 1455 1208 1498 firmamenti
1229 1454 1362 1498 habet
1382 1455 1485 1498 vim.

108 1544 129 1568 «
149 1528 354 1570 Paratum
376 1540 622 1579 cormeum,
640 1528 770 1578 Deus,
789 1524 946 1583 inquit,
963 1533 1162 1582 paratum
1180 1540 1254 1569 cor
1267 1525 1485 1568 meum4.»

34 1594 35 1597 ¹
55 1633 62 1638 .
103 1594 203 1641 Alio
224 1594 321 1640 loco
339 1594 443 1639 dicit
463 1613 471 1639 :
502 1614 521 1636 «
551 1595 721 1639 Sustine
744 1593 1002 1648 Dominum,
1021 1594 1203 1638 viriliter
1225 1610 1319 1653 age,
1336 1604 1378 1638 et
1390 1610 1492 1638 con-

108 1683 130 1708 »
165 1665 351 1711 fortetur
368 1681 442 1710 cor
464 1674 606 1720 tuum,
633 1674 676 1709 et
698 1665 862 1708 sustine
879 1665 1114 1708 Dominum
1129 1667 1160 1707 ⁵.
1184 1683 1206 1706 »
1230 1668 1491 1709 Innumera-

105 1736 210 1780 bilia
237 1735 339 1780 talia
371 1745 474 1780 sunt
508 1751 587 1795 per
618 1746 768 1779 omnes
804 1734 1057 1792 Scripturas.
1084 1734 1160 1778 His
1187 1735 1348 1779 sufficit
1369 1750 1492 1779 com-

105 1805 333 1850 mendasse
361 1822 440 1851 nos
469 1805 595 1850 vobis
616 1804 827 1865 loquendi
850 1819 985 1862 genus
1004 1839 1015 1858 ,
1041 1803 1163 1864 quod
1184 1804 1418 1849 observetis
1445 1806 1493 1849 in

106 1877 308 1921 omnibus
342 1876 553 1921 similibus
581 1895 589 1920 :
615 1874 749 1920 modo
777 1873 831 1918 ad
859 1889 950 1918 rem
974 1873 1187 1918 advertite
1213 1894 1222 1919 z
1251 1894 1271 1917 «
1295 1876 1491 1919 Confite-

109 1959 131 1988 ·»
166 1946 314 1990 bimur
333 1946 441 2001 tibi,
466 1945 630 2005 inquit,
659 1954 702 1989 et
722 1944 1034 1989 invocabimus.
1064 1963 1085 1986 >›
1112 1944 1208 1989 Dixi
1231 1960 1365 2005 quare
1392 1954 1492 1989 ante

106 2016 424 2061 invocationem
440 2015 649 2075 praecedit
665 2015 877 2059 confessio
902 2033 911 2059 :
937 2015 1039 2075 quia
1060 2030 1190 2075 quem
1208 2015 1381 2060 invocas
1394 2051 1404 2071 ,
1419 2016 1492 2059 in-

107 2087 231 2131 vitas.
257 2086 416 2130 Venire
438 2095 582 2130 autem
597 2101 687 2129 non
699 2085 796 2129 vult
810 2085 1048 2140 invocatus,
1069 2086 1103 2128 si
1121 2094 1169 2129 tu
1183 2084 1312 2130 fueris
1325 2085 1486 2131 elatus:

109 2154 247 2202 elatus
274 2157 308 2200 si
347 2155 499 2211 fueris,
536 2155 734 2199 confiteri
755 2171 843 2199 non
866 2156 1036 2214 poteris.
1062 2158 1151 2200 Nec
1183 2170 1233 2199 ea
1253 2171 1383 2215 negas
1400 2159 1491 2201 Deo

108 2243 209 2288 quae
230 2226 378 2270 nescit.
403 2229 557 2286 Itaque
579 2223 791 2271 confessio
813 2233 889 2269 tua
910 2240 999 2269 non
1019 2224 1144 2269 illum
1166 2225 1321 2284 docet3
1355 2226 1431 2270 sed
1447 2234 1491 2270 te

110 2296 308 2342 mundat.

171 2370 246 2412 IV.
282 2370 339 2411 Et
353 2367 441 2426 jam
460 2365 681 2410 confessus
702 2375 765 2410 est
779 2401 790 2421 ,
815 2365 1030 2409 invocavit
1046 2384 1056 2410 ε
1070 2366 1158 2409 imo
1171 2363 1354 2410 confessi
1371 2373 1488 2420 sunt,

111 2438 423 2482 invocaverunt
444 2457 454 2493 3
494 2445 536 2480 et
562 2436 719 2480 dicitur
750 2451 801 2480 ex
824 2450 1005 2495 persona
1026 2435 1154 2479 unius
1181 2454 1190 2479 :
1219 2453 1240 2477 «
1266 2434 1490 2479 Enarrabo

162 2539 170 2554 ¹
192 2534 283 2564 Joan.
304 2542 326 2572 ι,
347 2532 399 2564 51.
417 2549 458 2554 -
477 2539 489 2553 ²
508 2531 587 2562 Psal.
606 2542 693 2572 mn,
717 2542 768 2573 19,
788 2535 821 2562 et
839 2541 991 2570 Lxxxvm,
1007 2529 1060 2561 53.
1080 2545 1123 2552 ἡ
1139 2528 1152 2553 3
1165 2532 1245 2563 Gen.
1266 2540 1334 2570 xm,
1351 2529 1370 2561 3
1383 2533 1415 2562 et
1434 2529 1487 2562 32.

115 2585 185 2616 —4
210 2587 287 2619 Psal.
309 2597 370 2627 tvl,
393 2587 423 2618 8.
442 2604 481 2608 -—
501 2584 515 2609 5
540 2587 585 2619 ld.
610 2597 698 2625 xxm,
723 2586 774 2626 πίῃ.
