<?xml version="1.0" encoding="UTF-8"?>
<!DOCTYPE html PUBLIC "-//W3C//DTD XHTML 1.0 Transitional//EN"
    "http://www.w3.org/TR/xhtml1/DTD/xhtml1-transitional.dtd">
<html xmlns="http://www.w3.org/1999/xhtml" xml:lang="en" lang="en">
 <head>
  <title>
</title>
<meta http-equiv="Content-Type" content="text/html;charset=utf-8" />
  <meta name='ocr-system' content='tesseract 3.04.00' />
  <meta name='ocr-capabilities' content='ocr_page ocr_carea ocr_par ocr_line ocrx_word'/>
</head>
<body>
  <div class='ocr_page' id='page_1' title='image "./operaomniaaccura09auguuoft_0322.png"; bbox 0 0 1889 3285; ppageno 0'>
   <div class='ocr_carea' id='block_1_1' title="bbox 424 248 1370 286">
    <p class='ocr_par' dir='ltr' id='par_1_1' title="bbox 424 248 1370 286">
     <span class='ocr_line' id='line_1_1' title="bbox 424 248 1370 286; baseline -0.005 0"><span class='ocrx_word' id='word_1_1' title='bbox 424 248 508 286; x_wconf 89' lang='lat'>310</span> <span class='ocrx_word' id='word_1_2' title='bbox 857 258 890 285; x_wconf 88' lang='lat' dir='ltr'>s.</span> <span class='ocrx_word' id='word_1_3' title='bbox 926 255 1157 284; x_wconf 72' lang='lat' dir='ltr'>Ancus&#39;rmr</span> <span class='ocrx_word' id='word_1_4' title='bbox 1188 255 1370 282; x_wconf 79' lang='lat' dir='ltr'>EPISCOPI</span> 
     </span>
    </p>
   </div>
   <div class='ocr_carea' id='block_1_2' title="bbox 420 306 1852 380">
    <p class='ocr_par' dir='ltr' id='par_1_2' title="bbox 420 306 1852 380">
     <span class='ocr_line' id='line_1_2' title="bbox 420 306 1852 380; baseline -0.001 -14"><span class='ocrx_word' id='word_1_5' title='bbox 420 323 492 366; x_wconf 90' lang='lat' dir='ltr'>Dei</span> <span class='ocrx_word' id='word_1_6' title='bbox 514 337 579 380; x_wconf 83' lang='lat' dir='ltr'>pl</span> <span class='ocrx_word' id='word_1_7' title='bbox 567 329 655 364; x_wconf 66' lang='lat' dir='ltr'>[cst</span> <span class='ocrx_word' id='word_1_8' title='bbox 659 329 703 364; x_wconf 65' lang='lat' dir='ltr'>«t</span> <span class='ocrx_word' id='word_1_9' title='bbox 729 320 859 373; x_wconf 89' lang='lat' dir='ltr'>Quod</span> <span class='ocrx_word' id='word_1_10' title='bbox 878 334 979 377; x_wconf 85' lang='lat' dir='ltr'>ergo</span> <span class='ocrx_word' id='word_1_11' title='bbox 994 319 1040 363; x_wconf 91' lang='lat' dir='ltr'>in</span> <span class='ocrx_word' id='word_1_12' title='bbox 1063 321 1185 379; x_wconf 85' lang='lat' dir='ltr'>pejus</span> <span class='ocrx_word' id='word_1_13' title='bbox 1205 319 1360 363; x_wconf 88' lang='lat' dir='ltr'>mutati</span> <span class='ocrx_word' id='word_1_14' title='bbox 1375 334 1551 375; x_wconf 87' lang='lat' dir='ltr'>sumus,</span> <span class='ocrx_word' id='word_1_15' title='bbox 1576 319 1700 364; x_wconf 89' lang='lat' dir='ltr'>nobis</span> <span class='ocrx_word' id='word_1_16' title='bbox 1714 320 1802 364; x_wconf 85' lang='lat' dir='ltr'>im-</span> <span class='ocrx_word' id='word_1_17' title='bbox 1847 306 1852 380; x_wconf 41' lang='lat' dir='ltr'>i</span> 
     </span>
    </p>
   </div>
   <div class='ocr_carea' id='block_1_3' title="bbox 418 389 1798 453">
    <p class='ocr_par' dir='ltr' id='par_1_3' title="bbox 418 389 1798 453">
     <span class='ocr_line' id='line_1_3' title="bbox 418 389 1798 453; baseline -0.001 -17"><span class='ocrx_word' id='word_1_18' title='bbox 418 402 650 453; x_wconf 83' lang='lat' dir='ltr'>putemus:</span> <span class='ocrx_word' id='word_1_19' title='bbox 665 391 817 450; x_wconf 87' lang='lat' dir='ltr'>qued</span> <span class='ocrx_word' id='word_1_20' title='bbox 807 406 852 434; x_wconf 86' lang='lat' dir='ltr'>m</span> <span class='ocrx_word' id='word_1_21' title='bbox 874 389 1029 434; x_wconf 86' lang='lat' dir='ltr'>melius</span> <span class='ocrx_word' id='word_1_22' title='bbox 1046 398 1381 445; x_wconf 84' lang='lat' dir='ltr'>commutamur,</span> <span class='ocrx_word' id='word_1_23' title='bbox 1395 393 1534 434; x_wconf 89' lang='lat' dir='ltr'>Deum</span> <span class='ocrx_word' id='word_1_24' title='bbox 1555 390 1798 435; x_wconf 86' lang='lat' dir='ltr'>laudemus.</span> 
     </span>
    </p>
   </div>
   <div class='ocr_carea' id='block_1_4' title="bbox 419 460 1855 730">
    <p class='ocr_par' dir='ltr' id='par_1_4' title="bbox 419 460 1855 730">
     <span class='ocr_line' id='line_1_4' title="bbox 423 460 1851 520; baseline 0 -16"><span class='ocrx_word' id='word_1_25' title='bbox 423 483 443 504; x_wconf 91' lang='lat'>«</span> <span class='ocrx_word' id='word_1_26' title='bbox 479 466 563 507; x_wconf 89' lang='lat' dir='ltr'>Pro</span> <span class='ocrx_word' id='word_1_27' title='bbox 600 462 667 506; x_wconf 89' lang='lat' dir='ltr'>his</span> <span class='ocrx_word' id='word_1_28' title='bbox 706 476 809 520; x_wconf 82' lang='lat' dir='ltr'>ergo</span> <span class='ocrx_word' id='word_1_29' title='bbox 851 462 930 504; x_wconf 88' lang='lat' dir='ltr'>iste</span> <span class='ocrx_word' id='word_1_30' title='bbox 973 460 1196 515; x_wconf 87' lang='lat' dir='ltr'>Psalmus,</span> <span class='ocrx_word' id='word_1_31' title='bbox 1240 461 1317 520; x_wconf 91' lang='lat' dir='ltr'>qui</span> <span class='ocrx_word' id='word_1_32' title='bbox 1344 461 1750 505; x_wconf 90' lang='lat' dir='ltr'>commutabuntur</span> <span class='ocrx_word' id='word_1_33' title='bbox 1780 479 1800 502; x_wconf 73' lang='grc' dir='ltr'><strong>υ</strong></span> <span class='ocrx_word' id='word_1_34' title='bbox 1849 483 1851 489; x_wconf 94' lang='grc'><strong><em>·</em></strong></span> 
     </span>
     <span class='ocr_line' id='line_1_5' title="bbox 422 530 1851 591; baseline -0.002 -13"><span class='ocrx_word' id='word_1_35' title='bbox 422 533 548 578; x_wconf 84' lang='lat' dir='ltr'>Unde</span> <span class='ocrx_word' id='word_1_36' title='bbox 569 541 716 577; x_wconf 88' lang='lat' dir='ltr'>autem</span> <span class='ocrx_word' id='word_1_37' title='bbox 742 532 822 576; x_wconf 87' lang='lat' dir='ltr'>ista</span> <span class='ocrx_word' id='word_1_38' title='bbox 851 531 1135 576; x_wconf 83' lang='lat' dir='ltr'>commutatio</span> <span class='ocrx_word' id='word_1_39' title='bbox 1166 530 1282 575; x_wconf 86' lang='lat' dir='ltr'>facta</span> <span class='ocrx_word' id='word_1_40' title='bbox 1301 536 1386 586; x_wconf 78' lang='lat' dir='ltr'>est,</span> <span class='ocrx_word' id='word_1_41' title='bbox 1420 531 1502 575; x_wconf 90' lang='lat' dir='ltr'>nisi</span> <span class='ocrx_word' id='word_1_42' title='bbox 1534 547 1586 575; x_wconf 89' lang='lat' dir='ltr'>ex</span> <span class='ocrx_word' id='word_1_43' title='bbox 1606 531 1805 591; x_wconf 81' lang='lat' dir='ltr'>passione</span> <span class='ocrx_word' id='word_1_44' title='bbox 1850 554 1851 563; x_wconf 31' lang='grc' dir='ltr'>π</span> 
     </span>
     <span class='ocr_line' id='line_1_6' title="bbox 420 602 1855 662; baseline -0.003 -12"><span class='ocrx_word' id='word_1_45' title='bbox 420 604 606 650; x_wconf 83' lang='lat' dir='ltr'><strong>Christi?</strong></span> <span class='ocrx_word' id='word_1_46' title='bbox 625 604 787 648; x_wconf 80' lang='lat' dir='ltr'>Pascha</span> <span class='ocrx_word' id='word_1_47' title='bbox 807 603 949 662; x_wconf 88' lang='lat' dir='ltr'>ipsum</span> <span class='ocrx_word' id='word_1_48' title='bbox 969 602 1102 646; x_wconf 87' lang='lat' dir='ltr'>latine</span> <span class='ocrx_word' id='word_1_49' title='bbox 1126 602 1344 646; x_wconf 86' lang='lat' dir='ltr'>Transitus</span> <span class='ocrx_word' id='word_1_50' title='bbox 1366 602 1692 662; x_wconf 89' lang='lat' dir='ltr'>interpretatur.</span> <span class='ocrx_word' id='word_1_51' title='bbox 1707 604 1806 647; x_wconf 88' lang='lat' dir='ltr'>Non</span> <span class='ocrx_word' id='word_1_52' title='bbox 1850 614 1855 640; x_wconf 62' lang='lat' dir='ltr'>r</span> 
     </span>
     <span class='ocr_line' id='line_1_7' title="bbox 419 671 1851 730; baseline -0.001 -12"><span class='ocrx_word' id='word_1_53' title='bbox 419 683 484 719; x_wconf 88' lang='lat' dir='ltr'>est</span> <span class='ocrx_word' id='word_1_54' title='bbox 508 674 624 717; x_wconf 88' lang='lat' dir='ltr'>enim</span> <span class='ocrx_word' id='word_1_55' title='bbox 646 674 807 717; x_wconf 78' lang='lat' dir='ltr'>Pascha</span> <span class='ocrx_word' id='word_1_56' title='bbox 829 687 1017 730; x_wconf 81' lang='lat' dir='ltr'>graecum</span> <span class='ocrx_word' id='word_1_57' title='bbox 1039 687 1200 716; x_wconf 91' lang='lat' dir='ltr'>nomen</span> <span class='ocrx_word' id='word_1_58' title='bbox 1214 707 1225 727; x_wconf 87' lang='lat'>‚</span> <span class='ocrx_word' id='word_1_59' title='bbox 1249 671 1325 716; x_wconf 85' lang='lat' dir='ltr'>sed</span> <span class='ocrx_word' id='word_1_60' title='bbox 1347 672 1589 716; x_wconf 84' lang='lat' dir='ltr'>hebraeum.</span> <span class='ocrx_word' id='word_1_61' title='bbox 1617 675 1807 716; x_wconf 84' lang='lat' dir='ltr'>Resonat</span> <span class='ocrx_word' id='word_1_62' title='bbox 1850 686 1851 691; x_wconf 55' lang='lat'>¹</span> 
     </span>
    </p>
   </div>
   <div class='ocr_carea' id='block_1_5' title="bbox 418 741 1810 1084">
    <p class='ocr_par' dir='ltr' id='par_1_5' title="bbox 418 741 1810 1084">
     <span class='ocr_line' id='line_1_8' title="bbox 419 741 1807 805; baseline -0.002 -17"><span class='ocrx_word' id='word_1_63' title='bbox 419 743 600 805; x_wconf 86' lang='lat' dir='ltr'>quidem</span> <span class='ocrx_word' id='word_1_64' title='bbox 617 743 662 787; x_wconf 91' lang='lat' dir='ltr'>in</span> <span class='ocrx_word' id='word_1_65' title='bbox 684 758 821 800; x_wconf 82' lang='lat' dir='ltr'>graeca</span> <span class='ocrx_word' id='word_1_66' title='bbox 842 741 992 801; x_wconf 85' lang='lat' dir='ltr'>lingua</span> <span class='ocrx_word' id='word_1_67' title='bbox 1012 741 1255 801; x_wconf 84' lang='lat' dir='ltr'>passionem</span> <span class='ocrx_word' id='word_1_68' title='bbox 1271 777 1283 797; x_wconf 85' lang='lat'>‚</span> <span class='ocrx_word' id='word_1_69' title='bbox 1306 742 1408 802; x_wconf 88' lang='lat' dir='ltr'>quia</span> <span class='ocrx_word' id='word_1_70' title='bbox 1430 749 1563 792; x_wconf 70' lang='grc' dir='ltr'>πασχεὶν</span> <span class='ocrx_word' id='word_1_71' title='bbox 1581 741 1675 786; x_wconf 87' lang='lat' dir='ltr'>Pati</span> <span class='ocrx_word' id='word_1_72' title='bbox 1695 741 1807 785; x_wconf 89' lang='lat' dir='ltr'>dici-</span> 
     </span>
     <span class='ocr_line' id='line_1_9' title="bbox 419 810 1803 872; baseline -0.002 -13"><span class='ocrx_word' id='word_1_73' title='bbox 419 823 523 859; x_wconf 85' lang='lat' dir='ltr'>tur:</span> <span class='ocrx_word' id='word_1_74' title='bbox 556 813 631 858; x_wconf 87' lang='lat' dir='ltr'>sed</span> <span class='ocrx_word' id='word_1_75' title='bbox 659 812 908 858; x_wconf 89' lang='lat' dir='ltr'>consultum</span> <span class='ocrx_word' id='word_1_76' title='bbox 937 813 1163 856; x_wconf 83' lang='lat' dir='ltr'>hebraeum</span> <span class='ocrx_word' id='word_1_77' title='bbox 1188 811 1411 872; x_wconf 88' lang='lat' dir='ltr'>eloquium</span> <span class='ocrx_word' id='word_1_78' title='bbox 1428 846 1439 866; x_wconf 88' lang='lat'>‚</span> <span class='ocrx_word' id='word_1_79' title='bbox 1471 810 1592 855; x_wconf 87' lang='lat' dir='ltr'>aliud</span> <span class='ocrx_word' id='word_1_80' title='bbox 1623 810 1803 856; x_wconf 84' lang='lat' dir='ltr'>indicat.</span> 
     </span>
     <span class='ocr_line' id='line_1_10' title="bbox 419 880 1809 935; baseline -0.003 -7"><span class='ocrx_word' id='word_1_81' title='bbox 419 884 583 929; x_wconf 84' lang='lat' dir='ltr'>Pascha</span> <span class='ocrx_word' id='word_1_82' title='bbox 624 883 855 927; x_wconf 82' lang='lat' dir='ltr'>transitum</span> <span class='ocrx_word' id='word_1_83' title='bbox 899 880 1191 927; x_wconf 81' lang='lat' dir='ltr'>commendat.</span> <span class='ocrx_word' id='word_1_84' title='bbox 1234 880 1364 935; x_wconf 87' lang='lat' dir='ltr'>Quod</span> <span class='ocrx_word' id='word_1_85' title='bbox 1403 880 1630 925; x_wconf 83' lang='lat' dir='ltr'>admonuit</span> <span class='ocrx_word' id='word_1_86' title='bbox 1678 881 1809 924; x_wconf 86' lang='lat' dir='ltr'>etiam</span> 
     </span>
     <span class='ocr_line' id='line_1_11' title="bbox 420 952 1810 1014; baseline -0.004 -14"><span class='ocrx_word' id='word_1_87' title='bbox 420 958 444 1000; x_wconf 87' lang='lat' dir='ltr'><strong>J</strong></span> <span class='ocrx_word' id='word_1_88' title='bbox 449 970 609 999; x_wconf 86' lang='lat' dir='ltr'>oannes</span> <span class='ocrx_word' id='word_1_89' title='bbox 626 954 904 1012; x_wconf 73' lang='lat' dir='ltr'>evangelista,</span> <span class='ocrx_word' id='word_1_90' title='bbox 921 954 997 1014; x_wconf 90' lang='lat' dir='ltr'>qui</span> <span class='ocrx_word' id='word_1_91' title='bbox 1018 953 1272 997; x_wconf 74' lang='lat' dir='ltr'>imminente</span> <span class='ocrx_word' id='word_1_92' title='bbox 1287 952 1500 1012; x_wconf 84' lang='lat' dir='ltr'>passione,</span> <span class='ocrx_word' id='word_1_93' title='bbox 1521 967 1622 996; x_wconf 91' lang='lat' dir='ltr'>cum</span> <span class='ocrx_word' id='word_1_94' title='bbox 1643 952 1810 996; x_wconf 86' lang='lat' dir='ltr'>veniret</span> 
     </span>
     <span class='ocr_line' id='line_1_12' title="bbox 418 1008 1810 1084; baseline -0.004 -14"><span class='ocrx_word' id='word_1_95' title='bbox 418 1025 630 1070; x_wconf 87' lang='lat' dir='ltr'>Dominus</span> <span class='ocrx_word' id='word_1_96' title='bbox 648 1025 703 1068; x_wconf 85' lang='lat' dir='ltr'>ad</span> <span class='ocrx_word' id='word_1_97' title='bbox 719 1040 908 1079; x_wconf 85' lang='lat' dir='ltr'>coenam,</span> <span class='ocrx_word' id='word_1_98' title='bbox 924 1040 1009 1084; x_wconf 82' lang='lat' dir='ltr'>qua</span> <span class='ocrx_word' id='word_1_99' title='bbox 1029 1023 1351 1067; x_wconf 70' lang='lat' dir='ltr'>commendavit</span> <span class='ocrx_word' id='word_1_100' title='bbox 1364 1008 1690 1067; x_wconf 64' lang='lat' dir='ltr'>{aeramentum</span> <span class='ocrx_word' id='word_1_101' title='bbox 1713 1038 1810 1066; x_wconf 85' lang='lat' dir='ltr'>cor-</span> 
     </span>
    </p>
   </div>
   <div class='ocr_carea' id='block_1_6' title="bbox 418 1093 1889 1365">
    <p class='ocr_par' dir='ltr' id='par_1_6' title="bbox 418 1093 1889 1365">
     <span class='ocr_line' id='line_1_13' title="bbox 418 1093 1811 1156; baseline -0.002 -17"><span class='ocrx_word' id='word_1_102' title='bbox 418 1096 535 1156; x_wconf 87' lang='lat' dir='ltr'>poris</span> <span class='ocrx_word' id='word_1_103' title='bbox 557 1105 600 1139; x_wconf 88' lang='lat' dir='ltr'>et</span> <span class='ocrx_word' id='word_1_104' title='bbox 629 1095 847 1154; x_wconf 78' lang='lat' dir='ltr'>sanguinis</span> <span class='ocrx_word' id='word_1_105' title='bbox 865 1095 947 1150; x_wconf 85' lang='lat' dir='ltr'>sui,</span> <span class='ocrx_word' id='word_1_106' title='bbox 971 1095 1029 1138; x_wconf 88' lang='lat' dir='ltr'>ita</span> <span class='ocrx_word' id='word_1_107' title='bbox 1052 1094 1248 1155; x_wconf 86' lang='lat' dir='ltr'>loquitur</span> <span class='ocrx_word' id='word_1_108' title='bbox 1266 1113 1274 1139; x_wconf 79' lang='lat'><em>2</em></span> <span class='ocrx_word' id='word_1_109' title='bbox 1296 1114 1311 1133; x_wconf 74' lang='grc' dir='ltr'>(ι</span> <span class='ocrx_word' id='word_1_110' title='bbox 1330 1094 1441 1139; x_wconf 85' lang='lat' dir='ltr'>Cum</span> <span class='ocrx_word' id='word_1_111' title='bbox 1465 1103 1610 1137; x_wconf 89' lang='lat' dir='ltr'>autem</span> <span class='ocrx_word' id='word_1_112' title='bbox 1623 1093 1811 1137; x_wconf 86' lang='lat' dir='ltr'>venisset</span> 
     </span>
     <span class='ocr_line' id='line_1_14' title="bbox 424 1163 1889 1225; baseline -0.002 -17"><span class='ocrx_word' id='word_1_113' title='bbox 424 1186 444 1208; x_wconf 84' lang='lat'><strong><em>»</em></strong></span> <span class='ocrx_word' id='word_1_114' title='bbox 478 1166 602 1220; x_wconf 85' lang='lat' dir='ltr'>hora,</span> <span class='ocrx_word' id='word_1_115' title='bbox 622 1181 706 1225; x_wconf 86' lang='lat' dir='ltr'>qua</span> <span class='ocrx_word' id='word_1_116' title='bbox 729 1165 931 1208; x_wconf 83' lang='lat' dir='ltr'>transiret</span> <span class='ocrx_word' id='word_1_117' title='bbox 952 1168 1075 1209; x_wconf 89' lang='lat' dir='ltr'>Jesus</span> <span class='ocrx_word' id='word_1_118' title='bbox 1098 1164 1153 1208; x_wconf 89' lang='lat' dir='ltr'>de</span> <span class='ocrx_word' id='word_1_119' title='bbox 1174 1166 1258 1208; x_wconf 88' lang='lat' dir='ltr'>hoc</span> <span class='ocrx_word' id='word_1_120' title='bbox 1279 1163 1446 1208; x_wconf 86' lang='lat' dir='ltr'>mundo</span> <span class='ocrx_word' id='word_1_121' title='bbox 1466 1163 1522 1207; x_wconf 91' lang='lat' dir='ltr'>ad</span> <span class='ocrx_word' id='word_1_122' title='bbox 1542 1166 1758 1207; x_wconf 86' lang='lat' dir='ltr'>Patrem¹.</span> <span class='ocrx_word' id='word_1_123' title='bbox 1788 1178 1806 1204; x_wconf 56' lang='grc' dir='ltr'><strong>ἠ</strong></span> <span class='ocrx_word' id='word_1_124' title='bbox 1852 1172 1855 1177; x_wconf 69' lang='grc'><strong>“</strong></span> <span class='ocrx_word' id='word_1_125' title='bbox 1886 1184 1889 1210; x_wconf 77' lang='grc'><strong><em>;</em></strong></span> 
     </span>
     <span class='ocr_line' id='line_1_15' title="bbox 419 1233 1889 1296; baseline -0.003 -15"><span class='ocrx_word' id='word_1_126' title='bbox 419 1236 640 1296; x_wconf 81' lang='lat' dir='ltr'>Expressit</span> <span class='ocrx_word' id='word_1_127' title='bbox 660 1250 761 1293; x_wconf 83' lang='lat' dir='ltr'>ergo</span> <span class='ocrx_word' id='word_1_128' title='bbox 795 1236 1024 1279; x_wconf 84' lang='lat' dir='ltr'>transitum</span> <span class='ocrx_word' id='word_1_129' title='bbox 1055 1236 1243 1279; x_wconf 87' lang='lat' dir='ltr'>Paschae.</span> <span class='ocrx_word' id='word_1_130' title='bbox 1277 1235 1362 1279; x_wconf 88' lang='lat' dir='ltr'>Sed</span> <span class='ocrx_word' id='word_1_131' title='bbox 1384 1234 1466 1278; x_wconf 91' lang='lat' dir='ltr'>nisi</span> <span class='ocrx_word' id='word_1_132' title='bbox 1497 1234 1588 1293; x_wconf 88' lang='lat' dir='ltr'>ipse</span> <span class='ocrx_word' id='word_1_133' title='bbox 1609 1233 1812 1277; x_wconf 84' lang='lat' dir='ltr'>transiret</span> <span class='ocrx_word' id='word_1_134' title='bbox 1854 1239 1856 1246; x_wconf 93' lang='lat'>&#39;</span> <span class='ocrx_word' id='word_1_135' title='bbox 1887 1279 1889 1282; x_wconf 14' lang='grc' dir='ltr'><em>Α</em></span> 
     </span>
     <span class='ocr_line' id='line_1_16' title="bbox 418 1303 1889 1365; baseline -0.003 -14"><span class='ocrx_word' id='word_1_136' title='bbox 418 1307 522 1351; x_wconf 88' lang='lat' dir='ltr'>hinc</span> <span class='ocrx_word' id='word_1_137' title='bbox 545 1306 601 1350; x_wconf 90' lang='lat' dir='ltr'>ad</span> <span class='ocrx_word' id='word_1_138' title='bbox 624 1309 817 1360; x_wconf 82' lang='lat' dir='ltr'>Patrem,</span> <span class='ocrx_word' id='word_1_139' title='bbox 841 1305 917 1365; x_wconf 87' lang='lat' dir='ltr'>qui</span> <span class='ocrx_word' id='word_1_140' title='bbox 939 1314 1117 1365; x_wconf 86' lang='lat' dir='ltr'>propter</span> <span class='ocrx_word' id='word_1_141' title='bbox 1138 1321 1215 1349; x_wconf 90' lang='lat' dir='ltr'>nos</span> <span class='ocrx_word' id='word_1_142' title='bbox 1237 1305 1379 1360; x_wconf 82' lang='lat' dir='ltr'>venit,</span> <span class='ocrx_word' id='word_1_143' title='bbox 1405 1320 1482 1348; x_wconf 88' lang='lat' dir='ltr'>nos</span> <span class='ocrx_word' id='word_1_144' title='bbox 1505 1304 1687 1348; x_wconf 87' lang='lat' dir='ltr'>transire</span> <span class='ocrx_word' id='word_1_145' title='bbox 1708 1303 1812 1347; x_wconf 90' lang='lat' dir='ltr'>hinc</span> <span class='ocrx_word' id='word_1_146' title='bbox 1859 1330 1863 1336; x_wconf 90' lang='lat'><strong>·</strong></span> <span class='ocrx_word' id='word_1_147' title='bbox 1887 1324 1889 1329; x_wconf 92' lang='lat'>·</span> 
     </span>
    </p>
   </div>
   <div class='ocr_carea' id='block_1_7' title="bbox 420 1373 1814 1506">
    <p class='ocr_par' dir='ltr' id='par_1_7' title="bbox 420 1373 1814 1506">
     <span class='ocr_line' id='line_1_17' title="bbox 420 1373 1813 1439; baseline -0.004 -17"><span class='ocrx_word' id='word_1_148' title='bbox 420 1377 643 1439; x_wconf 87' lang='lat' dir='ltr'>quomodo</span> <span class='ocrx_word' id='word_1_149' title='bbox 669 1392 889 1437; x_wconf 85' lang='lat' dir='ltr'>possemus</span> <span class='ocrx_word' id='word_1_150' title='bbox 906 1411 916 1431; x_wconf 86' lang='lat'><strong>‚</strong></span> <span class='ocrx_word' id='word_1_151' title='bbox 956 1377 1032 1437; x_wconf 84' lang='lat' dir='ltr'>qui</span> <span class='ocrx_word' id='word_1_152' title='bbox 1060 1392 1149 1420; x_wconf 86' lang='lat' dir='ltr'>non</span> <span class='ocrx_word' id='word_1_153' title='bbox 1182 1385 1359 1435; x_wconf 81' lang='lat' dir='ltr'>propter</span> <span class='ocrx_word' id='word_1_154' title='bbox 1388 1374 1554 1435; x_wconf 87' lang='lat' dir='ltr'>aliquid</span> <span class='ocrx_word' id='word_1_155' title='bbox 1575 1373 1813 1418; x_wconf 86' lang='lat' dir='ltr'>levandum</span> 
     </span>
     <span class='ocr_line' id='line_1_18' title="bbox 421 1442 1814 1506; baseline -0.004 -14"><span class='ocrx_word' id='word_1_156' title='bbox 421 1447 740 1500; x_wconf 71' lang='lat' dir='ltr'>descendimus,</span> <span class='ocrx_word' id='word_1_157' title='bbox 757 1448 831 1492; x_wconf 87' lang='lat' dir='ltr'>sed</span> <span class='ocrx_word' id='word_1_158' title='bbox 851 1447 1117 1491; x_wconf 75' lang='lat' dir='ltr'>cecidimus?</span> <span class='ocrx_word' id='word_1_159' title='bbox 1140 1450 1235 1506; x_wconf 86' lang='lat' dir='ltr'>Ipse</span> <span class='ocrx_word' id='word_1_160' title='bbox 1257 1455 1402 1490; x_wconf 86' lang='lat' dir='ltr'>autem</span> <span class='ocrx_word' id='word_1_161' title='bbox 1425 1461 1515 1489; x_wconf 90' lang='lat' dir='ltr'>non</span> <span class='ocrx_word' id='word_1_162' title='bbox 1536 1443 1713 1502; x_wconf 78' lang='lat' dir='ltr'>cecidit3</span> <span class='ocrx_word' id='word_1_163' title='bbox 1737 1442 1814 1487; x_wconf 89' lang='lat' dir='ltr'>sed</span> 
     </span>
    </p>
   </div>
   <div class='ocr_carea' id='block_1_8' title="bbox 421 1516 1866 1578">
    <p class='ocr_par' dir='ltr' id='par_1_8' title="bbox 421 1516 1866 1578">
     <span class='ocr_line' id='line_1_19' title="bbox 421 1516 1866 1578; baseline -0.002 -15"><span class='ocrx_word' id='word_1_164' title='bbox 421 1519 661 1573; x_wconf 74' lang='lat' dir='ltr'>descendit,</span> <span class='ocrx_word' id='word_1_165' title='bbox 677 1528 726 1562; x_wconf 89' lang='lat' dir='ltr'>ut</span> <span class='ocrx_word' id='word_1_166' title='bbox 739 1534 839 1562; x_wconf 90' lang='lat' dir='ltr'>eum</span> <span class='ocrx_word' id='word_1_167' title='bbox 855 1519 930 1578; x_wconf 89' lang='lat' dir='ltr'>qui</span> <span class='ocrx_word' id='word_1_168' title='bbox 948 1518 1162 1562; x_wconf 85' lang='lat' dir='ltr'>ceciderat</span> <span class='ocrx_word' id='word_1_169' title='bbox 1175 1517 1436 1561; x_wconf 88' lang='lat' dir='ltr'>sublevaret.</span> <span class='ocrx_word' id='word_1_170' title='bbox 1452 1516 1672 1560; x_wconf 85' lang='lat' dir='ltr'>Transitus</span> <span class='ocrx_word' id='word_1_171' title='bbox 1691 1530 1809 1574; x_wconf 87' lang='lat' dir='ltr'>ergo,</span> <span class='ocrx_word' id='word_1_172' title='bbox 1860 1527 1866 1532; x_wconf 71' lang='grc'>“’</span> 
     </span>
    </p>
   </div>
   <div class='ocr_carea' id='block_1_9' title="bbox 422 1586 1814 1645">
    <p class='ocr_par' dir='ltr' id='par_1_9' title="bbox 422 1586 1814 1645">
     <span class='ocr_line' id='line_1_20' title="bbox 422 1586 1814 1645; baseline -0.004 -11"><span class='ocrx_word' id='word_1_173' title='bbox 422 1600 465 1634; x_wconf 87' lang='lat' dir='ltr'>et</span> <span class='ocrx_word' id='word_1_174' title='bbox 486 1589 616 1643; x_wconf 77' lang='lat' dir='ltr'>illius,</span> <span class='ocrx_word' id='word_1_175' title='bbox 634 1599 677 1633; x_wconf 90' lang='lat' dir='ltr'>et</span> <span class='ocrx_word' id='word_1_176' title='bbox 694 1598 855 1641; x_wconf 66' lang='lat' dir='ltr'>noster,</span> <span class='ocrx_word' id='word_1_177' title='bbox 873 1589 975 1633; x_wconf 87' lang='lat' dir='ltr'>hinc</span> <span class='ocrx_word' id='word_1_178' title='bbox 994 1589 1048 1633; x_wconf 91' lang='lat' dir='ltr'>ad</span> <span class='ocrx_word' id='word_1_179' title='bbox 1067 1591 1238 1632; x_wconf 84' lang='lat' dir='ltr'>Patrem</span> <span class='ocrx_word' id='word_1_180' title='bbox 1254 1609 1263 1644; x_wconf 80' lang='lat'><em>3</em></span> <span class='ocrx_word' id='word_1_181' title='bbox 1281 1587 1336 1632; x_wconf 91' lang='lat' dir='ltr'>de</span> <span class='ocrx_word' id='word_1_182' title='bbox 1353 1589 1437 1632; x_wconf 94' lang='lat' dir='ltr'>hoc</span> <span class='ocrx_word' id='word_1_183' title='bbox 1458 1586 1626 1635; x_wconf 85' lang='lat' dir='ltr'>mundo</span> <span class='ocrx_word' id='word_1_184' title='bbox 1646 1586 1702 1630; x_wconf 89' lang='lat' dir='ltr'>ad</span> <span class='ocrx_word' id='word_1_185' title='bbox 1721 1601 1814 1645; x_wconf 53' lang='lat' dir='ltr'>rega</span> 
     </span>
    </p>
   </div>
   <div class='ocr_carea' id='block_1_10' title="bbox 422 1644 1879 2138">
    <p class='ocr_par' dir='ltr' id='par_1_10' title="bbox 422 1644 1879 2138">
     <span class='ocr_line' id='line_1_21' title="bbox 422 1644 1870 1714; baseline -0.003 -10"><span class='ocrx_word' id='word_1_186' title='bbox 422 1676 530 1704; x_wconf 87' lang='lat' dir='ltr'>num</span> <span class='ocrx_word' id='word_1_187' title='bbox 560 1659 799 1714; x_wconf 78' lang='lat' dir='ltr'>coelorum,</span> <span class='ocrx_word' id='word_1_188' title='bbox 832 1659 886 1703; x_wconf 88' lang='lat' dir='ltr'>de</span> <span class='ocrx_word' id='word_1_189' title='bbox 919 1660 1006 1703; x_wconf 85' lang='lat' dir='ltr'>vita</span> <span class='ocrx_word' id='word_1_190' title='bbox 1035 1659 1207 1702; x_wconf 88' lang='lat' dir='ltr'>mortali</span> <span class='ocrx_word' id='word_1_191' title='bbox 1239 1657 1295 1702; x_wconf 88' lang='lat' dir='ltr'>ad</span> <span class='ocrx_word' id='word_1_192' title='bbox 1331 1658 1465 1702; x_wconf 87' lang='lat' dir='ltr'>vitam</span> <span class='ocrx_word' id='word_1_193' title='bbox 1494 1666 1726 1710; x_wconf 80' lang='lat' dir='ltr'>aeternam,</span> <span class='ocrx_word' id='word_1_194' title='bbox 1759 1655 1814 1699; x_wconf 89' lang='lat' dir='ltr'>de</span> <span class='ocrx_word' id='word_1_195' title='bbox 1862 1644 1870 1658; x_wconf 43' lang='lat'>&#39;¹</span> 
     </span>
     <span class='ocr_line' id='line_1_22' title="bbox 424 1725 1873 1786; baseline -0.003 -12"><span class='ocrx_word' id='word_1_196' title='bbox 424 1732 512 1775; x_wconf 87' lang='lat' dir='ltr'>vita</span> <span class='ocrx_word' id='word_1_197' title='bbox 534 1740 705 1774; x_wconf 88' lang='lat' dir='ltr'>terrena</span> <span class='ocrx_word' id='word_1_198' title='bbox 727 1731 782 1774; x_wconf 84' lang='lat' dir='ltr'>ad</span> <span class='ocrx_word' id='word_1_199' title='bbox 802 1730 936 1774; x_wconf 87' lang='lat' dir='ltr'>vitam</span> <span class='ocrx_word' id='word_1_200' title='bbox 970 1728 1194 1773; x_wconf 87' lang='lat' dir='ltr'>coelestem</span> <span class='ocrx_word' id='word_1_201' title='bbox 1211 1763 1222 1784; x_wconf 92' lang='lat'><strong>‚</strong></span> <span class='ocrx_word' id='word_1_202' title='bbox 1254 1727 1309 1772; x_wconf 92' lang='lat' dir='ltr'>de</span> <span class='ocrx_word' id='word_1_203' title='bbox 1333 1728 1422 1772; x_wconf 88' lang='lat' dir='ltr'>vita</span> <span class='ocrx_word' id='word_1_204' title='bbox 1446 1725 1721 1786; x_wconf 86' lang='lat' dir='ltr'>corruptibili</span> <span class='ocrx_word' id='word_1_205' title='bbox 1758 1725 1816 1770; x_wconf 85' lang='lat' dir='ltr'>ad</span> <span class='ocrx_word' id='word_1_206' title='bbox 1871 1775 1873 1778; x_wconf 14' lang='grc' dir='ltr'><em>Α</em></span> 
     </span>
     <span class='ocr_line' id='line_1_23' title="bbox 423 1792 1878 1860; baseline -0.003 -16"><span class='ocrx_word' id='word_1_207' title='bbox 423 1799 801 1860; x_wconf 85' lang='lat' dir='ltr'>incorruptibilem</span> <span class='ocrx_word' id='word_1_208' title='bbox 816 1835 827 1853; x_wconf 82' lang='grc'>,</span> <span class='ocrx_word' id='word_1_209' title='bbox 852 1799 906 1843; x_wconf 88' lang='lat' dir='ltr'>de</span> <span class='ocrx_word' id='word_1_210' title='bbox 930 1798 1266 1842; x_wconf 85' lang='lat' dir='ltr'>tribulationum</span> <span class='ocrx_word' id='word_1_211' title='bbox 1287 1798 1613 1842; x_wconf 86' lang='lat' dir='ltr'>conversatione</span> <span class='ocrx_word' id='word_1_212' title='bbox 1638 1796 1693 1840; x_wconf 90' lang='lat' dir='ltr'>ad</span> <span class='ocrx_word' id='word_1_213' title='bbox 1714 1811 1815 1856; x_wconf 85' lang='lat' dir='ltr'>per-</span> <span class='ocrx_word' id='word_1_214' title='bbox 1868 1792 1878 1843; x_wconf 57' lang='grc' dir='ltr'>ἶ,</span> 
     </span>
     <span class='ocr_line' id='line_1_24' title="bbox 426 1868 1847 1931; baseline -0.003 -16"><span class='ocrx_word' id='word_1_215' title='bbox 426 1880 604 1931; x_wconf 85' lang='lat' dir='ltr'>petuam</span> <span class='ocrx_word' id='word_1_216' title='bbox 627 1871 918 1915; x_wconf 84' lang='lat' dir='ltr'>securitatem.</span> <span class='ocrx_word' id='word_1_217' title='bbox 958 1870 1080 1924; x_wconf 87' lang='lat' dir='ltr'>Ideo,</span> <span class='ocrx_word' id='word_1_218' title='bbox 1118 1888 1134 1909; x_wconf 90' lang='lat'>«</span> <span class='ocrx_word' id='word_1_219' title='bbox 1164 1873 1248 1913; x_wconf 88' lang='lat' dir='ltr'>Pro</span> <span class='ocrx_word' id='word_1_220' title='bbox 1270 1869 1336 1913; x_wconf 91' lang='lat' dir='ltr'>his</span> <span class='ocrx_word' id='word_1_221' title='bbox 1367 1869 1443 1929; x_wconf 89' lang='lat' dir='ltr'>qui</span> <span class='ocrx_word' id='word_1_222' title='bbox 1475 1868 1816 1912; x_wconf 88' lang='lat' dir='ltr'>commutabun-</span> <span class='ocrx_word' id='word_1_223' title='bbox 1843 1919 1847 1923; x_wconf 39' lang='grc'><strong>,</strong></span> 
     </span>
     <span class='ocr_line' id='line_1_25' title="bbox 432 1938 1879 2002; baseline -0.001 -20"><span class='ocrx_word' id='word_1_224' title='bbox 432 1962 450 1983; x_wconf 89' lang='grc'><em>»</em></span> <span class='ocrx_word' id='word_1_225' title='bbox 486 1951 574 1997; x_wconf 81' lang='lat' dir='ltr'>tur,</span> <span class='ocrx_word' id='word_1_226' title='bbox 598 1962 614 1983; x_wconf 90' lang='lat'>»</span> <span class='ocrx_word' id='word_1_227' title='bbox 637 1941 796 1985; x_wconf 80' lang='lat' dir='ltr'>Psalmi</span> <span class='ocrx_word' id='word_1_228' title='bbox 818 1940 970 1984; x_wconf 89' lang='lat' dir='ltr'>titulus</span> <span class='ocrx_word' id='word_1_229' title='bbox 994 1949 1071 1984; x_wconf 87' lang='lat' dir='ltr'>est.</span> <span class='ocrx_word' id='word_1_230' title='bbox 1099 1942 1283 1985; x_wconf 85' lang='lat' dir='ltr'>Causam</span> <span class='ocrx_word' id='word_1_231' title='bbox 1307 1939 1438 1998; x_wconf 81' lang='lat' dir='ltr'>igitur</span> <span class='ocrx_word' id='word_1_232' title='bbox 1464 1938 1816 1983; x_wconf 87' lang='lat' dir='ltr'>commutationis</span> <span class='ocrx_word' id='word_1_233' title='bbox 1877 1987 1879 2002; x_wconf 53' lang='grc' dir='ltr'>Ι</span> 
     </span>
     <span class='ocr_line' id='line_1_26' title="bbox 425 1997 1860 2071; baseline -0.003 -15"><span class='ocrx_word' id='word_1_234' title='bbox 425 2021 610 2067; x_wconf 82' lang='lat' dir='ltr'>nostrae,</span> <span class='ocrx_word' id='word_1_235' title='bbox 637 2012 683 2056; x_wconf 88' lang='lat' dir='ltr'>id</span> <span class='ocrx_word' id='word_1_236' title='bbox 705 2021 767 2056; x_wconf 86' lang='lat' dir='ltr'>est</span> <span class='ocrx_word' id='word_1_237' title='bbox 783 2047 793 2067; x_wconf 77' lang='lat'>‚</span> <span class='ocrx_word' id='word_1_238' title='bbox 819 2011 954 2071; x_wconf 87' lang='lat' dir='ltr'>ipsam</span> <span class='ocrx_word' id='word_1_239' title='bbox 976 2011 1148 2055; x_wconf 88' lang='lat' dir='ltr'>Domini</span> <span class='ocrx_word' id='word_1_240' title='bbox 1167 2011 1410 2070; x_wconf 86' lang='lat' dir='ltr'>passionem</span> <span class='ocrx_word' id='word_1_241' title='bbox 1429 2045 1440 2065; x_wconf 85' lang='lat'>‚</span> <span class='ocrx_word' id='word_1_242' title='bbox 1467 2019 1747 2069; x_wconf 86' lang='lat' dir='ltr'>nostramque</span> <span class='ocrx_word' id='word_1_243' title='bbox 1767 2009 1814 2052; x_wconf 89' lang='lat' dir='ltr'>in</span> <span class='ocrx_word' id='word_1_244' title='bbox 1857 1997 1860 2011; x_wconf 55' lang='lat'><em>⁴</em></span> 
     </span>
     <span class='ocr_line' id='line_1_27' title="bbox 425 2078 1877 2138; baseline -0.003 -12"><span class='ocrx_word' id='word_1_245' title='bbox 425 2082 781 2127; x_wconf 84' lang='lat' dir='ltr'>tribulationibus</span> <span class='ocrx_word' id='word_1_246' title='bbox 802 2098 955 2127; x_wconf 85' lang='lat' dir='ltr'>vocem</span> <span class='ocrx_word' id='word_1_247' title='bbox 982 2081 1027 2125; x_wconf 90' lang='lat' dir='ltr'>in</span> <span class='ocrx_word' id='word_1_248' title='bbox 1051 2090 1171 2125; x_wconf 79' lang='lat' dir='ltr'>textu</span> <span class='ocrx_word' id='word_1_249' title='bbox 1205 2080 1363 2125; x_wconf 89' lang='lat' dir='ltr'>Psalmi</span> <span class='ocrx_word' id='word_1_250' title='bbox 1390 2080 1663 2124; x_wconf 88' lang='lat' dir='ltr'>advertamus</span> <span class='ocrx_word' id='word_1_251' title='bbox 1679 2115 1690 2134; x_wconf 86' lang='lat'>‚</span> <span class='ocrx_word' id='word_1_252' title='bbox 1711 2095 1816 2138; x_wconf 85' lang='lat' dir='ltr'>cog-</span> <span class='ocrx_word' id='word_1_253' title='bbox 1858 2078 1877 2099; x_wconf 71' lang='lat'>²·‘</span> 
     </span>
    </p>
   </div>
   <div class='ocr_carea' id='block_1_11' title="bbox 425 2149 1811 2212">
    <p class='ocr_par' dir='ltr' id='par_1_11' title="bbox 425 2149 1811 2212">
     <span class='ocr_line' id='line_1_28' title="bbox 425 2149 1811 2212; baseline -0.004 -14"><span class='ocrx_word' id='word_1_254' title='bbox 425 2170 673 2208; x_wconf 83' lang='lat' dir='ltr'>noscamus,</span> <span class='ocrx_word' id='word_1_255' title='bbox 707 2154 1099 2212; x_wconf 78' lang='lat' dir='ltr'>congemiscamus3</span> <span class='ocrx_word' id='word_1_256' title='bbox 1133 2162 1175 2196; x_wconf 87' lang='lat' dir='ltr'>et</span> <span class='ocrx_word' id='word_1_257' title='bbox 1208 2151 1454 2202; x_wconf 81' lang='lat' dir='ltr'>audiendo,</span> <span class='ocrx_word' id='word_1_258' title='bbox 1480 2149 1811 2209; x_wconf 81' lang='lat' dir='ltr'>cognoscendo3</span> 
     </span>
    </p>
   </div>
   <div class='ocr_carea' id='block_1_12' title="bbox 425 2220 1872 2284">
    <p class='ocr_par' dir='ltr' id='par_1_12' title="bbox 425 2220 1872 2284">
     <span class='ocr_line' id='line_1_29' title="bbox 425 2220 1872 2284; baseline -0.002 -16"><span class='ocrx_word' id='word_1_259' title='bbox 425 2224 786 2284; x_wconf 81' lang='lat' dir='ltr'>congemiscendo</span> <span class='ocrx_word' id='word_1_260' title='bbox 818 2234 1061 2279; x_wconf 81' lang='lat' dir='ltr'>mutemur,</span> <span class='ocrx_word' id='word_1_261' title='bbox 1088 2233 1138 2268; x_wconf 89' lang='lat' dir='ltr'>ut</span> <span class='ocrx_word' id='word_1_262' title='bbox 1166 2222 1399 2283; x_wconf 85' lang='lat' dir='ltr'>impleatur</span> <span class='ocrx_word' id='word_1_263' title='bbox 1426 2222 1472 2265; x_wconf 89' lang='lat' dir='ltr'>in</span> <span class='ocrx_word' id='word_1_264' title='bbox 1502 2222 1626 2266; x_wconf 86' lang='lat' dir='ltr'>nobis</span> <span class='ocrx_word' id='word_1_265' title='bbox 1655 2220 1814 2266; x_wconf 86' lang='lat' dir='ltr'>titulus</span> <span class='ocrx_word' id='word_1_266' title='bbox 1864 2278 1872 2283; x_wconf 23' lang='lat' dir='ltr'><em>q</em></span> 
     </span>
    </p>
   </div>
   <div class='ocr_carea' id='block_1_13' title="bbox 424 2294 1421 2355">
    <p class='ocr_par' dir='ltr' id='par_1_13' title="bbox 424 2294 1421 2355">
     <span class='ocr_line' id='line_1_30' title="bbox 424 2294 1421 2355; baseline -0.005 -15"><span class='ocrx_word' id='word_1_267' title='bbox 424 2294 610 2340; x_wconf 85' lang='lat' dir='ltr'>Psalmi:</span> <span class='ocrx_word' id='word_1_268' title='bbox 634 2314 651 2335; x_wconf 93' lang='lat'>«</span> <span class='ocrx_word' id='word_1_269' title='bbox 676 2299 759 2340; x_wconf 87' lang='lat' dir='ltr'>Pro</span> <span class='ocrx_word' id='word_1_270' title='bbox 784 2295 849 2339; x_wconf 88' lang='lat' dir='ltr'>his</span> <span class='ocrx_word' id='word_1_271' title='bbox 871 2296 945 2355; x_wconf 90' lang='lat' dir='ltr'>qui</span> <span class='ocrx_word' id='word_1_272' title='bbox 967 2294 1376 2340; x_wconf 85' lang='lat' dir='ltr'>commutabuntur.</span> <span class='ocrx_word' id='word_1_273' title='bbox 1404 2313 1421 2335; x_wconf 91' lang='lat'>»</span> 
     </span>
    </p>
   </div>
   <div class='ocr_carea' id='block_1_14' title="bbox 420 2360 1862 2567">
    <p class='ocr_par' dir='ltr' id='par_1_14' title="bbox 420 2360 1862 2567">
     <span class='ocr_line' id='line_1_31' title="bbox 483 2360 1861 2424; baseline -0.003 -15"><span class='ocrx_word' id='word_1_274' title='bbox 483 2368 562 2410; x_wconf 87' lang='lat' dir='ltr'>III.</span> <span class='ocrx_word' id='word_1_275' title='bbox 590 2360 608 2405; x_wconf 65' lang='grc' dir='ltr'>ἒ(</span> <span class='ocrx_word' id='word_1_276' title='bbox 632 2365 807 2410; x_wconf 89' lang='lat' dir='ltr'>Salvum</span> <span class='ocrx_word' id='word_1_277' title='bbox 825 2381 894 2409; x_wconf 85' lang='lat' dir='ltr'>mc</span> <span class='ocrx_word' id='word_1_278' title='bbox 918 2364 1005 2419; x_wconf 83' lang='lat' dir='ltr'>fac,</span> <span class='ocrx_word' id='word_1_279' title='bbox 1024 2368 1154 2419; x_wconf 84' lang='lat' dir='ltr'>Deus,</span> <span class='ocrx_word' id='word_1_280' title='bbox 1176 2364 1384 2424; x_wconf 88' lang='lat' dir='ltr'>quoniam</span> <span class='ocrx_word' id='word_1_281' title='bbox 1406 2363 1669 2407; x_wconf 89' lang='lat' dir='ltr'>introierunt</span> <span class='ocrx_word' id='word_1_282' title='bbox 1688 2376 1814 2422; x_wconf 81' lang='lat' dir='ltr'>aquae</span> <span class='ocrx_word' id='word_1_283' title='bbox 1858 2374 1861 2424; x_wconf 71' lang='grc' dir='ltr'>ξ</span> 
     </span>
     <span class='ocr_line' id='line_1_32' title="bbox 424 2433 1862 2496; baseline -0.003 -17"><span class='ocrx_word' id='word_1_284' title='bbox 424 2455 444 2477; x_wconf 82' lang='lat'>»</span> <span class='ocrx_word' id='word_1_285' title='bbox 479 2451 617 2496; x_wconf 78' lang='lat' dir='ltr'>usque</span> <span class='ocrx_word' id='word_1_286' title='bbox 635 2435 688 2479; x_wconf 86' lang='lat' dir='ltr'>ad</span> <span class='ocrx_word' id='word_1_287' title='bbox 712 2437 901 2480; x_wconf 84' lang='lat' dir='ltr'>animam</span> <span class='ocrx_word' id='word_1_288' title='bbox 924 2450 1066 2479; x_wconf 89' lang='lat' dir='ltr'>meam</span> <span class='ocrx_word' id='word_1_289' title='bbox 1077 2438 1109 2479; x_wconf 73' lang='lat'>¹2.</span> <span class='ocrx_word' id='word_1_290' title='bbox 1141 2455 1159 2474; x_wconf 89' lang='lat'>»</span> <span class='ocrx_word' id='word_1_291' title='bbox 1186 2436 1381 2478; x_wconf 83' lang='lat' dir='ltr'>Granum</span> <span class='ocrx_word' id='word_1_292' title='bbox 1399 2433 1510 2478; x_wconf 88' lang='lat' dir='ltr'>illud</span> <span class='ocrx_word' id='word_1_293' title='bbox 1523 2442 1587 2477; x_wconf 88' lang='lat' dir='ltr'>est</span> <span class='ocrx_word' id='word_1_294' title='bbox 1608 2442 1812 2477; x_wconf 84' lang='lat' dir='ltr'>contem-</span> <span class='ocrx_word' id='word_1_295' title='bbox 1859 2433 1862 2471; x_wconf 80' lang='grc' dir='ltr'>ἶ</span> 
     </span>
     <span class='ocr_line' id='line_1_33' title="bbox 420 2491 1862 2567; baseline -0.003 -17"><span class='ocrx_word' id='word_1_296' title='bbox 420 2516 547 2565; x_wconf 82' lang='lat' dir='ltr'>ptum</span> <span class='ocrx_word' id='word_1_297' title='bbox 565 2505 718 2560; x_wconf 83' lang='lat' dir='ltr'>modo,</span> <span class='ocrx_word' id='word_1_298' title='bbox 745 2505 865 2567; x_wconf 83' lang='lat' dir='ltr'>quod</span> <span class='ocrx_word' id='word_1_299' title='bbox 890 2505 1063 2549; x_wconf 83' lang='lat' dir='ltr'>videtur</span> <span class='ocrx_word' id='word_1_300' title='bbox 1086 2505 1269 2548; x_wconf 85' lang='lat' dir='ltr'>humiles</span> <span class='ocrx_word' id='word_1_301' title='bbox 1294 2503 1397 2547; x_wconf 88' lang='lat' dir='ltr'>dare</span> <span class='ocrx_word' id='word_1_302' title='bbox 1418 2518 1561 2548; x_wconf 84' lang='lat' dir='ltr'>voces.</span> <span class='ocrx_word' id='word_1_303' title='bbox 1599 2506 1650 2546; x_wconf 91' lang='lat' dir='ltr'>In</span> <span class='ocrx_word' id='word_1_304' title='bbox 1678 2502 1811 2547; x_wconf 88' lang='lat' dir='ltr'>horto</span> <span class='ocrx_word' id='word_1_305' title='bbox 1858 2491 1862 2526; x_wconf 49' lang='grc' dir='ltr'><strong>ἶ</strong></span> 
     </span>
    </p>
   </div>
   <div class='ocr_carea' id='block_1_15' title="bbox 475 2590 1109 2631">
    <p class='ocr_par' dir='ltr' id='par_1_15' title="bbox 475 2590 1109 2631">
     <span class='ocr_line' id='line_1_34' title="bbox 475 2590 1109 2631; baseline 0 -10"><span class='ocrx_word' id='word_1_306' title='bbox 475 2594 591 2622; x_wconf 78' lang='lat' dir='ltr'>¹Joau.</span> <span class='ocrx_word' id='word_1_307' title='bbox 613 2603 685 2631; x_wconf 69' lang='lat' dir='ltr'>xiii,</span> <span class='ocrx_word' id='word_1_308' title='bbox 705 2603 731 2623; x_wconf 85' lang='grc' dir='ltr'>ῐ.</span> <span class='ocrx_word' id='word_1_309' title='bbox 754 2609 795 2613; x_wconf 90' lang='lat'><em>-</em></span> <span class='ocrx_word' id='word_1_310' title='bbox 814 2598 826 2613; x_wconf 77' lang='lat'>2</span> <span class='ocrx_word' id='word_1_311' title='bbox 843 2590 921 2621; x_wconf 64' lang='lat' dir='ltr'>psal.</span> <span class='ocrx_word' id='word_1_312' title='bbox 944 2601 1057 2626; x_wconf 68' lang='lat' dir='ltr'>vam,</span> <span class='ocrx_word' id='word_1_313' title='bbox 1078 2599 1109 2621; x_wconf 70' lang='grc'>’2.</span> 
     </span>
    </p>
   </div>
   <div class='ocr_carea' id='block_1_16' title="bbox 1840 0 1869 513">
    <p class='ocr_par' dir='ltr' id='par_1_16' title="bbox 1840 0 1869 513">
     <span class='ocr_line' id='line_1_35' title="bbox 1840 0 1869 513; baseline 0 0"><span class='ocrx_word' id='word_1_314' title='bbox 1840 0 1869 513; x_wconf 95' lang='lat' dir='ltr'>  </span> 
     </span>
    </p>
   </div>
   <div class='ocr_carea' id='block_1_17' title="bbox 1841 1095 1889 3285">
    <p class='ocr_par' dir='ltr' id='par_1_17' title="bbox 1841 1095 1889 3285">
     <span class='ocr_line' id='line_1_36' title="bbox 1841 1095 1889 3285; baseline 0 0"><span class='ocrx_word' id='word_1_315' title='bbox 1841 1095 1889 3285; x_wconf 95' lang='lat' dir='ltr'> </span> 
     </span>
    </p>
   </div>
   <div class='ocr_carea' id='block_1_18' title="bbox 1847 405 1887 433">
    <p class='ocr_par' dir='ltr' id='par_1_18' title="bbox 1847 405 1887 433">
     <span class='ocr_line' id='line_1_37' title="bbox 1847 405 1887 433; baseline 0 0"><span class='ocrx_word' id='word_1_316' title='bbox 1847 411 1853 433; x_wconf 67' lang='grc' dir='ltr'><strong>ἐ</strong></span> <span class='ocrx_word' id='word_1_317' title='bbox 1879 405 1887 433; x_wconf 70' lang='lat' dir='ltr'>U</span> 
     </span>
    </p>
   </div>
  </div>
 </body>
</html>
