1889 3285
416 251 472 290 40
843 261 877 290 s.
915 263 1144 291 Aucus‘rnvr
1176 260 1359 290 EPISCOPI

411 337 516 372 crat.
545 331 756 372 Tenemus
778 327 924 383 illum,
950 328 1071 372 aiunt
1085 363 1096 382 ‚
1116 326 1438 371 maledictorem
1461 327 1599 385 gentis
1613 333 1789 380 nostrae,

409 399 444 442 si
459 414 536 443 nos
553 399 726 458 jusserit
742 399 953 443 tributum
979 398 1221 458 persolvere
1242 418 1250 442 ε
1276 398 1309 441 si
1331 406 1477 441 autem
1498 396 1679 441 dixerit:
1704 399 1794 441 No-

409 467 484 511 lite
499 467 679 523 solvere,
694 478 891 512 tenemus
904 484 1002 511 eum
1021 467 1140 527 quod
1157 467 1465 512 contradixerit
1476 467 1601 510 nobis
1614 466 1793 510 devotos

409 552 501 581 esse
522 539 691 582 Caesari.
713 537 856 582 Talem
872 538 1090 597 bicipitem
1107 537 1313 598 laqueum
1333 537 1455 597 quasi
1476 536 1688 596 capiendo
1705 539 1794 580 Do-

409 607 529 651 mino
550 617 803 667 posuerunt.
829 607 911 652 Sed
925 607 979 651 ad
996 623 1126 667 quem
1140 609 1374 651 venerant?
1387 607 1471 660 Qui
1489 615 1668 650 noverat
1685 621 1793 651 con-

408 687 545 722 terere
563 678 712 723 dentes
735 695 885 722 eorum
903 680 947 723 in
963 694 1036 723 ore
1050 679 1257 738 ipsorum.
1270 698 1289 720 «
1303 677 1529 722 Ostendite
1541 677 1648 721 mihi
1668 692 1793 721 num-

412 767 432 790 »
467 765 605 804 mum,
621 750 778 810 inquit.
795 750 911 803 Quid
928 766 997 794 me
1010 751 1200 808 tentatis,
1216 750 1458 809 hypocritae
1473 751 1490 793 P
1505 768 1525 790 n
1543 753 1605 794 De
1626 749 1794 793 tributo

409 820 617 864 solvendo
641 822 866 879 cogitatis?
883 821 1092 880 justitiam
1116 820 1257 865 facere
1283 821 1441 865 vultis?
1462 819 1688 865 consilium
1706 821 1796 880 jus-

408 891 513 934 titiae
536 893 757 950 qureritis'?
785 911 804 933 «
831 892 872 936 Si
895 907 994 936 vere
1017 892 1229 951 justitiam
1249 891 1507 952 loquimini,
1533 899 1650 935 recta
1671 890 1793 951 judi—

410 979 430 1001 »
466 970 574 1016 cate,
600 961 676 1005 filii
694 962 936 1006 hominum.
958 981 977 1003 »
1003 965 1129 1007 Nunc
1150 971 1293 1006 autem
1317 962 1419 1022 quia
1439 962 1520 1006 alia
1542 961 1790 1021 loquimini,

406 1029 487 1075 alia
524 1031 747 1091 judicatis,
783 1033 1022 1092 hypocritae
1051 1033 1149 1076 estis
1175 1049 1183 1073 :
1215 1052 1234 1074 «
1268 1033 1383 1085 Quid
1426 1047 1496 1075 me
1534 1032 1741 1075 tentatis?
1769 1049 1790 1072 ))

405 1104 531 1146 Nunc
564 1112 784 1147 conteram
808 1104 958 1148 dentes
980 1113 1144 1148 vostros
1163 1105 1207 1147 in
1227 1119 1300 1148 ore
1323 1112 1492 1148 vestro:
1523 1122 1543 1145 «
1568 1102 1794 1147 Ostendite

408 1191 428 1212 »
464 1174 569 1216 mihi
601 1190 845 1218 nummum.
871 1194 890 1215 n
917 1178 973 1219 Et
995 1174 1402 1219 demonstraverunt
1432 1175 1485 1218 ei.
1523 1177 1580 1218 Et
1603 1173 1675 1217 ille
1703 1189 1794 1218 non

405 1242 508 1287 dicit
529 1263 537 1287 :
561 1245 737 1289 Caesaris
763 1256 826 1290 est
851 1265 858 1290 :
885 1245 960 1289 sed
979 1246 1215 1303 interrogat
1238 1265 1245 1289 ;
1276 1264 1295 1286 «
1321 1246 1454 1305 Cujus
1477 1245 1570 1288 est?
1595 1262 1614 1284 n
1641 1253 1691 1288 ut
1715 1260 1793 1288 eo-

405 1328 501 1355 rum
519 1312 671 1357 dentes
693 1315 736 1357 in
754 1330 826 1358 ore
849 1315 1043 1374 ipsorum
1067 1324 1362 1359 conterantur.
1381 1318 1613 1368 Quaerente
1631 1314 1795 1374 quippe
1858 1300 1860 1319 ⁵

403 1381 479 1426 illo
502 1384 624 1443 cujus
642 1384 823 1429 haberet
844 1385 1075 1443 imaginem
1099 1395 1142 1428 et
1163 1385 1509 1443 inscriptionem,
1532 1383 1596 1427 illi
1618 1384 1798 1428 Caesaris

402 1452 623 1497 dixerunt.
650 1457 745 1498 Jam
775 1471 893 1499 nunc
918 1455 1128 1499 Dominus
1157 1463 1354 1499 conteret
1383 1455 1536 1498 dentes
1565 1470 1715 1498 eorum
1749 1455 1797 1498 in

405 1538 477 1566 ore
500 1524 707 1582 ipsorum.
740 1528 835 1569 Jam
862 1525 1139 1585 respondistis
1158 1562 1168 1580 ,
1201 1527 1291 1585 jam
1315 1526 1490 1570 contriti
1512 1535 1616 1569 sunt
1643 1526 1795 1570 dentes

402 1594 532 1636 vestri
553 1595 598 1637 in
624 1610 696 1638 ore
717 1605 874 1639 vestro.
908 1615 927 1637 «
954 1595 1140 1639 Reddite
1162 1596 1322 1639 Caesari
1345 1612 1444 1656 quae
1467 1597 1645 1649 Caesaris
1663 1605 1765 1640 sunt
1780 1631 1792 1651 ‚

407 1680 427 1702 »
463 1672 504 1705 et
527 1666 616 1707 Deo
638 1680 736 1723 quae
759 1665 835 1707 Dei
853 1667 994 1708 sunt¹.
1015 1683 1034 1705 ³>
1053 1665 1218 1718 Quaerit
1240 1667 1383 1709 Caesar
1399 1666 1632 1723 imaginem
1654 1681 1791 1720 suam,

404 1732 597 1776 reddite:
620 1734 776 1793 quaerit
791 1737 903 1777 Deus
921 1734 1155 1792 imaginem
1176 1750 1313 1789 suam,
1333 1734 1514 1779 reddite.
1532 1738 1627 1779 Non
1641 1737 1795 1794 perdat
1858 1738 1862 1788 ’,

402 1818 451 1845 ex
473 1802 596 1846 vobis
617 1805 759 1847 Caesar
776 1819 1005 1847 nummum
1025 1820 1149 1847 suum
1165 1824 1172 1848 ε
1187 1820 1275 1848 non
1293 1804 1447 1863 perdat
1469 1808 1582 1848 Deus
1600 1806 1645 1848 in
1667 1805 1793 1850 vobis

403 1888 632 1916 nummum
649 1889 791 1916 suum.
810 1877 865 1917 Et
883 1873 1046 1917 illinon
1063 1875 1325 1918 invenerunt
1336 1874 1443 1934 quid
1458 1875 1787 1934 responderent.

403 1943 520 1986 Missi
542 1943 657 1985 enim
688 1952 809 1987 erant
831 1952 880 1986 ut
907 1944 1278 1988 calumniarentur
1315 1946 1353 1988 ei
1377 1965 1385 1988 :
1411 1955 1453 1989 et
1483 1945 1704 1990 redierunt
1724 1946 1793 1991 di-

403 2021 564 2066 centes,
585 2012 705 2072 quod
727 2029 854 2057 nemo
873 2014 1005 2072 possit
1027 2014 1064 2057 ei
1083 2015 1357 2073 respondere.
1381 2015 1534 2059 Unde?
1557 2017 1668 2069 Quia
1686 2033 1794 2062 con-

403 2083 492 2126 triti
515 2092 638 2126 erant
658 2082 807 2127 dentes
831 2099 982 2127 eorum
1004 2084 1049 2127 in
1072 2100 1145 2128 ore
1165 2085 1374 2143 ipsorum.

469 2155 571 2196 ΧΠ.
598 2153 703 2196 Inde
724 2163 845 2197 estet
866 2153 973 2197 illud
998 2174 1006 2198 :
1036 2173 1055 2195 «
1079 2158 1129 2198 In
1147 2170 1231 2214 qua
1252 2164 1466 2214 potestate
1488 2155 1567 2200 ista
1592 2155 1722 2202 facis?
1737 2161 1794 2204 Et
1850 2138 1853 2151 Ι

405 2237 483 2280 ego
502 2223 776 2280 interrogabo
798 2239 873 2267 vos
890 2239 1028 2268 unum
1051 2240 1291 2269 sermonem
1306 2261 1316 2280 ‚
1342 2225 1599 2286 respondete
1622 2228 1743 2272 mihi.
1765 2248 1785 2270 »

404 2296 461 2336 Et
482 2293 759 2349 interrogavit
781 2293 834 2337 de
858 2297 1042 2348 Joanne,
1061 2295 1179 2338 unde
1201 2305 1311 2339 esset
1330 2296 1572 2355 baptismus
1591 2298 1784 2354 Joannis,

405 2362 459 2406 de
482 2361 614 2416 coelo,
642 2378 696 2406 an
719 2378 767 2406 ex
780 2363 1029 2408 hominibus
1047 2384 1055 2408 2
1076 2375 1126 2408 ut
1147 2365 1179 2408 si
1202 2365 1310 2425 quid
1331 2366 1660 2425 responderent,
1682 2384 1789 2413 con-
1847 2423 1849 2427 ¹

405 2441 469 2475 tra
492 2431 587 2476 illos
615 2441 736 2475 esset.
768 2434 1013 2478 Noluerunt
1034 2433 1175 2478 dicere
1202 2453 1251 2477 cx
1279 2436 1556 2490 hominibus,
1590 2437 1786 2482 timentes
1846 2434 1850 2462 ²

404 2504 622 2558 homines,
649 2519 703 2546 ne
719 2503 1016 2563 lapidarentur
1037 2506 1090 2548 ab
1114 2506 1200 2562 eis3
1221 2522 1271 2551 eo
1293 2505 1414 2565 quod
1442 2509 1654 2551 Joannem
1684 2524 1786 2568 pro·
1845 2510 1849 2524 '

454 2596 459 2610 ¹
485 2589 812 2629 Maitt1.xw,17-21.

1856 1465 1860 1474 i

1860 1567 1863 1578 ν
