1889 3285
434 277 675 306 ENARRA'HO
707 279 752 304 IN
785 275 987 305 PsALMtJM
1019 278 1108 304 LIX·
1395 265 1450 303 99

77 363 98 386 »
127 344 340 404 judicium
356 344 533 404 incipiat
552 360 576 388 a
596 344 727 388 domo
749 344 841 388 Dei.
865 361 886 385 »
906 345 962 387 Et
985 342 1215 386 exhortans
1243 344 1454 399 Martyres

74 413 131 467 ad
147 413 418 458 tolerantiam
431 449 442 469 ,
467 429 568 458 cum
587 413 757 458 saeviret
777 412 968 458 mundus
983 448 994 468 ,
1018 427 1118 456 cum
1132 420 1292 469 strages
1314 428 1337 455 a
1358 427 1458 471 per-

74 482 346 530 secutoribus
370 484 545 539 fierent‚
579 498 681 528 cum
712 482 843 542 longe
873 481 1048 543 lateque
1069 481 1240 540 sang-uis
1260 480 1460 525 fidelium

75 552 350 608 funderetur,
375 569 476 598 cum
496 553 543 597 in
565 554 725 598 eatenis
745 589 757 609 ,
780 554 827 597 in
849 553 1113 608 carceribus,
1138 552 1184 595 in
1204 552 1429 597 tormentis
1446 587 1458 607 ‚

77 623 216 669 multa
237 623 348 670 dura
369 623 602 669 Christiani
628 632 882 684 paterentur
905 645 917 682 3
951 638 1006 667 ne
1033 623 1080 667 in
1105 622 1173 667 his
1205 638 1309 681 ergo
1341 621 1461 666 duris

78 694 330 751 deficerent,
347 711 419 740 eos
437 694 677 755 alloquitur
687 698 858 740 Petrus:
875 698 1090 754 «Tempus
1106 702 1170 738 est
1186 703 1236 738 ut
1246 692 1465 754 judicium

82 784 104 808 n
137 766 315 825 incipiat
336 782 360 811 a
381 765 513 811 domo
537 766 614 810 Dei
631 787 641 823 3
665 775 709 811 et
734 767 768 810 si
790 767 967 811 initium
988 782 1012 810 a
1028 766 1153 811 nobis
1171 801 1182 821 ,
1207 764 1348 826 qualis
1365 764 1464 808 finis

83 855 104 880 »
139 837 221 882 erit
241 838 301 882 eis
331 838 408 898 qui
429 854 519 882 non
535 836 722 882 credunt
737 838 817 883 Dei
837 838 1101 896 Evangelio?
1126 847 1171 882 et
1187 838 1222 882 si
1240 838 1383 898 justus
1398 836 1471 881 vix

84 927 105 950 »
141 907 282 953 salvus
304 909 409 965 erit,
430 918 632 969 peccator
649 918 692 953 et
711 909 869 969 impius
893 909 969 953 ubi
999 909 1278 968 parebunt1‘?
1305 926 1326 949 »
1351 906 1471 961 Quid

83 994 186 1038 ergo
207 977 408 1023 futurum
436 989 500 1024 est
526 979 786 1040 injudicio?
814 983 951 1024 Arcus
978 989 1043 1024 est
1071 989 1269 1024 extentus
1289 1015 1303 1034 ‚
1327 977 1473 1023 adhuc

83 1049 130 1094 in
147 1051 484 1096 comminatione
506 1060 570 1096 est
586 1087 597 1106 ,
612 1050 811 1096 nondum
824 1051 868 1095 in
886 1052 1235 1112 praesentatione.
1263 1054 1321 1095 Et
1334 1049 1476 1095 videte

83 1120 193 1181 quid
213 1121 331 1165 sitin
358 1137 475 1166 arcu,
510 1125 665 1167 Nonne
701 1122 856 1181 sagitta
888 1123 934 1166 in
970 1123 1114 1183 priora
1140 1121 1353 1167 mittenda
1381 1121 1474 1165 est?

85 1194 251 1238 Nervus
274 1202 422 1243 tamen
444 1203 558 1238 retro
579 1192 775 1237 tenditur
796 1194 842 1237 in
859 1194 1126 1238 eontrarium
1148 1210 1234 1254 qua
1263 1193 1336 1237 illa
1370 1192 1475 1237 mit-

86 1263 218 1307 tenda
237 1272 301 1307 est
319 1284 330 1320 3
354 1273 397 1308 et
419 1273 585 1324 quanto
606 1263 704 1322 plus
726 1264 824 1307 ierit
860 1265 951 1323 ejus
988 1264 1178 1308 extensio
1206 1273 1442 1308 retrorsum
1461 1298 1473 1318 ,

87 1342 210 1377 tanto
231 1334 392 1393 majore
414 1333 582 1393 impetu
602 1332 676 1377 illa
699 1334 835 1377 currit
855 1334 901 1377 in
919 1334 1078 1393 priora.
1112 1335 1230 1387 Quid
1259 1344 1323 1378 est
1356 1332 1478 1395 quod

89 1403 207 1450 dixi?
228 1407 404 1458 Quanto
425 1405 561 1463 magis
586 1405 788 1449 differtur
798 1404 1015 1466 judicium
1028 1441 1038 1461 ‚
1065 1415 1188 1451 tanto
1207 1407 1370 1466 majore
1391 1406 1478 1450 im-

88 1484 195 1535 petu
205 1485 441 1520 venturum
456 1484 534 1519 est.
547 1477 664 1533 Ergo
674 1484 716 1518 et
725 1474 779 1518 de
792 1475 1104 1535 temporalibus
1123 1477 1480 1522 tribulationibus

91 1546 245 1604 gratias
268 1549 358 1590 Deo
381 1561 578 1603 agamus,
598 1546 700 1606 quia
723 1545 840 1590 dedit
853 1546 972 1606 plebi
986 1562 1075 1592 suae
1089 1548 1447 1606 significationem
1467 1567 1477 1593 ε

95 1636 114 1658 «
142 1620 198 1662 Ut
217 1617 388 1676 fugiant
410 1633 435 1661 a
457 1617 568 1661 facie
590 1633 713 1662 arcus
737 1635 750 1669 ;
776 1635 797 1659 »
818 1627 869 1662 ut
890 1619 1110 1664 exercitati
1135 1619 1284 1664 fideles
1315 1621 1406 1680 ejus
1432 1620 1479 1664 in

92 1688 445 1733 tribulationibus
464 1688 777 1748 temporalibus
793 1725 804 1744 ,
837 1689 958 1749 digni
986 1690 1071 1733 sint
1090 1689 1272 1735 evadere
1293 1690 1479 1735 damna-

88 1760 252 1805 tionem
281 1760 392 1818 ignis
426 1760 599 1815 aeterni,
632 1776 730 1820 quae
752 1761 982 1805 inventura
1013 1771 1075 1806 est
1105 1777 1253 1806 omnes
1285 1763 1362 1823 qui
1396 1763 1478 1807 ista

87 1846 178 1877 non
197 1830 398 1876 credunt.
428 1850 449 1873 (ι
473 1830 637 1875 Dedisti
652 1830 948 1876 metuentibus
965 1840 1007 1876 te
1030 1833 1406 1891 significationem,
1423 1843 1476 1879 ut

90 1921 111 1944 υ
147 1902 319 1961 fugiant
336 1918 360 1946 a
384 1901 493 1946 facie
507 1918 645 1946 arcus.
672 1920 693 1943 n

146 1976 248 2018 VII.
278 1992 298 2015 «
319 1975 376 2017 Ut
395 1981 604 2017 eruantur
623 1972 770 2018 dilecti
799 1974 879 2018 tui.
909 1974 1083 2020 Salvum
1112 1990 1182 2019 me
1209 1976 1278 2020 fac
1301 1976 1477 2021 dextera

89 2063 112 2087 »
146 2053 221 2090 tua
236 2079 249 2100 ‚
268 2054 312 2090 et
333 2044 488 2089 exaudi
501 2060 570 2089 me
585 2047 618 2089 ².
636 2063 656 2087 »
675 2048 857 2090 Dextera
877 2055 968 2102 tua,
993 2047 1193 2104 Domine,
1214 2047 1383 2094 salvum
1403 2064 1475 2094 me

87 2115 156 2160 fac
177 2131 186 2157 ε
212 2115 274 2160 ita
295 2114 464 2160 salvum
485 2130 556 2159 me
581 2114 670 2171 fac,
694 2125 744 2160 ut
776 2116 832 2161 ad
852 2116 1073 2161 dexteram
1094 2127 1218 2163 stem.
1248 2137 1266 2159 «
1298 2118 1477 2164 Salvum

76 2203 112 2228 .»
145 2201 215 2230 me
242 2186 312 2232 fac
343 2187 518 2231 dextera
543 2195 620 2231 tua
641 2206 648 2231 :
673 2204 692 2228 »
718 2203 809 2232 non
831 2187 1015 2233 salutem
1035 2189 1320 2248 temporalem
1348 2199 1474 2250 peto,

86 2257 144 2301 de
174 2258 256 2302 hac
285 2258 361 2302 fiat
389 2257 589 2303 voluntas
622 2267 714 2303 tua.
748 2258 817 2303 Ad
844 2267 1015 2319 tempus
1032 2259 1141 2319 quid
1161 2260 1287 2305 nobis
1308 2262 1475 2321 prosit,

88 2327 261 2387 penitus
280 2329 550 2388 ignoramus:
567 2328 708 2383 «Quid
725 2330 842 2373 enim
858 2345 1030 2374 oremus
1045 2330 1156 2375 sicut
1175 2340 1364 2391 oportet,
1377 2347 1478 2377 nes-

93 2415 114 2441 »
145 2400 305 2444 cimus3
332 2418 376 2444 ε»
402 2401 476 2445 sed
500 2419 518 2441 «
543 2400 719 2445 Salvum
733 2416 802 2444 me
816 2400 884 2445 fac
897 2400 1072 2445 dextera
1094 2410 1167 2446 tua
1181 2437 1192 2458 ‚
1208 2420 1228 2444 >›
1244 2411 1294 2447 ut
1312 2412 1355 2447 et
1375 2403 1409 2447 si
1432 2404 1479 2447 in

91 2478 286 2529 tempore
307 2471 389 2515 isto
415 2470 714 2516 tribulationes
738 2471 902 2532 aliquas
922 2471 1076 2531 patiar,
1096 2481 1312 2518 transacta
1344 2483 1476 2519 nocte

79 2542 288 2587 omnium
308 2542 641 2587 tribulationum
664 2542 719 2587 ad
746 2542 967 2588 dexteram
992 2544 1187 2590 inveniar
1211 2546 1326 2590 inter
1346 2561 1446 2591 oves
1461 2580 1473 2602 ‚

141 2631 150 2648 ¹
174 2636 185 2657 1
203 2627 287 2659 Pelr.
310 2638 355 2668 iv,
379 2638 431 2668 17,
453 2627 505 2659 18.
522 2643 563 2649 ——
580 2633 593 2649 2
611 2626 694 2658 Psal.
715 2638 781 2666 mx,
797 2638 828 2668 7.
849 2645 891 2651 —
907 2626 920 2651 3
940 2630 1030 2660 Rom.
1056 2639 1122 2670 vin,
1141 2629 1196 2662 26.

1228 2684 1269 2724 7.
