1889 3285
415 210 499 250 304
858 218 893 247 s.
930 219 1160 249 AUGUSTINJ
1193 221 1373 249 muscom

413 287 562 331 credat
598 287 643 329 in
677 290 832 330 Deum.
877 286 983 329 Haec
1010 294 1073 330 est
1104 284 1237 341 fides,
1276 286 1329 330 de
1369 299 1455 346 qua
1482 280 1673 332 dicitur:
1704 306 1724 329 α
1751 291 1804 331 ln

418 377 436 397 »
472 355 644 401 Christo
659 356 775 400 enim
798 358 823 400 J
826 370 903 400 esu
926 370 1071 415 neque
1094 356 1364 401 circumcisio
1381 356 1548 417 aliquid
1563 354 1702 412 valet,
1725 372 1804 401 ne-

414 442 435 465 z>
472 440 558 484 que
579 425 868 485 praeputium,
896 423 973 468 sed
998 424 1105 468 fides
1127 441 1226 485 quae
1247 440 1325 484 per
1349 424 1627 470 dilectionem
1652 441 1806 486 opera·
1855 423 1859 434 '

413 511 435 534 »
471 496 587 539 tur1.
613 513 634 536 »
660 498 768 540 Haec
790 503 855 539 est
889 493 997 537 fides
1014 528 1024 548 ‚
1049 494 1105 537 de
1127 510 1213 554 qua
1244 494 1326 554 ipsi
1352 495 1558 540 Ecclesiae
1580 495 1740 540 dicitur
1760 496 1807 539 in

411 564 601 609 Canticis
629 567 900 612 canticorum
928 584 936 608 :
967 583 984 604 (ι
1016 564 1201 620 Venies‚
1234 574 1277 609 et
1303 566 1561 625 pertransies
1594 565 1649 610 ab
1681 565 1806 610 initio
1856 566 1858 570 ’

413 651 434 674 ))
471 634 572 678 fidei
589 639 621 679 ².
651 636 822 680 »Venit
853 633 972 678 enim
1009 643 1219 694 tanquam
1247 650 1399 679 currus
1431 635 1509 679 Dei
1538 636 1583 679 in
1611 634 1807 679 millibus
1856 678 1858 698 τ

409 701 654 748 laetantium
669 740 680 760 ,
700 719 965 765 prosperum
984 704 1067 747 iter
1083 704 1249 748 habens
1265 739 1276 759 ,
1302 713 1345 748 et
1371 704 1619 764 pertransiit
1641 703 1696 748 de
1723 705 1808 749 hoc
1856 703 1859 751 ἶ

410 774 577 819 mundo
602 775 657 819 ad
679 780 856 821 Patrem
876 777 890 802 ³
919 795 928 821 z
951 784 1002 819 ut
1024 777 1100 819 fiat
1115 775 1162 818 in
1174 790 1222 819 ea
1240 775 1360 835 quod
1375 791 1555 835 sponsus
1567 776 1657 835 ipse
1677 775 1804 831 dicit,
1856 782 1859 788 '

409 846 486 906 qui
509 847 677 891 transiit
699 846 753 891 de
775 849 864 892 hoc
886 846 1056 891 mundo
1077 846 1133 890 ad
1155 849 1327 890 Patrem
1349 865 1358 891 ε
1388 866 1407 888 «
1426 846 1537 891 Volo
1560 855 1609 890 ut
1630 845 1709 890 ubi
1729 860 1808 903 ego

411 933 433 957 »
468 932 586 972 sum,
612 926 655 960 et
675 917 746 961 isti
768 918 856 961 sint
870 918 1078 962 mecum4
1099 931 1107 956 :
1131 936 1147 957 »
1184 916 1259 960 sed
1295 916 1350 960 ab
1382 916 1506 960 initio
1543 916 1660 959 fidei.
1700 915 1809 968 Quia
1857 939 1859 953 2

409 1001 512 1045 ergo
534 996 585 1031 ut
610 987 725 1032 bona
756 1003 889 1047 opera
922 994 1180 1048 sequantur,
1214 984 1422 1045 praecedit
1457 984 1564 1029 fides
1585 1005 1596 1043 3
1621 1001 1701 1029 nec
1718 983 1810 1029 ulla

408 1066 511 1100 sunt
533 1058 649 1101 bona
668 1073 798 1117 opera
811 1094 824 1112 ‚
842 1058 926 1103 nisi
946 1075 1046 1118 quae
1062 1065 1307 1117 sequuntur
1319 1055 1638 1115 praecedentem
1652 1054 1806 1099 fidem:
1856 1079 1859 1117 3

409 1127 520 1172 nihil
542 1128 661 1172 aliud
681 1128 857 1173 videtur
881 1131 1052 1175 dictum
1079 1148 1087 1172 :
1120 1147 1140 1169 «
1161 1127 1382 1186 AEthiopia
1394 1126 1632 1186 praeveniet
1652 1141 1807 1171 manus

410 1217 430 1239 »
467 1200 558 1258 ejus
579 1201 691 1254 Deo,
715 1217 736 1239 ι)
757 1199 869 1254 nisi7
897 1198 1120 1257 AEthiopia
1134 1199 1282 1241 credet
1304 1200 1410 1241 Deo.
1439 1198 1508 1241 Sic
1521 1196 1636 1240 enim
1654 1215 1673 1237 «
1692 1200 1810 1240 Prae-
1856 1227 1860 1251 ι

410 1287 430 1310 ι)
466 1269 612 1313 veniet
624 1285 778 1313 manus
801 1270 869 1329 eju
885 1287 926 1324 s,
951 1288 971 1310 »
997 1267 1042 1311 id
1064 1277 1153 1322 est,
1179 1283 1310 1326 opera
1333 1268 1436 1327 ejus.
1464 1267 1620 1326 Cujus,
1645 1266 1725 1310 nisi
1741 1266 1810 1326 ip-

406 1338 492 1382 sius
514 1339 925 1398 AEtl1iopiae?‘Quia
955 1339 1039 1382 hoc
1071 1337 1116 1380 in
1151 1352 1290 1395 graeco
1318 1352 1407 1380 non
1430 1344 1493 1380 est
1522 1335 1806 1394 ambiguum:

407 1428 428 1451 «
453 1410 543 1470 ejus
567 1428 586 1451 »
613 1410 775 1470 quippe
792 1410 853 1454 ibi
893 1408 1129 1453 foeminino
1154 1422 1308 1465 genere
1332 1406 1594 1466 apertissime
1617 1405 1809 1465 positum

403 1489 482 1523 est.
510 1483 572 1524 Ac
593 1496 671 1539 per
690 1481 774 1525 hoc
792 1479 916 1524 nihil
946 1478 1065 1522 aliud
1087 1478 1254 1522 dictum
1280 1487 1368 1533 est,
1394 1492 1527 1537 quam
1552 1476 1809 1535 «AEthiopia

406 1568 426 1590 >›
461 1550 699 1608 przcveniet
716 1566 872 1593 manus
900 1564 999 1591 suas
1021 1552 1110 1592 Deo
1129 1583 1139 1602 ‚
1171 1566 1191 1587 »
1214 1547 1259 1591 id
1281 1557 1344 1591 est
1360 1582 1370 1602 ‚
1390 1546 1809 1591 credendoinDeum

401 1620 641 1678 praevcniet
663 1635 794 1679 opera
810 1635 915 1662 sua.
947 1637 962 1656 «
984 1617 1191 1661 Existimo
1215 1617 1327 1660 enim
1344 1651 1354 1670 ‚
1378 1616 1523 1675 inquit
1540 1615 1772 1674 Apostolus
1793 1650 1804 1670 ‚

404 1706 425 1730 >›
455 1691 683 1749 justificari
710 1690 947 1735 hominem
974 1703 1052 1745 per
1080 1686 1209 1730 fidem
1234 1686 1324 1730 sine
1347 1686 1550 1745 operibus
1573 1686 1713 1744 Legis.
1740 1688 1809 1730 An

401 1776 424 1799 ι)
461 1760 717 1805 Judaeorum
752 1763 871 1804 Deus
911 1758 1124 1799 tantum?
1155 1771 1303 1800 nonne
1324 1765 1367 1799 et
1389 1756 1658 1799 Gentium⁵P
1688 1774 1708 1795 n
1739 1755 1806 1800 Sic

399 1845 501 1888 ergo
524 1832 748 1890 AEthiopia
770 1866 780 1884 ,
809 1825 1105 1889 quae’videtur
1122 1836 1312 1870 extrema
1332 1827 1539 1870 Gentium
1560 1861 1570 1881 ,
1595 1826 1807 1885 justifica-

399 1909 472 1944 tur
493 1915 571 1959 per
590 1900 723 1944 fidem
740 1899 833 1944 sine
859 1896 1071 1959 operi-bus
1089 1896 1230 1955 Legis.
1252 1898 1348 1940 Non
1371 1895 1485 1939 enim
1502 1930 1513 1950 ,
1538 1904 1589 1938 ut
1594 1895 1807 1954 justifice-

398 1980 487 2025 tur,
513 1969 567 2013 de
590 1971 714 2028 Legis
737 1969 948 2029 operibus
973 1967 1189 2029 =gloriatur
1209 1987 1219 2022 3
1245 1982 1324 2010 nec
1345 1966 1560 2025 praeponit
1582 1965 1684 2008 fidei
1715 1980 1806 2009 me-

397 2040 478 2083 rita
495 2055 571 2083 sua
593 2075 603 2095 ⁷
630 2041 705 2084 sed
726 2039 814 2084 fide
836 2038 1058 2099 praevenit
1079 2051 1209 2095 opera
1226 2051 1317 2079 sua.
1344 2035 1494 2079 Plures
1513 2050 1615 2079 sane
1636 2034 1804 2079 codices
1856 2073 1858 2077 .

397 2125 488 2153 non
512 2109 701 2165 habent,
725 2130 746 2151 «
772 2112 930 2154 Manus
952 2132 964 2167 3
985 2107 1059 2154 sed
1075 2143 1086 2162 ,
1109 2120 1288 2149 manum
1316 2124 1325 2149 ε
1353 2103 1509 2164 »quod
1528 2103 1803 2148 tantumdem
1856 2131 1859 2134 <

350 2195 353 2196 ⁷
392 2179 512 2223 valet
534 2215 544 2235 ,
571 2181 778 2240 quoniam
801 2195 881 2240 pro
898 2179 1116 2240 operibus
1136 2175 1323 2235 positum
1346 2183 1423 2218 est.
1449 2173 1626 2218 Mallem
1657 2183 1803 2218 autem

390 2248 520 2293 &atini
546 2251 804 2311 interpretes
833 2251 892 2295 sic
913 2246 1268 2294 transtulissent:
1293 2264 1309 2285 «
1326 2245 1549 2303 AEthiopia
1567 2244 1803 2304 preeveniet
1856 2285 1869 2294 „

392 2337 414 2361 >s
455 2336 606 2366 manus
630 2339 731 2367 suas
747 2359 757 2378 ,
782 2321 852 2366 vel
874 2337 932 2367 me
947 2335 1067 2365 mum
1086 2332 1209 2361 suam
1232 2320 1321 2360 Deo
1343 2333 1386 2359 ι»
1406 2315 1611 2375 quoniam
1630 2314 1801 2374 planius

390 2392 475 2437 hoc
494 2404 627 2451 esset,
654 2410 792 2456 quam
815 2393 938 2454 quod
968 2405 1087 2436 nunc
1109 2389 1274 2433 dictum
1298 2395 1361 2431 est
1381 2422 1391 2441 ,
1414 2406 1433 2427 «
1451 2387 1567 2446 ejus:
1591 2395 1667 2430 »et
1686 2386 1802 2430 salva

438 2495 448 2511 ¹
463 2491 536 2523 Gal.
552 2502 585 2533 v,
601 2493 635 2525 6.
657 2510 699 2517 «-
714 2502 725 2517 ²
747 2493 840 2524 Cant.
859 2499 904 2531 w,
930 2493 970 2531 δ’,
986 2488 1080 2529 juxta
1093 2496 1163 2518 Lxx.
1180 2482 1244 2508 ...3
1263 2486 1356 2517 Joan‚
1377 2494 1444 2525 xm,
1467 2493 1495 2516 1.
1510 2473 1577 2506 -4
1592 2482 1637 2516 Id.
1655 2480 1797 2524 xvima.
1855 2481 1871 2507 «ἶ

1837 2515 1889 2606 ,ῃῑζ

388 2561 429 2569 ·-··
448 2545 462 2570 5
481 2549 570 2581 Rom.
595 2560 640 2591 111,
660 2550 715 2594 28,
735 2552 805 2597 292¹

1883 949 1889 977 [

1882 1091 1889 1116 i

1856 1165 1887 1225 l]

1857 1236 1887 1274 yl

1856 1283 1889 1396 Ῑι

1856 1481 1859 1506 1

1856 1597 1859 1624 ἰ

1856 1625 1859 1649 1

1856 1656 1864 1759 22

1856 1762 1864 1795 a:

1856 1799 1889 1951 3„

1856 1949 1889 2000 't

1856 2018 1889 2060 f*

1856 2086 1889 2112 ·[

1856 2135 1889 2189 3¹5

1856 2197 1889 2247 >k

1856 2429 1889 2478 ,εἷ
