1889 3285
414 275 500 316 204
840 286 872 313 s.
910 281 1140 312 Aucus-nm
1173 284 1355 311 Er1scor1

409 365 540 412 quam
562 348 699 395 multa
716 349 776 393 ibi
797 363 942 403 aurea,
967 346 1043 391 sed
1063 356 1106 392 et
1122 356 1348 406 argentea3
1369 353 1584 406 quantum
1602 343 1792 398 familiae,
1847 338 1852 378 ’-
1884 341 1889 356 ’·

410 430 625 481 quantum
643 420 944 479 jumentorum
961 426 1005 461 et
1022 416 1273 461 animalium
1293 438 1304 474 3
1323 418 1414 476 ipsa
1437 415 1625 474 denique
1643 414 1798 457 domus
1848 414 1855 435 ⁹
1884 410 1889 429 ¹·

411 505 545 550 quam
567 488 753 534 delectet
774 487 968 548 picturiS,
995 501 1225 541 marmore,
1253 485 1546 546 laquearibUS,
1567 482 1796 536 columnis,
1850 539 1851 546 ἵ

410 560 572 619 spatiiS,
598 558 831 615 cubiculis3
857 567 900 602 et
920 556 1221 601 desiderantur
1239 556 1357 610 talia,
1378 555 1453 600 sed
1470 554 1614 598 adhuc
1632 569 1681 597 ex
1694 568 1801 597 con-

412 629 581 675 fusione
601 628 870 687 Babyloniae.
897 631 1087 686 Amputa
1111 626 1255 671 omnia
1277 626 1357 670 ista
1387 624 1596 669 desideria
1615 659 1625 679 ,
1651 639 1677 668 o
1698 622 1800 667 civis
1850 672 1852 677 ¹

413 698 652 744 Jerusalem
673 720 683 756 3
709 697 908 757 amputa!
935 697 969 740 si
991 696 1054 740 vis
1070 695 1225 751 redire,
1251 711 1340 740 non
1360 704 1403 739 te
1419 694 1606 739 delectet
1620 693 1802 753 captivi-
1851 740 1853 745 χ

412 779 492 815 tas,
523 769 711 829 Sedjam
734 767 904 826 coepisti
933 767 1078 811 exire?
1106 766 1195 811 noli
1219 775 1334 811 retro
1356 766 1588 825 respicere,
1619 764 1708 809 noli
1736 778 1804 807 re-
1851 776 1854 782 ·
1887 766 1889 785 ¹

412 855 588 885 manere
606 840 651 883 in
672 839 754 883 via.
780 841 878 884 Non
899 837 1057 883 desunt
1086 838 1228 882 adhuc
1249 838 1394 882 hostes
1416 838 1491 898 qui
1524 837 1603 880 tibi
1625 850 1803 896 persua-

414 911 546 955 deant
558 910 853 970 captivitatcm
863 919 906 953 et
917 910 1306 969 peregrinationem
1321 928 1329 954 2
1340 910 1429 969 jam
1440 923 1529 953 non
1542 906 1805 967 praevaleant

414 996 543 1040 super
568 990 611 1024 te
639 995 856 1025 sermones
888 980 1156 1040 iniquorum.
1190 982 1377 1023 Domum
1408 978 1486 1022 Dei
1514 977 1726 1030 desidera,
1762 984 1806 1019 et

416 1051 531 1097 bona
553 1052 645 1111 ejus
668 1050 823 1095 domus
844 1049 1041 1094 desidera
1068 1069 1077 1094 :
1103 1049 1180 1093 sed
1205 1048 1293 1093 noli
1316 1048 1440 1103 talia,
1467 1047 1611 1108 qualia
1634 1045 1806 1090 deside-

416 1137 510 1166 rare
527 1121 636 1165 soles
657 1120 727 1165 vel
745 1122 791 1165 in
813 1120 944 1165 domo
968 1130 1063 1175 tua,
1089 1119 1159 1164 vel
1181 1120 1225 1163 in
1249 1119 1382 1164 domo
1404 1119 1531 1163 vicini
1554 1118 1644 1172 tui,
1669 1117 1739 1161 vel
1762 1118 1807 1161 in

416 1191 548 1235 domo
569 1191 741 1250 patroni
761 1191 840 1234 tui.
862 1189 995 1235 Aliud
1012 1189 1221 1250 quiddam
1240 1198 1303 1233 est
1314 1189 1480 1233 bonum
1498 1187 1653 1232 domus
1674 1186 1803 1230 illius.

417 1261 534 1315 Quid
555 1277 663 1321 opus
686 1271 750 1306 est
762 1270 811 1305 ut
829 1277 905 1305 nos
920 1260 1112 1305 dicamus
1126 1275 1226 1319 quae
1248 1260 1334 1303 sint
1355 1260 1471 1303 bona
1486 1258 1603 1302 illius
1625 1258 1808 1302 domus?

419 1336 515 1392 lpse
529 1332 691 1377 indicet
708 1333 783 1394 qui
799 1341 946 1377 cantat
956 1332 1098 1375 exiens
1112 1331 1167 1375 de
1180 1330 1419 1388 Babylonia
1436 1350 1444 1375 ε
1467 1349 1486 1372 «
1504 1328 1805 1389 Replebimur,
1854 1331 1856 1346 ³

420 1422 441 1445 »
475 1404 642 1464 inquit,
681 1404 724 1447 in
753 1403 878 1448 bonis
909 1403 1064 1447 domus
1098 1411 1202 1446 tuae.
1242 1420 1262 1442 »
1291 1404 1398 1454 Quae
1427 1409 1529 1444 sunt
1560 1400 1675 1445 bona
1706 1400 1812 1444 ista?

417 1478 704 1520 Erexeramus
727 1473 906 1519 fortasse
929 1490 1003 1518 cor
1031 1472 1086 1518 ad
1110 1488 1281 1527 aurum,
1307 1472 1363 1516 ad
1391 1481 1633 1530 argentum,
1665 1480 1708 1515 et
1724 1487 1811 1515 cae-

419 1556 510 1592 tera
538 1547 723 1606 pretiosa
749 1565 757 1590 :
785 1544 875 1589 noli
897 1544 1000 1589 talia
1022 1560 1231 1605 quaerere,
1261 1545 1341 1587 ista
1367 1552 1599 1603 premunt,
1626 1558 1715 1587 non
1744 1542 1811 1586 le-

418 1625 538 1661 vant.
566 1616 647 1660 Hic
673 1631 775 1674 ergo
797 1616 887 1675 jam
911 1614 1024 1658 bona
1047 1613 1121 1658 illa
1143 1613 1399 1667 Jerusalem,
1424 1613 1539 1657 bona
1559 1612 1633 1656 illa
1656 1612 1812 1656 domus

421 1686 618 1739 Domini,
645 1685 759 1729 bona
787 1684 861 1728 illa
885 1683 1035 1743 templi
1062 1683 1236 1727 Domini
1263 1681 1522 1726 meditemur
1547 1701 1556 1727 z
1582 1682 1683 1742 quia
1712 1698 1812 1742 quae
1856 1698 1859 1726 ι

421 1756 577 1801 domus
599 1755 795 1809 Domini,
821 1755 904 1799 hoc
925 1753 1066 1813 ipsum
1090 1752 1305 1813 templum
1327 1753 1516 1797 Domini.
1547 1772 1568 1795 «
1606 1752 1812 1812 Replebi-

424 1845 444 1867 »
479 1842 579 1870 mur
595 1826 641 1869 in
664 1825 786 1870 bonis
808 1825 965 1869 domus
981 1833 1067 1868 tuae
1090 1844 1098 1869 ε
1116 1833 1313 1868 sanctum
1329 1823 1541 1882 templum
1561 1832 1704 1878 tuum,
1725 1823 1811 1866 mi-
1857 1848 1879 1879 ,ο

420 1916 439 1938 »
475 1896 611 1940 rabile
632 1897 677 1939 in
705 1895 908 1955 justitia¹.
938 1913 957 1935 ³>
987 1898 1072 1939 Ista
1094 1903 1195 1938 sunt
1217 1894 1333 1938 bona
1368 1893 1523 1938 domus
1550 1893 1680 1937 illius.
1713 1895 1812 1938 Non
1856 1925 1860 1934 .

417 1967 548 2011 dixit:
576 1965 806 2025 Templum
835 1974 1032 2009 sanctum
1060 1974 1186 2008 tuum
1204 1999 1215 2018 ‚
1250 1963 1446 2008 mirabile
1481 1964 1528 2007 in
1564 1963 1807 2013 columnis,
1857 2000 1860 2008 .

417 2036 615 2082 mirabile
647 2037 692 2080 in
718 2036 1022 2091 marmoribus,
1054 2035 1249 2078 mirabile
1276 2035 1321 2079 in
1350 2034 1474 2078 tectis
1501 2034 1687 2090 auratis,
1715 2033 1807 2088 sed,
1857 2051 1859 2070 2

423 2128 442 2151 «
476 2107 676 2152 Mirabile
707 2107 753 2151 in
778 2107 959 2167 justitia.
987 2126 1006 2147 »
1043 2107 1186 2150 Habes
1215 2105 1318 2149 foris
1347 2104 1496 2149 oculos
1520 2104 1638 2148 unde
1665 2105 1811 2149 videas
1858 2124 1860 2148 :

418 2194 633 2223 marmora
655 2187 698 2221 et
720 2193 874 2222 aurum
901 2197 909 2222 :
947 2177 1062 2221 intus
1086 2186 1150 2221 est
1172 2175 1324 2221 oculus
1346 2177 1465 2219 unde
1487 2175 1687 2219 videatur
1706 2175 1809 2234 pul-

419 2249 825 2309 chritudojustitiae.
850 2252 988 2302 Intus,
1010 2249 1207 2308 inquam,
1229 2256 1293 2291 est
1309 2246 1460 2291 oculus
1478 2248 1596 2291 unde
1613 2245 1810 2290 videatur
1858 2279 1862 2286 „

419 2319 702 2380 pulchritudo
724 2319 918 2379 justitiae.
961 2319 1002 2364 Si
1050 2317 1170 2362 nulla
1199 2327 1262 2362 est
1290 2316 1573 2376 pulchritudo
1597 2317 1776 2376 justitiae
1794 2351 1805 2369 ,
1860 2331 1861 2334 ’

420 2390 539 2435 unde
573 2399 742 2433 amatur
763 2390 905 2448 justus
933 2390 1090 2433 senex?
1111 2388 1228 2441 Quid
1250 2387 1376 2431 affert
1403 2388 1449 2430 in
1480 2402 1662 2446 corpore
1688 2386 1810 2447 quod

422 2460 570 2506 oculos
592 2459 802 2503 delectet?
824 2462 967 2503 Curva
996 2459 1215 2512 membra,
1252 2457 1441 2502 frontem
1475 2466 1672 2516 rugatam
1691 2492 1701 2511 ,
1734 2472 1808 2501 ca·
1859 2496 1861 2498 ,

422 2541 503 2591 put
523 2530 638 2575 canis
666 2530 883 2583 albatum,
908 2528 1245 2574 imbecillitatem
1279 2527 1476 2587 undique
1505 2526 1690 2587 querelis
1712 2527 1806 2586 ple·
1860 2566 1862 2571 .

473 2621 481 2637 ¹
499 2614 577 2645 psal.
594 2623 677 2652 mxiv,
696 2614 727 2645 6.
