1889 3285
426 228 508 266 288
850 235 881 262 s.
918 234 1150 263 Aueusnm
1182 237 1362 263 EPISCOPI

419 302 551 346 modo
573 315 726 343 currus
753 299 853 353 Dei,
877 299 1132 356 significavit
1150 301 1233 345 hoc
1264 300 1455 344 nomine.
1494 303 1619 344 lianc
1652 301 1806 345 imma-

417 371 564 415 nendo
602 380 645 415 et
680 369 872 429 regendo
905 369 1107 429 perducit
1137 371 1183 414 in
1223 371 1356 414 finem
1388 380 1597 430 tanquam
1630 387 1808 415 currum

414 458 559 497 suum,
575 440 698 486 velut
718 442 764 485 in
785 441 933 486 locum
951 440 1140 501 aliquem
1155 441 1433 485 destinatum.
1455 461 1473 482 «
1492 442 1673 485 Initium
1691 441 1808 485 enim

413 513 628 567 Christus,
645 511 804 555 deinde
826 512 903 571 qui
921 520 1023 555 sunt
1044 512 1203 556 Christi
1216 512 1261 555 in
1277 512 1502 571 praesentia
1520 512 1628 571 ejus,
1650 510 1808 555 deinde

415 600 437 623 »
472 583 614 626 finis1.
644 600 664 622 ι)
692 584 795 626 Haec
826 590 890 625 est
920 590 1067 624 saneta
1088 580 1311 625 Ecclesia:
1344 597 1444 641 quae
1473 590 1574 624 sunt
1596 580 1717 641 quod
1737 596 1807 625 se-

413 654 592 714 quitur:
619 673 638 695 «
663 652 798 697 Miltia
827 650 1087 696 laetantium.
1122 655 1205 712 Spe
1226 652 1343 696 enim
1373 661 1477 696 sunt
1499 651 1735 709 gaudentes
1753 686 1764 707 ‚
1783 669 1804 693 ι)

412 724 553 768 donec
584 722 882 782 perducantur
912 722 958 765 in
979 722 1112 765 finem
1133 742 1144 780 3
1170 737 1302 782 quem
1329 737 1448 766 nunc
1474 731 1706 781 expectant
1731 737 1808 781 per
1832 755 1842 764 .

413 794 667 854 patientiam
681 797 713 837 ².
741 793 923 837 Mirifice
959 802 1128 847 autem,
1165 808 1265 837 cum
1292 791 1467 836 dixisset
1490 812 1498 836 ;
1529 811 1546 832 «
1573 791 1710 836 Miltia
1730 792 1808 835 lae-

414 883 436 907 »
472 866 657 909 tantium
683 884 691 909 :
718 883 737 905 »
764 864 975 908 continuo
1003 863 1206 924 subjecit,
1232 863 1480 907 «Dominus
1511 863 1557 905 in
1578 862 1677 907 illis.
1702 881 1722 904 »
1744 865 1808 909 Ne
1863 854 1866 861 ³

411 935 621 979 miremur
653 934 775 995 quod
806 933 1042 988 laetentur,
1083 952 1102 974 «
1128 933 1337 977 Dominus
1371 933 1417 975 in
1455 931 1554 976 illis.
1589 935 1699 977 Nam
1730 947 1808 991 per

414 1024 435 1047 >›
472 1004 632 1049 multas
665 1004 970 1048 tribulationes
1011 1012 1183 1063 oportet
1227 1018 1305 1047 nos
1339 1003 1518 1046 introire
1546 1002 1591 1045 in
1625 1017 1809 1061 regnum

417 1094 437 1116 n
475 1076 554 1120 Dei
571 1077 603 1130 3,
645 1095 662 1116 »
695 1074 769 1118 sed
785 1110 795 1130 ‚
836 1094 851 1114 «
888 1076 1099 1118 Dominus
1135 1073 1182 1116 in
1216 1072 1314 1116 illis.
1353 1091 1373 1113 »
1416 1072 1521 1116 Ideo
1557 1073 1636 1116 etsi
1677 1081 1805 1127 sunt,

418 1166 437 1187 ι(
473 1146 604 1198 Quasi
631 1146 773 1189 tristes
790 1180 801 1200 ,
828 1160 998 1204 semper
1019 1153 1166 1188 tamen
1189 1143 1427 1202 gaudentes
1442 1144 1474 1198 4,
1499 1161 1518 1183 »
1544 1158 1625 1186 nec
1650 1142 1737 1202 jam
1761 1142 1808 1186 in

412 1217 507 1276 ipso
530 1218 616 1260 fine
631 1232 720 1276 quo
736 1215 934 1260 nondum
953 1224 1183 1270 venerunt,
1207 1213 1322 1259 «Sed
1339 1229 1414 1273 spe
1431 1223 1533 1258 sunt
1551 1212 1805 1272 gaudentes,

417 1303 437 1326 »
474 1297 517 1327 et
538 1287 584 1326 iu
605 1286 890 1328 tribulatione
914 1286 1127 1341 patientes
1142 1288 1178 1322 5:
1208 1304 1228 1323 »
1255 1286 1463 1341 quoniam
1485 1304 1501 1325 «
1529 1285 1739 1329 Dominus
1761 1284 1807 1327 in

417 1373 438 1396 »
473 1353 577 1408 illis,
604 1355 649 1396 in
675 1354 776 1397 Sina
797 1352 844 1395 in
866 1361 1030 1396 sancto.
1056 1371 1075 1393 »
1099 1355 1151 1396 In
1176 1353 1405 1396 nominum
1428 1352 1714 1397 Hebraeorum
1734 1353 1805 1396 in-

414 1423 800 1484 terpretationibus
828 1423 1071 1467 invenimus
1096 1423 1196 1467 Sina
1218 1422 1492 1481 interpretari
1517 1422 1772 1466 mandatum
1793 1442 1802 1467 :

415 1505 460 1539 et
482 1494 565 1538 alia
581 1493 784 1553 quaedam
806 1493 1133 1552 interpretatur⁷
1159 1492 1234 1536 sed
1256 1493 1339 1536 hoe
1361 1502 1469 1552 puto
1487 1493 1689 1552 praesenti
1709 1493 1806 1538 loco

415 1566 558 1624 aptius
576 1564 823 1608 convenire.
850 1562 1054 1607 Reddens
1073 1563 1188 1606 enim
1207 1578 1380 1606 causam
1398 1578 1532 1622 quare
1553 1562 1807 1607 laetarentur

414 1634 487 1678 illa
509 1634 660 1689 millia,
687 1633 846 1693 quibus
863 1642 1031 1677 constat
1053 1648 1205 1676 currus
1221 1633 1323 1676 Dei:
1352 1652 1370 1674 «
1394 1633 1619 1688 Dominus,
1644 1634 1802 1694 inquit,

418 1722 440 1745 ))
476 1703 644 1758 inillis,
669 1704 715 1746 in
736 1704 836 1747 Sina
855 1704 899 1746 in
921 1711 1096 1747 saneto:
1120 1720 1140 1743 ι)
1166 1701 1212 1746 id
1234 1712 1317 1757 est,
1344 1703 1554 1747 Dominus
1570 1704 1616 1746 in
1635 1702 1739 1758 illis,
1759 1704 1806 1748 in

414 1774 649 1831 mandato3
675 1776 796 1833 quod
818 1772 1074 1816 mandatum
1091 1781 1290 1816 sanctum
1313 1781 1391 1827 est,
1418 1773 1530 1816 sicut
1552 1773 1806 1832 dicitApos-

415 1844 552 1889 tolus:
578 1864 598 1886 «
621 1847 774 1904 ltaque
789 1842 858 1886 lex
880 1842 1058 1903 quidem
1076 1852 1244 1891 sancta,
1266 1851 1309 1885 et
1325 1842 1580 1887 mandatum
1605 1852 1805 1887 sanctum

418 1933 438 1956 ι)
474 1923 517 1958 et
534 1915 703 1974 justum
724 1923 768 1957 et
787 1914 954 1956 bonum
970 1913 1001 1954 ⁰.
1021 1930 1040 1952 »
1060 1912 1144 1956 Sed
1157 1912 1263 1971 quid
1284 1911 1507 1971 prodesset
1523 1912 1800 1969 mandatum,

414 1984 497 2029 nisi
519 1984 727 2027 Dominus
756 1983 819 2026 ibi
846 1991 979 2036 esset,
1011 1982 1066 2025 de
1097 1998 1184 2042 quo
1208 1982 1366 2026 dicitur
1389 2003 1398 2028 ;
1428 1986 1582 2028 «Deus
1607 1985 1722 2028 enim
1741 1993 1805 2027 est

416 2074 438 2096 »
475 2054 551 2114 qui
570 2063 773 2113 operatur
787 2054 832 2097 in
851 2053 975 2097 vobis
998 2062 1040 2096 et
1067 2052 1179 2096 velle
1207 2062 1250 2096 et
1279 2054 1446 2113 operari
1475 2067 1553 2110 pro
1584 2055 1700 2096 bona
1720 2069 1802 2098 vo-

420 2147 438 2167 »
474 2125 644 2169 luntate
661 2127 706 2166 ⁷?
723 2144 742 2166 »
764 2127 874 2169 Nam
896 2124 1152 2167 mandatum
1174 2123 1265 2164 sine
1286 2121 1458 2165 Domini
1481 2122 1699 2182 adjutorio
1726 2123 1822 2167 lit-¹

415 2205 506 2239 tera
529 2204 594 2238 est
615 2193 816 2238 occidens
833 2196 863 2237 ὃ.
896 2212 916 2235 «
941 2196 1028 2235 Lex
1051 2191 1165 2234 enim
1186 2191 1462 2243 subintravit,
1488 2200 1538 2235 ut
1560 2192 1804 2237 abundaret

378 2269 382 2273 ’
418 2283 439 2305 »
475 2264 728 2308 delictum9.
756 2282 774 2302 »
814 2261 898 2307 Sed
925 2260 1131 2320 quoniam
1157 2280 1177 2301 «
1204 2259 1434 2304 Plenitudo
1462 2262 1586 2320 Legis
1618 2263 1802 2308 charitas

417 2352 438 2375 ι)
475 2336 600 2388 est10‚
624 2352 644 2373 ι)
670 2331 768 2376 ideo
790 2347 867 2391 per
889 2330 1144 2375 charitatem
1166 2332 1253 2373 Lex
1281 2330 1503 2389 impletur,
1529 2347 1618 2375 non
1641 2347 1717 2392 per
1746 2334 1802 2377 ti-

464 2455 473 2471 ¹
504 2460 517 2480 1
538 2450 611 2481 Cor.
629 2458 693 2488 xv,
717 2447 772 2487 23,
791 2445 844 2488 ¹24.
865 2463 906 2467 —
926 2452 939 2468 ²
958 2447 1050 2478 Rom.
1076 2456 1151 2486 vni,
1171 2444 1224 2477 25.
1248 2462 1287 2467 —
1305 2443 1318 2467 3
1337 2447 1407 2477 Act.
1428 2457 1502 2488 xiv,
1522 2455 1574 2478 21.
1593 2445 1662 2476 —4
1686 2456 1706 2479 2
1724 2450 1798 2480 Gor.

414 2516 461 2547 vi,
483 2515 534 2538 10.
556 2520 597 2526 --
619 2502 633 2526 5
648 2506 739 2535 Rom.
758 2513 814 2543 κη,
836 2510 886 2534 12.
914 2500 1051 2534 —61d.
1073 2512 1127 2542 vn,
1151 2510 1200 2533 12.
1225 2519 1264 2524 —
1284 2509 1297 2534 7
1324 2502 1436 2545 Philip.
1457 2514 1494 2545 ιι,
1518 2503 1568 2536 13.
1590 2520 1631 2526 —-
1655 2502 1670 2526 8
1688 2513 1707 2536 2
1725 2507 1796 2538 Cor.

415 2573 464 2603 ιιι,
477 2561 512 2593 G.
534 2576 576 2583 ·-
594 2567 609 2592 9
627 2562 718 2592 Rom.
739 2570 773 2600 v,
789 2568 842 2591 20.
861 2574 903 2581 ·-
924 2564 954 2580 ¹0
969 2557 1015 2590 Id.
1033 2568 1103 2598 xm,
1127 2568 1176 2590 10.
