1889 3285
446 267 686 299 ENARRATIO
719 273 765 299 m
796 271 998 300 PsALMUM
1030 274 1117 299 ΠΧ.
1391 264 1467 299 101

95 335 170 379 bct
190 335 308 379 unde
335 336 479 380 saciat.
506 336 623 389 Quid
643 352 746 395 ergo
774 337 893 381 times
924 352 979 381 ne
1000 335 1253 396 decipiaris?
1269 337 1390 396 Opus
1412 347 1475 382 θεῖ

96 416 146 451 ut
163 416 211 451 tu
225 416 267 450 te
284 422 374 451 non
392 407 578 466 decipias
595 442 605 462 ,
620 417 662 451 θῖ
690 423 934 467 perseveres
962 423 1099 468 usquc
1127 408 1172 450 in
1194 408 1347 463 finem,
1373 424 1475 453 cum

95 477 276 522 daturus
298 487 361 521 θεῖ
387 478 506 537 quod
523 478 733 537 promisit.
764 498 784 521 ‹<
809 482 922 524 Deus
943 478 1114 523 locutus
1148 486 1212 522 est
1246 477 1291 521 in
1326 488 1476 524 sancto

98 565 120 590 »
154 564 246 593 suo.
268 566 288 589 »
302 551 354 592 In
375 564 463 608 quo
485 568 503 588 «
525 551 681 593 Sancto
691 565 768 594 suo
783 551 800 591 ⁶?
818 553 930 595 Deus
950 559 1040 594 erat
1061 549 1107 592 in
1125 548 1296 594 Christo
1310 583 1321 604 ‚
1346 565 1477 593 mun-

98 637 120 661 »
154 619 261 663 dum
278 617 558 664 reconcilians
580 619 707 663 sibi1.
737 640 755 662 ›·›
780 623 832 664 In
853 629 1001 665 sancto
1028 618 1102 663 illo
1119 654 1130 674 ,
1161 617 1216 663 de
1251 634 1339 679 quo
1374 618 1478 664 alibi

95 688 272 734 audistis
294 708 302 734 :
332 709 353 732 ι(
376 692 490 734 Deus
512 689 558 734 in
591 699 739 735 sancto
760 691 830 735 via
862 693 982 735 tua2.
1016 692 1132 734 Deus
1161 690 1334 734 locutus
1351 690 1477 734 estin

96 779 117 802 n
150 769 298 806 sancto
320 761 640 816 suo.Laetabor,
657 770 700 805 et
721 762 912 807 dividam
933 761 1180 807 Sichimam.
1199 781 1216 802 »
1238 762 1349 815 Quia
1362 764 1478 805 Deus

93 831 176 876 hoc
193 830 363 874 locutus
385 839 469 886 est,
490 832 566 876 fiet
591 850 600 876 ι
623 847 706 876 vox
725 831 929 876 Ecclesiaz=
951 840 1039 876 est:
1069 850 1086 871 «
1105 830 1400 876 Deuslocutus
1414 840 1479 876 est

96 919 116 943 »
152 901 197 945 in
214 911 362 946 sancto
379 916 473 947 suo.
502 920 522 944 »
544 904 642 948 Non
662 903 796 947 verba
817 902 923 948 dicit
935 918 1033 963 quae
1055 906 1168 947 Deus
1187 903 1360 948 locutus
1383 911 1446 947 est
1465 921 1475 948 ε

92 970 167 1016 scd
189 973 396 1033 quoniam
421 991 438 1013 «
467 975 580 1017 Deus
597 973 769 1018 locutus
786 983 850 1018 est
869 973 917 1018 in
933 982 1082 1018 sancto
1106 988 1184 1018 suo
1201 1009 1212 1029 ,
1241 991 1262 1015 »
1288 989 1367 1018 nec
1384 973 1479 1018 fieri

92 1042 257 1103 aliquid
295 1052 459 1102 potest,
499 1044 579 1089 nisi
621 1043 994 1105 quemadmodum
1029 1044 1202 1089 locutus
1236 1053 1300 1089 cst
1334 1047 1477 1101 Deus3

91 1123 406 1175 consequenter
426 1115 506 1159 ista
529 1117 736 1160 eveniunt
761 1135 808 1162 z«
826 1117 1044 1172 Laetabor,
1070 1126 1114 1161 et
1127 1115 1318 1161 dividam
1338 1116 1479 1162 Sichi-

94 1203 116 1226 »
150 1200 264 1229 mam
276 1221 287 1240 ,
314 1195 357 1230 et
371 1185 614 1231 convallem
628 1186 1011 1231 tabernaculorum
1026 1178 1239 1232 dimetiar.
1257 1205 1277 1229 »
1292 1187 1481 1232 Sichima

91 1255 262 1300 humeri
280 1255 636 1316 interpretantur.
666 1257 916 1302 Secundum
936 1258 1162 1302 historiam
1185 1273 1316 1314 vero,
1343 1258 1481 1303 Jacob

91 1324 261 1370 rediens
284 1342 308 1370 a
325 1326 474 1370 Laban
499 1341 647 1370 socero
669 1342 747 1371 suo
770 1342 870 1371 cum
888 1327 1091 1372 omnibus
1111 1329 1196 1372 suis
1216 1363 1227 1383 ,
1252 1327 1482 1373 abscondit

92 1395 208 1441 idola
224 1396 271 1440 in
294 1396 481 1441 Sichima
503 1412 602 1456 quae
618 1396 810 1441 habebat
831 1396 885 1441 de
910 1398 1034 1455 Syria
1050 1400 1082 1453 3,
1101 1398 1177 1442 ubi
1190 1397 1268 1443 diu
1288 1398 1482 1458 peregri-

90 1476 240 1521 natus,
263 1466 442 1511 tandem
464 1466 698 1527 aliquando
719 1467 822 1512 inde
837 1468 1050 1513 veniebat.
1079 1469 1377 1514 Tabernacula
1400 1486 1481 1515 au-

91 1545 178 1581 tem
199 1537 305 1582 fecit
327 1536 387 1580 ibi
403 1546 582 1596 propter
604 1552 704 1582 oves
730 1553 827 1582 suas
858 1547 902 1582 et
923 1547 1117 1583 armenta
1134 1574 1145 1595 ,
1173 1548 1216 1584 et
1248 1539 1482 1600 appellavit

90 1606 235 1651 locum
249 1607 374 1650 illum
391 1607 688 1652 Tabernacula
700 1609 732 1651 4.
750 1610 807 1652 Et
822 1609 916 1653 haec
931 1607 1122 1653 dividam
1140 1644 1150 1660 ,
1165 1610 1310 1670 inquit
1333 1610 1481 1656 Eccle-

91 1676 166 1721 sia.
193 1676 310 1729 Quid
322 1685 384 1721 est
405 1677 511 1722 hoc:
528 1695 548 1719 «
573 1677 773 1722 Dividam
788 1678 1052 1723 Sichimam‘?
1079 1699 1096 1721 »
1122 1679 1164 1724 Si
1177 1678 1232 1723 ad
1256 1681 1480 1726 historiam

89 1746 168 1790 ubi
185 1746 438 1791 abscondita
459 1756 562 1792 sunt
576 1746 693 1792 idola
715 1747 944 1803 referatur,
970 1751 1129 1794 Gentes
1151 1751 1361 1809 significat
1382 1770 1392 1796 :
1410 1751 1481 1796 Di-

88 1816 191 1862 vido
230 1826 393 1877 gentes.
433 1817 551 1871 Quid
588 1827 673 1873 est,
708 1819 889 1863 divido?
920 1822 1018 1866 Non
1046 1821 1162 1866 enim
1192 1822 1387 1866 omnium
1416 1831 1481 1867 est

89 1888 238 1932 fides⁵.
265 1887 381 1941 Quid
403 1897 467 1933 est
483 1924 494 1944 ,
521 1887 703 1934 divido?
719 1889 805 1934 Alii
828 1890 1032 1946 credent,
1059 1891 1130 1935 alii
1151 1907 1240 1937 non
1262 1892 1441 1939 credent
1468 1912 1478 1938 ι

90 1958 167 2003 sed
182 1969 329 2004 tamen
351 1975 440 2004 non
460 1960 645 2004 timeant
667 1960 744 2021 qui
773 1960 959 2006 credunt
974 1996 986 2017 ‚
1017 1962 1129 2007 inter
1151 1962 1248 2008 illos
1280 1963 1356 2025 qui
1389 1979 1480 2009 non

91 2030 291 2073 credunt.
318 2029 449 2074 Divisi
471 2039 573 2074 sunt
594 2030 710 2074 cnim
731 2047 850 2076 nunc
871 2031 973 2087 fide,
995 2042 1145 2092 postea
1163 2032 1418 2078 dividentur
1431 2035 1478 2079 in

87 2099 252 2159 judicio
267 2134 278 2154 ,
304 2114 404 2144 oves
428 2100 484 2144 ad
505 2099 744 2156 dexteram,
768 2101 891 2146 hoedi
914 2102 971 2145 ad
998 2102 1255 2147 sinistramfl.
1277 2106 1391 2150 Ecce
1411 2104 1482 2149 in-

91 2170 287 2213 venimus
305 2171 677 2230 quemadmodum
699 2170 891 2216 Ecclesia
913 2171 1079 2217 dividat
1092 2173 1341 2218 Sichimam.
1357 2179 1481 2228 Quo-

91 2238 221 2283 modo
244 2239 400 2284 dividit
419 2241 644 2296 humeros,
680 2241 923 2286 secundum
944 2243 1131 2288 nominis
1152 2243 1479 2305 interpretatio-

92 2312 225 2354 nem?
247 2309 511 2355 Dividuntur
532 2312 727 2368 humeri,
761 2322 811 2357 ut
840 2312 946 2358 alios
974 2323 1155 2373 gravent
1178 2324 1356 2375 peccata
1377 2332 1476 2373 sua,

92 2378 163 2423 alii
184 2379 341 2424 tollant
351 2381 562 2426 sarcinam
571 2383 746 2427 Christi.
773 2386 987 2429 Humeros
1003 2386 1115 2429 enim
1129 2385 1222 2445 pios
1234 2387 1475 2447 quaerebat,

93 2464 191 2494 cum
221 2449 413 2496 diceret:
444 2471 464 2494 «
489 2455 652 2512 Jugum
684 2454 799 2498 enim
832 2470 981 2499 meum
1008 2455 1106 2501 lene
1128 2465 1191 2501 est
1207 2492 1218 2513 ,
1244 2466 1287 2501 et
1310 2457 1476 2501 sarcina

141 2554 150 2570 ¹
168 2556 187 2580 2
200 2550 270 2581 Cor.
287 2559 321 2590 v,
344 2560 395 2591 19.
410 2556 475 2572 -2
493 2550 574 2582 Psal.
596 2561 703 2592 1.sz1,
722 2550 827 2593 ῐίμ-
845 2550 858 2575 3
876 2555 954 2585 Gen.
975 2564 1075 2595 xxxv,
1096 2553 1126 2596 4.
1145 2572 1186 2577 -
1199 2553 1269 2587 Md.
1290 2564 1472 2596 xxx111,17.

95 2619 136 2627 -·
154 2601 168 2626 ⁵
186 2615 198 2635 x
220 2604 325 2636 Thess.
347 2615 391 2646 ιιι,
412 2613 442 2637 2.
470 2622 510 2628 —-
527 2604 542 2627 δ
560 2606 671 2638 Matth.
690 2618 766 2648 xxv,
788 2607 839 2640 33.
