1889 3285
419 236 503 274 380
849 246 882 272 s.
919 242 1147 273 Accnsnm
1180 245 1360 273 Emscom

474 313 594 355 XIV.
629 331 645 350 «
682 309 1023 356 Confundantur
1053 319 1096 354 et
1125 309 1328 354 deficiant
1363 307 1682 354 committentes
1703 306 1797 350 ani-

421 401 438 422 »
474 396 590 424 mam
612 396 753 425 meam
769 383 799 426 ¹.
830 401 847 422 »
875 380 987 434 Quid
1007 380 1202 439 optavit?
1224 399 1241 419 «
1268 378 1607 424 Confundantur
1625 386 1669 421 et
1687 377 1794 421 defi-

421 471 437 490 »
474 451 605 494 ciant.
624 471 639 492 »
659 454 802 505 Quare
815 451 1010 510 optavit?
1022 469 1038 490 «
1055 450 1385 495 Committentes
1403 449 1591 492 animam
1608 462 1794 490 meam.»

415 521 532 574 Quid
566 531 657 576 est,
688 541 704 561 «
732 522 1063 567 Committentes
1102 521 1291 565 animam
1321 521 1495 563 meam?
1530 538 1548 561 »
1584 517 1798 562 Commit-

414 600 552 636 tcntes
569 593 692 652 quasi
708 593 752 636 in
776 593 910 636 rixam
933 591 1140 651 aliquam.
1166 590 1392 636 Committi
1415 590 1532 634 enim
1562 588 1796 643 dicuntur,

414 663 489 721 qui
511 663 636 707 rixari
655 672 961 722 provocantur.
991 663 1033 707 Si
1056 677 1156 720 ergo
1175 662 1234 706 ita
1253 671 1331 716 est,
1349 675 1574 705 caveamus
1596 658 1799 703 commit-

414 740 553 776 tentes
576 733 762 776 animam
787 741 993 776 nostram.
1019 731 1135 784 Quid
1156 740 1242 786 est,
1269 731 1588 774 committentes
1611 728 1799 772 animam

412 804 636 846 nostram?
654 803 798 846 Primo
819 811 1105 861 provocantes
1126 817 1202 846 nos
1225 810 1275 845 ut
1297 804 1386 845 Deo
1409 801 1668 852 resistamus,
1683 807 1732 842 ut
1754 798 1799 841 in

413 871 534 915 malis
556 873 710 916 nostris
733 875 847 916 Deus
869 872 994 915 nohis
1028 871 1265 931 displiceat.
1291 869 1478 924 Quando
1511 869 1626 913 enim
1660 877 1800 911 rectus

413 956 478 995 es,
519 951 570 985 ut
607 942 749 986 bonus
782 943 836 986 sit
871 942 947 986 tibi
970 945 1084 986 Deus
1107 940 1260 997 Israel,
1285 941 1427 985 bonus
1449 940 1574 983 rectis
1611 938 1800 982 eorde2?

412 1012 590 1070 quando
612 1021 755 1056 rectus
778 1014 852 1056 es?
872 1013 934 1057 vis
957 1011 1133 1056 audire?
1168 1011 1355 1064 Quando
1392 1011 1437 1054 in
1465 1026 1516 1054 eo
1539 1011 1657 1054 bono
1678 1007 1800 1068 quod

410 1080 540 1137 facis,
565 1085 679 1126 Deus
701 1083 781 1126 tibi
817 1083 987 1142 placet3
1010 1083 1056 1126 in
1077 1097 1128 1126 eo
1151 1091 1297 1126 autern
1318 1081 1433 1125 malo
1466 1080 1587 1140 quod
1608 1079 1767 1138 pateris
1785 1113 1795 1132 ,

412 1153 527 1194 Deus
548 1151 628 1195 tibi
649 1168 738 1196 non
761 1153 975 1212 displicet.
1009 1151 1164 1196 Videte
1183 1151 1291 1211 quid
1313 1150 1492 1194 dixerim
1511 1185 1522 1204 ,
1547 1149 1720 1203 fratres,
1757 1157 1801 1192 ct

412 1221 529 1264 cauti
552 1230 687 1266 estote
710 1232 860 1267 contra
898 1221 1217 1267 committentes
1245 1220 1408 1264 animas
1437 1228 1612 1264 vestras.
1638 1220 1799 1262 Omnes

411 1290 527 1332 enirn
546 1291 622 1349 qui
644 1291 870 1335 vobiscum
889 1300 1048 1349 agunt,
1075 1299 1125 1334 ut
1141 1291 1187 1333 111
1203 1290 1465 1333 moeroribus
1486 1298 1530 1333 et
1553 1288 1795 1333 tribulatio-

411 1360 540 1403 nibus
558 1360 828 1420 fatigemini,
864 1361 910 1405 id
938 1371 1072 1419 agunt
1090 1397 1101 1415 ‚
1124 1370 1174 1405 ut
1195 1361 1241 1404 in
1258 1375 1309 1404 eo
1326 1360 1447 1419 quod
1470 1359 1668 1419 patimini
1687 1362 1800 1402 Deus

409 1430 533 1474 vobis
565 1429 815 1490 displiceat,
852 1441 895 1475 et
924 1441 1049 1475 exeat
1083 1447 1134 1474 ex
1156 1445 1229 1474 ore
1249 1438 1420 1474 vestro:
1446 1428 1560 1482 Quid
1581 1437 1644 1473 est
1679 1429 1800 1473 hoc?

410 1498 516 1558 quid
539 1501 652 1544 enim
677 1500 758 1544 feci
768 1503 785 1543 .)
808 1503 904 1544 Jam
929 1515 1030 1558 ergo
1059 1509 1109 1543 tu
1130 1499 1241 1544 nihil
1261 1498 1364 1542 mali
1387 1498 1551 1553 fecisti,
1578 1508 1621 1543 et
1638 1508 1687 1542 tu
1704 1499 1799 1558 jus-

410 1579 479 1613 tus
504 1585 546 1614 es
564 1605 575 1624 ‚
602 1570 673 1613 ille
694 1571 912 1630 injustus?
937 1574 1142 1614 Peccator
1163 1585 1281 1624 sum,
1306 1570 1450 1629 inquis
1469 1604 1479 1624 ‚
1511 1569 1649 1613 fateor
1665 1604 1676 1624 ,
1700 1571 1798 1628 jus-

410 1648 504 1683 tum
520 1655 590 1682 me
611 1655 700 1683 non
724 1639 838 1684 dico.
868 1640 953 1684 Sed
974 1640 1081 1699 quid
1098 1674 1108 1694 ,
1134 1648 1355 1698 peccator,
1387 1633 1604 1698 numquid
1627 1647 1797 1683 tantum

407 1720 623 1769 quantum
641 1709 713 1754 ille
729 1711 798 1754 cui
817 1711 928 1754 bene
941 1712 1253 1770 est?quantum
1271 1711 1582 1754 Gaius-Seius?
1597 1712 1691 1768 Ego
1707 1710 1796 1754 scio

406 1779 520 1823 mala
541 1780 675 1839 ipsius
690 1815 700 1834 ‚
724 1796 805 1839 ego
830 1781 917 1823 scio
932 1781 1180 1840 iniquitates
1204 1780 1352 1840 ipsius,
1371 1796 1393 1823 a
1415 1780 1576 1840 quibus
1591 1794 1670 1837 ego
1686 1814 1696 1834 ,
1715 1780 1796 1823 etsi

407 1859 631 1908 peccator,
657 1849 788 1908 longe
815 1850 969 1893 absum
988 1871 998 1907 3
1024 1859 1066 1893 et
1083 1859 1228 1893 tamen
1248 1849 1377 1893 video
1400 1864 1502 1892 eum
1525 1850 1679 1893 florere
1698 1864 1797 1893 om-

404 1919 533 1963 nibus
568 1920 720 1974 bonis,
747 1930 790 1963 et
822 1935 902 1977 ego
935 1929 1054 1963 tanta
1083 1920 1238 1978 patior.
1277 1921 1374 1964 Non
1412 1933 1514 1976 ergo
1546 1917 1647 1962 ideo
1667 1917 1792 1973 dico,

404 1992 518 2032 Deus
540 1990 649 2049 quid
676 1990 753 2033 tibi
775 1988 873 2042 feci,
889 1990 990 2050 quia
1010 1989 1120 2032 nihil
1142 1989 1322 2033 omnino
1344 1988 1446 2032 mali
1464 1987 1575 2045 feci3
1599 1988 1673 2031 sed
1693 1989 1795 2048 quia

404 2074 492 2102 non
516 2068 689 2103 ‘tantum
711 2059 810 2114 feci,
831 2069 880 2103 ut
897 2060 976 2103 ista
994 2058 1150 2116 dignus
1169 2059 1249 2102 sim
1270 2058 1374 2117 pati.
1395 2061 1561 2101 Iterum
1584 2067 1633 2101 tu
1650 2059 1794 2117 justus

403 2144 466 2183 e5‚
492 2128 566 2172 ille
589 2130 804 2189 injustus?
827 2129 992 2187 Evigila
1007 2164 1017 2183 ,
1041 2129 1183 2183 miser,
1202 2129 1429 2173 commissa
1451 2137 1514 2172 est
1539 2128 1680 2171 anima
1698 2138 1788 2172 tua.

401 2201 500 2243 Non
517 2233 527 2253 ,
553 2200 695 2258 inquit
711 2235 721 2254 ,
749 2215 829 2257 ego
854 2201 1021 2259 justum
1040 2213 1107 2241 me
1129 2198 1230 2241 dixi.
1258 2198 1375 2251 Quid
1397 2213 1502 2256 cpgo
1525 2197 1661 2241 dicis?
1684 2201 1792 2242 Pec-

402 2278 521 2313 cator
543 2284 639 2312 sum
658 2305 668 2323 ,
697 2269 772 2313 sed
794 2286 882 2313 non
906 2279 1027 2313 tanta
1059 2269 1280 2323 commisi,
1311 2278 1360 2312 111
1380 2268 1460 2312 ista
1482 2267 1639 2326 dignus
1656 2283 1792 2312 essem

402 2340 506 2399 pati.
529 2343 628 2384 Non
650 2355 751 2397 ergo
773 2341 879 2384 dicis
903 2344 990 2385 Deo
1011 2359 1018 2385 :
1053 2343 1076 2383 J
1083 2349 1202 2383 ustus
1225 2355 1318 2383 sum
1333 2375 1343 2394 ,
1370 2349 1411 2383 θ1
1435 2348 1481 2382 111
1504 2355 1546 2383 θ5
1568 2339 1750 2398 injustus
1777 2359 1786 2384 ε

401 2410 477 2454 sed
499 2410 631 2455 dicis:
660 2412 851 2470 Injustus
888 2427 983 2455 sum
1000 2447 1010 2465 ‚
1035 2411 1111 2455 sed
1142 2421 1192 2455 tu
1229 2427 1271 2454 es
1294 2411 1506 2470 injustior.
1533 2413 1646 2454 Ecce
1667 2426 1790 2454 com-

400 2482 526 2525 missa
554 2489 617 2524 est
652 2481 794 2524 anima
834 2490 904 2525 tua
921 2515 932 2536 ,
971 2496 1069 2525 ecce
1101 2481 1193 2541 jam
1214 2479 1379 2525 bellum
1405 2480 1512 2537 gerit
1535 2479 1676 2524 anima
1697 2489 1784 2523 tua.

452 2573 457 2587 ¹
478 2564 560 2597 psal.
577 2576 653 2606 Lxx,
674 2566 724 2597 13.
744 2582 783 2587 -<
803 2572 815 2587 ²
837 2565 882 2597 Id.
904 2575 998 2605 Lxxn,
1022 2575 1054 2596 ν..
