1889 3285
290 256 532 286 ENARRAno
564 259 580 286 1
611 259 659 287 m
688 258 893 289 PsALMuM
924 261 1029 300 LXX,
1063 259 1202 290 SERMO
1233 263 1264 289 1.
1389 251 1473 290 379

98 344 116 367 »
150 326 196 368 in
221 340 360 368 unum
381 359 392 379 ,
428 324 642 370 dicentes:
669 329 784 371 Deus
820 327 1051 388 dereliquit
1085 343 1213 383 eum,
1248 329 1474 389 persequi-

97 414 116 436 »
149 396 255 439 mini
289 405 333 439 et
363 396 720 454 comprehendite
757 413 883 452 eum,
915 399 1016 458 quia
1049 413 1140 442 non
1169 408 1232 442 est
1252 399 1329 458 qui
1351 408 1475 443 eruat

95 485 125 529 »V
149 481 250 509 eum
267 468 298 509 1.
330 485 348 506 »
374 466 547 510 Dictum
570 476 632 510 est
652 468 736 512 hoc
758 468 814 512 de
835 469 1022 513 Christo.
1050 468 1129 512 Ille
1150 469 1267 512 enim
1293 469 1369 529 qui
1390 485 1472 529 po-

89 536 224 580 tentia
246 551 402 594 magna
433 537 702 592 Divinitatis‚
733 554 819 598 qua
837 539 954 582 Patri
973 537 1152 598 aequalis
1177 547 1268 594 est,
1287 540 1472 584 resusci-

89 614 254 650 taverat
274 616 486 661 mortuos,
501 608 647 652 subito
668 608 782 652 inter
801 624 955 653 manus
976 609 1252 652 inimicorum
1274 609 1472 654 infirmus

87 675 229 720 factus
262 685 326 719 est
345 710 356 731 ,
383 685 426 719 et
448 677 569 736 quasi
602 677 710 721 nihil
742 677 889 722 valens
913 679 1151 738 prehensus
1173 687 1251 722 est.
1284 678 1471 731 Quando

86 744 431 805 prehenderetur
445 781 456 799 ‚
497 747 578 790 nisi
615 745 677 790 illi
711 748 851 806 primo
889 749 934 791 in
966 747 1096 791 corde
1128 763 1206 791 suo
1244 746 1439 792 dicerent
1458 767 1467 793 :

91 834 112 855 «ι
146 817 261 859 Deus
295 815 529 875 dereliquit
560 818 688 860 eum?
715 836 732 858 »
756 817 881 861 Unde
917 817 991 861 illa
1021 833 1104 862 vox
1141 826 1205 861 est
1234 818 1279 861 in
1311 833 1468 872 cruce,

92 903 113 927 «
145 888 260 930 Deus
278 901 417 941 meus,
432 889 546 930 Deus
567 902 704 942 meus,
723 887 881 947 utquid
903 886 1169 947 dereliquisti
1191 889 1303 931 me2.
1326 891 1471 946 »Ergo

85 959 201 1001 Deus
223 956 452 1017 dereliquit
466 957 703 1013 Christum,
720 973 821 1002 cum
835 961 949 1001 Deus
967 968 1076 1002 esset
1096 959 1141 1001 in
1155 959 1327 1003 Christo
1347 974 1472 1002 mun-

86 1025 194 1070 dum
226 1027 507 1071 reconcilians
529 1027 610 1071 sibi
628 1029 643 1053 ³
660 1062 671 1082 ‚
696 1042 798 1071 cum
821 1037 931 1072 esset
952 1036 994 1071 et
1025 1028 1221 1072 Christus
1249 1031 1384 1082 Deus,
1419 1043 1473 1072 ex

86 1098 249 1142 Judaeis
270 1098 449 1155 quidem
471 1097 713 1142 secundum
736 1113 908 1141 carnem
927 1132 938 1151 ,
977 1099 1053 1157 qui
1080 1107 1143 1141 est
1176 1113 1304 1157 super
1326 1097 1472 1142 omnia

85 1170 200 1212 Deus
218 1168 472 1212 benedictus
495 1169 541 1211 in
571 1168 726 1212 saecula
740 1170 782 1209 4?
809 1171 922 1212 Deus
954 1168 1129 1228 reliquit
1149 1167 1305 1211 illum?
1326 1168 1466 1212 Absit.

89 1238 174 1281 Sed
206 1237 252 1280 in
283 1246 428 1281 vetere
461 1247 609 1282 nostro
630 1254 712 1282 vox
733 1235 880 1282 nostra
902 1247 1019 1292 erat,
1043 1238 1146 1297 quia
1182 1237 1310 1281 simul
1331 1238 1472 1281 cruci-

83 1307 197 1351 fixus
220 1316 312 1351 erat
333 1317 458 1351 vetus
480 1309 614 1351 homo
634 1316 781 1351 noster
803 1322 903 1351 cum
928 1307 1057 1351 illo⁵2
1080 1316 1122 1350 et
1139 1307 1193 1350 de
1214 1307 1307 1366 ipso
1330 1316 1472 1350 vetere

82 1385 233 1421 nostro
255 1392 411 1436 corpus
435 1386 682 1436 acceperat,
711 1377 813 1437 quia
834 1377 970 1421 Maria
988 1377 1043 1420 de
1065 1376 1206 1421 Adam
1225 1386 1332 1420 erat.
1353 1379 1471 1435 Ergo

82 1448 203 1508 quod
234 1446 296 1491 illi
328 1456 621 1507 putaverunt,
654 1448 738 1491 hoc
774 1446 829 1491 de
862 1462 989 1491 cruce
1023 1445 1164 1491 dixit:
1192 1466 1213 1489 «
1238 1449 1380 1500 Quare
1400 1462 1472 1491 me

88 1537 107 1559 »
142 1517 469 1578 dereliquistiss'?
492 1539 508 1559 »
536 1521 680 1571 Quare
701 1533 771 1562 me
797 1518 866 1561 isti
893 1516 1149 1561 derelictum
1178 1527 1336 1576 putant
1356 1517 1472 1562 malo

82 1590 196 1632 suo?
224 1587 334 1641 Quid
358 1597 421 1632 est
441 1623 451 1643 ,
487 1587 745 1632 derelictum
778 1596 937 1647 putant
959 1586 1075 1631 malo
1097 1589 1206 1630 suo?
1242 1606 1263 1628 «
1291 1587 1334 1631 Si
1356 1587 1472 1630 enim

83 1675 107 1699 »
141 1658 445 1717 cognovissent
464 1694 474 1712 ,
513 1673 743 1718 nunquam
784 1658 1021 1701 Dominum
1055 1656 1204 1714 gloriae
1238 1657 1474 1701 crucifixis-

87 1746 106 1768 »
140 1729 274 1771 sent⁷.
298 1727 612 1787 Persequimini
643 1735 686 1770 et
708 1725 1064 1785 comprehendite
1083 1741 1200 1769 eum.
1228 1746 1246 1767 »
1272 1725 1473 1770 Familia-

80 1797 170 1841 rius
191 1805 338 1840 tamen
360 1798 465 1851 hoc,
493 1797 668 1851 fratres,
694 1796 956 1855 accipiamus
975 1812 1028 1840 ex
1054 1795 1263 1839 membris
1282 1796 1469 1850 Christi,

81 1876 124 1911 et
146 1882 300 1911 vocem
328 1876 523 1910 nostram
549 1867 596 1909 in
614 1867 679 1910 his
701 1866 843 1910 verbis
867 1882 1153 1925 agnoscamus
1180 1884 1190 1911 ε
1217 1866 1319 1926 quia
1337 1875 1380 1909 et
1399 1865 1474 1909 ille

79 1936 188 1981 tales
213 1951 340 1980 voces
374 1952 425 1980 ex
445 1952 633 1996 persona
654 1945 800 1980 nostra
820 1936 976 1980 habuit
992 1971 1002 1990 ‚
1029 1952 1118 1979 non
1142 1951 1193 1979 ex
1215 1935 1411 1994 potentia
1432 1944 1476 1979 et

81 2007 303 2066 majestate
320 2021 395 2049 sua
414 2027 425 2063 3
447 2005 523 2049 sed
541 2021 591 2049 ex
609 2021 660 2050 eo
681 2006 802 2066 quod
824 2005 961 2049 factus
979 2014 1042 2049 est
1063 2014 1241 2065 propter
1262 2008 1476 2061 nos‚'non

81 2066 326 2120 secundum
348 2075 395 2119 id
417 2075 538 2136 quod
557 2085 647 2120 erat
668 2076 744 2136 qui
767 2075 868 2120 fecit
890 2092 982 2120 nos.

139 2148 264 2191 XIII.
294 2164 314 2187 «
345 2147 530 2190 Domine
548 2181 558 2200 ‚
586 2149 700 2190 Deus
722 2161 865 2200 meus,
891 2161 947 2189 ne
971 2145 1147 2204 elonges
1177 2161 1200 2189 a
1221 2160 1291 2189 me
1304 2147 1337 2188 8.
1367 2165 1388 2187 »
1411 2148 1477 2189 Ita

80 2217 152 2271 fit,
178 2225 221 2260 et
241 2232 332 2260 non
356 2216 530 2275 elongat
560 2218 754 2261 omnino.
782 2220 921 2276 Prope
948 2225 1011 2260 est
1041 2216 1156 2260 enim
1174 2217 1388 2260 Dominus
1409 2217 1476 2260 his

78 2287 157 2347 qui
175 2287 449 2331 obtriverunt
465 2288 584 2332 cor9.
614 2306 636 2330 «
664 2291 779 2332 Deus
800 2303 945 2342 meus,
966 2287 1011 2331 in
1035 2287 1304 2347 adjutorium
1325 2302 1474 2331 meum

84 2376 103 2399 ι)
138 2357 318 2417 respice.
346 2377 363 2397 »

126 2477 136 2493 ¹
156 2470 238 2502 Psal.
271 2481 346 2510 Lxx,
370 2481 420 2512 10,
444 2482 495 2502 11.
516 2488 557 2494 —
577 2478 590 2494 ²
608 2472 655 2503 Id.
677 2482 745 2513 ΧΠ,
765 2481 795 2504 2.
816 2489 859 2494 —
878 2470 890 2494 3
909 2480 928 2503 2
944 2473 1018 2504 Cor.
1038 2483 1073 2513 v,
1094 2482 1145 2514 19.
1162 2488 1204 2493 —
1221 2469 1238 2500 4
1256 2474 1347 2503 Rom.
1370 2481 1416 2510 ix,
1439 2470 1474 2508 5,

82 2542 123 2548 --
143 2523 157 2548 ⁵
181 2526 228 2557 Id.
247 2537 292 2566 w,
310 2525 342 2557 6.
365 2543 407 2549 —
424 2525 438 2548 6
463 2526 574 2559 Matth.
596 2538 694 2568 xxvu,
715 2526 772 2568 46.
794 2544 835 2550 -—
856 2535 869 2560 7
893 2539 904 2559 1
922 2529 996 2560 Cor.
1022 2538 1057 2568 ιι,
1077 2527 1108 2559 8.
1134 2544 1175 2550 -
1194 2525 1209 2549 8
1224 2526 1306 2559 Psal.
1323 2537 1394 2567 Lxx,
1415 2535 1467 2559 12.

82 2597 124 2604 -
141 2582 214 2613 9Id.
236 2592 348 2623 xxnn,
371 2593 423 2623 19.
