1889 3285
397 233 452 273 24
826 246 858 271 S·
895 241 1126 271 AUGUs'rlNI
1158 243 1340 270 EPISCOPI

394 310 609 369 Propheta
641 318 741 354 ante
772 317 837 353 tot
864 323 998 353 annos
1033 327 1042 354 :
1072 309 1156 353 hoc
1178 306 1312 353 modo
1331 306 1528 351 videmus
1548 321 1655 365 nos3
1687 306 1772 352 hoc

389 394 495 438 ergo
517 379 709 423 dieamus
731 388 774 423 et
795 393 887 423 nos.

389 547 887 564 mmmmmwuwu⁴
1097 544 1768 563 mmmmmmmmn

885 642 1268 713 ENARRATIO

794 816 855 853 IN
898 814 1197 853 PSALMUM
1247 814 1388 852 LVII.

849 957 997 999 Sermo
1020 953 1075 998 ad
1095 953 1271 1013 plebem
1284 955 1318 997 ¹.

436 1093 574 1135 [Vox
586 1105 717 1149 quam
731 1087 1013 1142 cantavimus,
1030 1085 1245 1130 audienda
1259 1086 1384 1131 nobis
1401 1087 1537 1145 magis
1549 1094 1627 1141 est,
1644 1099 1777 1146 quam

392 1160 631 1205 clamanda.
664 1159 878 1203 Omnibus
906 1158 1021 1201 enim
1055 1166 1265 1215 tanquam
1292 1157 1337 1199 in
1373 1156 1582 1200 concione
1611 1155 1777 1214 generis

390 1231 572 1274 humani
590 1230 745 1274 veritas
769 1229 925 1273 clamat
942 1263 952 1283 ‚
984 1247 1002 1268 «
1031 1228 1072 1271 Si
1094 1242 1194 1271 vere
1216 1227 1369 1286 utique
1397 1226 1609 1286 justitiam
1630 1225 1776 1285 loqui-

392 1320 414 1342 )›
439 1303 567 1355 mini,
585 1310 699 1344 recta
719 1299 924 1359 judicate,
948 1298 1025 1341 filii
1042 1298 1271 1341 hominum
1285 1301 1316 1340 ².
1348 1318 1365 1338 »
1384 1298 1466 1342 Cui
1488 1297 1604 1340 enim
1626 1297 1779 1355 iniquo

391 1390 481 1418 non
497 1371 623 1416 facile
646 1380 708 1414 est
730 1369 850 1429 loqui
868 1368 1103 1427 justitiam?
1121 1376 1196 1410 aut
1219 1367 1314 1426 quis
1337 1366 1391 1410 de
1403 1367 1570 1426 justitia
1594 1367 1780 1410 interro-

392 1453 512 1502 gatus
527 1478 537 1497 ,
569 1438 744 1501 quando
766 1454 856 1482 non
877 1438 1012 1481 habet
1035 1452 1227 1490 causam,
1255 1452 1345 1480 non
1372 1435 1498 1480 facile
1521 1434 1781 1496 respondeat

391 1513 498 1575 quid
531 1513 584 1556 sit
598 1511 795 1571 justum?
819 1507 1181 1567 Quandoquidem
1204 1522 1340 1550 manu
1370 1505 1618 1550 formatoris
1644 1507 1779 1551 nostri

391 1587 437 1628 in
459 1583 557 1642 ipsis
586 1580 789 1625 cordibus
812 1578 966 1622 nostris
983 1577 1138 1620 veritas
1167 1577 1335 1635 scripsit
1350 1611 1360 1630 ‚
1383 1595 1402 1617 «
1428 1576 1558 1629 Quod
1583 1576 1667 1634 tibi
1690 1591 1780 1619 non

392 1673 414 1696 >›
445 1654 508 1697 vis
530 1651 643 1705 fieri,
668 1665 722 1692 ne
745 1648 872 1692 facias
896 1647 1073 1690 alteri3?
1099 1665 1119 1686 »
1140 1649 1233 1690 Hoc
1264 1656 1307 1690 et
1335 1662 1387 1690 an
1397 1656 1571 1707 tequam
1593 1650 1680 1690 Lex
1698 1645 1779 1690 da-

391 1734 511 1769 retur
527 1759 536 1777 ,
562 1737 690 1765 nemo
711 1720 910 1777 ignorare
937 1717 1166 1776 permissus
1189 1725 1272 1770 est,
1299 1726 1350 1760 ut
1378 1726 1486 1760 esset
1516 1715 1635 1760 unde
1655 1708 1778 1776 judi-

391 1802 592 1840 carentur
615 1801 656 1834 et
674 1790 834 1849 quibus
851 1791 940 1831 Lex
961 1802 1050 1830 non
1072 1795 1180 1829 esset
1202 1787 1316 1830 data.
1348 1786 1432 1831 Sed.
1450 1802 1505 1829 ne
1528 1786 1612 1830 sibi
1633 1787 1780 1830 homi-

390 1881 466 1910 nes
485 1861 649 1921 aliquid
671 1859 855 1904 defuisse
878 1866 1180 1916 quererentur,
1196 1857 1404 1916 scriptum
1417 1866 1482 1900 est
1498 1866 1540 1900 et
1557 1857 1603 1899 in
1617 1856 1778 1901 tabulis

392 1933 514 1995 quod
542 1934 587 1975 in
619 1929 820 1974 cordibus
845 1943 932 1970 non
957 1926 1175 1984 legebant.
1196 1929 1294 1970 Non
1316 1927 1431 1970 enim
1453 1926 1662 1985 scriptum
1688 1942 1778 1971 non

390 2003 638 2049 habebant,
664 1998 739 2042 sed
759 1997 899 2053 legere
921 1995 1143 2039 nolebant.
1170 1997 1429 2054 Oppositum
1452 2005 1517 2039 est
1543 1995 1678 2039 oeulis
1701 2011 1776 2040 eo—

391 2089 488 2118 rum
510 2070 628 2131 quod
660 2071 705 2112 in
727 2067 987 2112 conscientia
1010 2064 1156 2108 videre
1179 2074 1464 2124 cogerentur3
1491 2075 1534 2109 et
1566 2066 1688 2125 quasi
1706 2065 1776 2110 fo-

391 2145 582 2188 rinsecus
596 2139 767 2184 admota
781 2153 886 2181 voce
900 2137 992 2190 Dei,
1010 2135 1064 2179 ad
1075 2135 1277 2179 interiora
1291 2152 1366 2179 sua
1379 2136 1511 2180 homo
1527 2135 1778 2195 compulsus

392 2222 476 2266 cst,
501 2211 671 2254 dicente
704 2208 957 2266 Scriptura:
994 2225 1014 2247 «
1048 2209 1096 2249 In
1129 2205 1464 2263 cogitationibus
1488 2205 1603 2248 enim
1622 2205 1772 2264 impii,

395 2302 416 2324 ³>
444 2280 724 2337 interrogatio
748 2278 870 2321 erit4.
898 2295 918 2317 »
951 2276 1035 2320 Ubi
1052 2275 1356 2333 interrogatio,
1380 2275 1442 2318 ibi
1462 2275 1548 2318 lex.
1573 2275 1657 2319 Sed
1674 2276 1776 2336 quia

390 2352 585 2398 homines
619 2357 867 2408 appetentes
894 2363 942 2391 ca
976 2362 1073 2406 quac
1110 2344 1209 2388 foris
1235 2354 1357 2399 sunt,
1396 2346 1524 2388 etiam
1553 2362 1576 2388 a
1608 2360 1652 2389 se
1671 2345 1774 2404 ipsis

394 2421 541 2465 exules
561 2420 662 2463 sacti
684 2428 809 2473 sunt,
831 2417 928 2460 data
946 2425 1007 2459 est
1029 2415 1156 2458 etiam
1186 2415 1426 2473 conscripta
1448 2414 1515 2458 lex
1542 2430 1654 2459 :non
1672 2416 1772 2476 quia

438 2524 446 2539 ¹
468 2519 504 2548 In
526 2517 586 2547 isto
604 2518 754 2547 Sermone
779 2514 817 2546 ad
835 2514 984 2556 plebem,
1006 2513 1119 2555 passim
1135 2511 1310 2543 Donatistas
1337 2511 1475 2552 exagitat
1502 2512 1703 2552 Augustinus.
1729 2528 1771 2534 —

393 2580 406 2595 ἒ·
424 2572 503 2606 Psal.
524 2583 599 2613 ivn,
625 2579 656 2602 2.
674 2588 713 2595 -
735 2569 747 2595 3
766 2569 842 2602 Tob.
864 2580 906 2611 iv,
927 2569 965 2601 16
979 2593 988 2611 ‚
1016 2573 1046 2600 ct
1071 2567 1183 2600 Matth.
1201 2578 1261 2609 vn,
1283 2575 1334 2599 12.
1352 2583 1393 2589 —
1412 2565 1428 2592 4
1446 2568 1522 2608 Sap.
1538 2576 1561 2607 1,
1581 2576 1614 2606 9.

1884 307 1889 349 i

1884 392 1889 417 (

1885 455 1889 487 1

1886 534 1889 556 ⁴
