1889 3285
411 231 496 272 114
843 240 877 269 s.
912 239 1143 270 Auens‘nm
1174 242 1356 271 Emscom

402 309 550 354 Talem
572 317 616 353 et
636 317 686 353 tu
701 309 835 353 finem
861 323 1004 368 spera,
1033 308 1172 369 qualis
1193 309 1240 353 in
1272 308 1348 353 illo
1376 307 1594 368 praecessit
1612 341 1623 363 ‚
1650 316 1693 352 et
1716 307 1789 351 in'-

401 380 522 424 trasti
543 380 589 423 in
618 389 783 424 turrem
806 395 893 423 non
916 378 1227 423 consentiendo
1256 379 1444 423 inimico.
1475 378 1517 423 Si
1542 378 1658 421 enim
1681 393 1790 422 con-

404 452 582 497 senseris
595 451 786 505 inimico,
802 460 908 495 tunc
925 451 979 494 ad
999 459 1041 494 te
1055 451 1252 509 pervenit
1266 449 1559 510 oppugnantis
1574 448 1787 509 jaculum.

405 524 470 565 Tu
493 521 635 580 potius
653 521 697 564 in
719 520 843 564 illum
861 519 1053 580 jaculare
1081 519 1189 575 tela,
1220 520 1381 580 quibus
1403 520 1605 574 feriatur,
1630 518 1791 580 quibus

402 592 616 636 vincatur.
634 594 742 645 Quae
764 601 866 635 sunt
888 592 967 635 ista
988 589 1105 634 tela?
1137 591 1281 634 Verba
1312 590 1390 634 Dei
1409 625 1420 645 ,
1445 589 1551 634 fides
1571 599 1667 645 tua,
1693 601 1789 649 spes

404 661 495 722 ipsa
519 671 594 706 tua
612 697 622 715 ‚
649 677 779 721 opera
800 661 929 706 bona.
955 663 1053 705 Non
1075 659 1172 704 dico
1203 679 1211 704 ;
1240 660 1308 705 Sic
1330 669 1422 704 esto
1456 661 1503 703 in
1530 659 1609 703 ista
1642 668 1787 715 turre,

404 741 455 777 ut
474 748 598 777 vaces
619 732 709 787 ibi,
741 742 784 776 et
815 731 999 776 sufficiat
1031 731 1112 774 tibi
1135 731 1237 791 quia
1268 747 1357 775 non
1386 730 1442 775 ad
1473 739 1517 774 te
1539 730 1673 774 hostis
1705 729 1791 774 tela

403 804 695 863 perveniunt,
731 818 808 862 age
838 803 899 846 ibi
928 801 1093 862 aliquid
1121 818 1210 846 non
1243 811 1409 846 cessent
1442 817 1627 846 manus:
1661 816 1792 861 opera

401 873 517 917 bona
538 883 613 917 tua
634 873 766 932 gladii
783 882 883 917 sunt
908 872 1216 916 interficientes
1236 872 1479 916 inimicum.

461 946 535 987 Vl.
567 963 588 985 «
614 943 857 1003 inquilinus
874 959 947 987 ero
974 943 1021 986 in
1042 942 1325 987 tabernaculo
1354 951 1431 986 tuo
1468 957 1609 1002 usque
1636 941 1684 984 in
1711 956 1791 986 sae*

405 1033 426 1057 »
461 1014 600 1059 cula1.
630 1033 649 1055 »
672 1014 835 1059 Videtis
857 1015 959 1075 quia
975 1013 1047 1058 ille
1064 1050 1075 1069 ,
1100 1014 1154 1057 de
1172 1030 1260 1075 quo
1282 1013 1491 1068 diximus,
1517 1023 1580 1057 est
1603 1013 1679 1073 qui
1701 1012 1791 1056 cla-

405 1094 508 1129 mat.
534 1086 634 1138 Quis
656 1094 854 1129 nostrum
874 1094 937 1129 est
953 1084 1190 1144 inquilinus
1208 1100 1346 1144 usque
1365 1084 1410 1127 in
1431 1084 1616 1128 saecula?
1639 1084 1791 1128 Paucis

403 1154 556 1199 diebus
578 1155 648 1198 hic
669 1155 854 1199 vivimus
874 1190 884 1210 ,
906 1164 949 1198 et
970 1154 1203 1198 transimus
1232 1174 1240 1198 :
1268 1154 1471 1214 inquilini
1491 1154 1604 1197 enim
1626 1154 1698 1197 hic
1718 1169 1793 1197 su-

403 1240 500 1269 mus
521 1260 531 1279 ,
558 1225 819 1269 habitatores
836 1226 882 1268 in
900 1224 1013 1269 coelo
1031 1225 1204 1269 erimus.
1230 1225 1297 1268 Ibi
1320 1240 1362 1268 es
1381 1224 1620 1284 inquilinus
1639 1259 1649 1279 ,
1675 1223 1792 1267 unde

404 1295 630 1340 auditurus
647 1311 690 1339 es
711 1311 863 1340 vocem
886 1296 1059 1340 Domini
1082 1295 1235 1339 Deitui
1251 1331 1261 1349 ,
1282 1295 1438 1354 ll‘ligra.
1461 1298 1569 1340 Nam
1585 1296 1639 1339 de
1660 1294 1792 1339 domo

402 1365 475 1410 illa
497 1376 657 1409 aeterna
685 1367 731 1409 111
758 1365 880 1410 000115
909 1381 1038 1409 nemo
1066 1374 1108 1408 te
1135 1366 1309 1424 jubebit
1338 1366 1539 1424 migrare.
1573 1365 1653 1409 Hic
1690 1380 1791 1423 ergo

403 1437 653 1498 inquilinus.
677 1437 803 1482 Unde
826 1438 954 1481 etiam
974 1436 1133 1481 dicitur
1154 1437 1199 1481 in
1221 1436 1305 1481 alio
1329 1436 1500 1481 Psalmo
1521 1455 1529 1481 :
1562 1456 1581 1478 «
1607 1436 1793 1497 Inquili-

405 1526 426 1550 »
451 1524 532 1552 nus
554 1524 634 1568 ego
658 1524 753 1551 sum
771 1508 889 1567 apud
922 1517 964 1551 te
980 1542 991 1562 ,
1024 1517 1067 1551 et
1089 1508 1362 1566 peregrinus,
1394 1508 1506 1551 sicut
1536 1522 1686 1551 omnes
1713 1522 1792 1567 pa-

406 1597 427 1621 »
453 1589 537 1624 tres
559 1581 682 1623 mei‘2.
712 1598 731 1620 »
758 1579 837 1623 Hic
856 1594 958 1637 ergo
979 1578 1181 1638 inquilini
1199 1593 1371 1633 sumus,
1397 1578 1458 1621 ibi
1477 1578 1686 1622 Dominus
1706 1594 1791 1622 no-

405 1649 472 1694 bis
494 1649 735 1693 mansiones
757 1648 880 1692 dabit
896 1658 1078 1692 aeternas
1100 1667 1108 1692 ε
1131 1667 1152 1690 «
1171 1647 1323 1692 Multae
1337 1683 1348 1703 ,
1369 1648 1532 1708 inquit,
1549 1638 1790 1692 mansiones

407 1739 427 1763 >›
445 1717 546 1765 sunt
559 1719 676 1780 apud
688 1724 858 1764 Patrem
876 1721 1058 1763 rneum3.
1070 1739 1087 1760 »
1100 1719 1344 1763 Mansiones
1362 1717 1454 1763 illas
1472 1735 1562 1764 non
1579 1728 1789 1779 tanquam

407 1791 628 1851 inquilinis
650 1791 796 1846 dabit,
822 1790 897 1834 sed
927 1799 1136 1850 tanquam
1153 1789 1320 1834 civibus
1345 1790 1390 1832 111
1423 1799 1635 1834 aeternum
1663 1806 1791 1835 man-

404 1866 526 1906 suris.
554 1861 633 1906 Hic
660 1870 829 1913 tamen,
856 1859 1029 1915 fratres,
1064 1860 1166 1920 quia
1196 1875 1284 1904 non
1312 1860 1484 1904 modico
1505 1870 1699 1920 tempore
1721 1858 1792 1904 fu-

404 1941 502 1976 tura
524 1941 614 1975 erat
633 1930 877 1975 Ecclesiain
898 1931 978 1975 hac
1000 1940 1112 1974 terra
1133 1950 1142 1975 z
1161 1929 1239 1974 sed
1261 1931 1329 1975 hic
1345 1931 1426 1974 erit
1441 1930 1632 1975 Ecclesia
1650 1942 1793 1991 usque

406 2002 452 2046 in
469 2003 599 2046 finem
617 2002 764 2047 saeculi
787 2021 795 2045 :
816 2000 914 2045 ideo
937 2001 1006 2045 hic
1028 2000 1156 2044 dixit:
1179 2021 1199 2043 ι(
1222 2001 1468 2061 Inquilinus
1487 2017 1560 2046 ero
1574 2002 1619 2045 in
1642 2002 1794 2046 taber-

409 2091 429 2115 »
456 2073 612 2117 naculo
635 2082 711 2118 tuo
733 2088 870 2132 usque
891 2072 937 2116 in
959 2071 1129 2116 saecula.
1154 2071 1311 2116 Saeviat
1335 2090 1354 2112 >1
1370 2072 1694 2131 quantumlibet
1705 2072 1792 2116 ini-

407 2143 568 2198 micus,
597 2152 822 2204 oppugnet
849 2159 939 2198 me,
971 2142 1144 2186 insidias
1174 2142 1281 2186 mihi
1312 2153 1549 2202 praeparet,
1581 2142 1793 2188 scandalis

408 2215 668 2270 crebrescat,
695 2224 737 2258 et
756 2213 883 2258 faciat
904 2214 1004 2273 angi
1028 2229 1102 2258 cor
1133 2229 1281 2257 meum
1311 2230 1320 2254 t
1351 2232 1371 2255 «
1386 2213 1632 2274 Inquilinus
1652 2224 1726 2258 ero
1747 2214 1794 2257 in

412 2301 433 2326 »
454 2284 733 2329 tabernaculo
755 2294 832 2329 tuo
853 2300 991 2344 usque
1012 2285 1056 2328 in
1079 2282 1251 2328 saccula.
1274 2302 1294 2325 »
1309 2286 1407 2329 Non
1424 2285 1624 2329 vincetur
1646 2283 1795 2329 Eccle-

409 2355 470 2399 sia
486 2389 497 2411 ,
512 2371 602 2399 non
618 2355 922 2410 eradicabitur,
940 2371 1019 2400 nec
1033 2356 1160 2399 cedet
1176 2355 1446 2415 quibuslibet
1459 2356 1790 2412 tentationibus,

409 2425 549 2470 donec
563 2426 706 2470 veniat
728 2426 855 2486 hujus
877 2426 1024 2470 saeculi
1055 2426 1173 2480 finis,
1199 2435 1243 2469 et
1271 2441 1349 2470 nos
1382 2427 1437 2470 ab
1458 2427 1537 2471 ista
1565 2426 1793 2486 temporali

407 2505 571 2540 aeterna
591 2495 666 2540 illa
686 2495 896 2540 habitatio
924 2495 1150 2554 suscipiat,
1172 2495 1227 2540 ad
1250 2510 1382 2555 quam
1404 2512 1482 2541 nos
1511 2496 1700 2541 deduce-t
1714 2495 1793 2556 qui

458 2587 467 2604 ¹
490 2580 571 2614 Psal.
591 2591 644 2622 Lx,
665 2579 696 2613 5.
716 2596 757 2604 --
775 2580 852 2612 2111.
879 2590 1006 2621 xxxvm,
1031 2579 1079 2611 13.
1109 2596 1149 2602 —
1171 2576 1184 2602 3
1203 2582 1296 2613 Joan.
1317 2591 1386 2621 xiv,
1407 2590 1437 2613 2.

1845 2900 1849 3022 .-,,-..-.1
1844 2639 1849 2890 -ψῃᾼ--ῄ-
1847 2621 1850 2632 a
1845 1004 1854 2615 “.-fimm—
1848 892 1852 998 .-.-..,
1847 502 1852 882 ,„..——.—-..-—.

1868 2523 1885 2534 j-
1868 2423 1884 2465 -2‘4
1869 2373 1883 2411 ⁶⁶-
1864 1926 1885 2352 aem*
1867 1858 1881 1916 rs·—
