1889 3285
405 251 649 281 ENAnRAno
682 249 727 280 IN
763 251 964 281 PSALMUM
997 254 1122 281 Lxm.
1376 243 1458 282 175

71 333 170 361 rum
185 353 197 372 ‚
213 319 381 363 curavit
401 333 552 363 omnes
573 317 804 377 languidos
817 334 967 364 eorum
983 354 993 375 ,
1008 317 1262 379 praedicavit
1278 333 1463 379 regnum

70 388 308 445 coelorum,
346 404 438 434 non
458 389 595 433 tacuit
614 389 719 433 vitia
743 404 893 434 eorum
909 424 921 445 ‚
946 397 997 433 ut
1017 388 1108 448 ipsa
1127 389 1271 448 potius
1293 389 1352 434 eis
1373 388 1464 435 dis-

70 458 304 518 plicerent,
335 475 426 504 non
457 458 655 504 medicus
681 475 704 503 a
736 476 827 520 quo
847 460 1114 505 sanabantur
1139 478 1149 504 :
1173 459 1240 503 his
1261 460 1465 505 omnibus

70 530 372 574 curationibus
393 531 486 590 ejus
508 529 683 589 ingrati,
699 539 910 591 tanquam
925 528 1063 574 multa
1079 525 1191 573 febri
1204 530 1463 589 phrenetici,

70 599 333 645 insanientes
353 601 400 644 in
415 600 636 645 medicum
652 636 663 656 ,
686 601 763 661 qui
784 609 963 647 venerat
983 613 1135 645 curare
1155 612 1229 645 eos
1243 635 1254 656 ‚
1284 601 1459 660 excogi*

70 679 274 716 taverunt
295 669 525 717 consilium
551 671 763 731 perdendi
785 686 909 730 eum3
938 679 1148 732 tanquam
1175 671 1238 716 ibi
1263 671 1458 717 volentes

70 741 256 800 probare
288 750 438 786 utrum
450 757 552 786 vere
574 742 708 787 homo
729 743 808 798 sit,
833 743 908 803 qui
921 742 1033 787 mori
1045 741 1178 802 possit
1193 777 1204 798 ,
1225 756 1281 787 an
1293 741 1460 803 aliquid

71 826 201 871 super
220 812 418 857 homines
435 813 511 868 sit,
544 822 587 858 et
608 814 719 858 mori
736 829 780 857 se
801 830 891 858 non
909 814 1146 873 permittat.
1167 814 1363 858 Verbum
1392 814 1462 874 ip-

71 896 216 926 sorum
231 883 502 941 agnoscimus
522 883 569 926 in
593 884 811 943 Sapientia
830 883 1086 929 Salomonis.
1106 887 1279 929 «Morte
1299 884 1461 944 turpis-

74 969 96 993 »
129 952 251 1008 sima,
267 952 490 1013 inquiunt,
507 953 847 999 condemnemus
860 970 977 998 eum.
994 958 1315 1014 Interrogemus
1333 969 1460 1014 eum,

77 1041 96 1064 »
129 1022 212 1067 erit
239 1023 356 1066 enim
385 1033 605 1084 respectus
628 1025 672 1069 in
700 1025 971 1069 sermonibus
988 1025 1101 1069 illius
1128 1044 1137 1070 :
1161 1025 1195 1069 si
1221 1025 1339 1069 enim
1360 1041 1461 1070 vere

74 1111 96 1134 »
130 1092 268 1138 Filius
293 1094 370 1140 Dei
392 1104 478 1151 est,
502 1094 660 1140 liberet
679 1111 781 1140 eum
796 1097 858 1140 1.»
870 1095 1104 1141 Videamus
1126 1111 1230 1156 ergo
1243 1095 1351 1157 quid
1368 1095 1461 1142 fac-

71 1172 166 1208 tum
188 1173 257 1208 sit.

132 1236 208 1278 IV.
238 1253 258 1277 «
275 1236 386 1288 Quia
397 1246 662 1282 exacuerunt
678 1247 888 1298 tanquam
906 1236 1098 1296 gladium
1110 1236 1280 1297 linguas
1289 1241 1458 1281 suas2.»

74 1321 99 1345 »
132 1304 232 1349 Filii
254 1306 483 1352 hominum
496 1306 650 1352 dentes
672 1323 823 1353 eorum
841 1323 960 1353 arma
977 1317 1020 1353 et
1042 1309 1206 1366 sagittae
1221 1343 1232 1363 ,
1254 1316 1297 1351 et
1311 1306 1463 1366 lingua

74 1391 98 1415 >³
131 1389 282 1418 eorum
302 1377 470 1433 gladius
488 1381 682 1430 acutus³³‚
705 1398 725 1420 »
751 1378 872 1435 quod
894 1379 999 1424 dicit
1021 1388 1064 1423 et
1091 1378 1199 1423 alius
1228 1377 1424 1421 Psalmus
1449 1395 1460 1423 ε

74 1446 134 1489 sic
151 1454 194 1489 et
209 1445 281 1489 hic
301 1464 309 1489 :
340 1464 360 1487 «
386 1448 666 1490 Exacuerunt
687 1454 896 1505 tanquam
915 1445 1108 1503 gladium
1124 1446 1296 1507 linguas
1317 1464 1459 1493 suas.»

74 1518 174 1562 Non
204 1514 353 1560 dicant
383 1515 526 1560 Judaei
559 1535 568 1560 :
602 1518 700 1561 Non
732 1514 971 1559 occidimus
1009 1517 1245 1562 Christum.
1285 1518 1463 1563 Etenim

75 1595 303 1646 propterea
336 1602 455 1631 eum·
474 1585 692 1631 dederunt
714 1585 852 1646 judici
885 1585 1048 1640 Pilato,
1088 1594 1139 1629 ut
1169 1589 1291 1645 quasi
1321 1589 1402 1645 ipsi
1438 1603 1463 1632 a

75 1666 216 1702 morte
233 1661 326 1720 ejus
342 1656 595 1702 viderentur
610 1657 842 1701 immunes.
867 1658 977 1701 Nam
1000 1671 1102 1700 cum
1122 1655 1298 1700 dixisset
1316 1656 1376 1700 eis
1393 1658 1466 1700 Pi-

76 1727 190 1773 latus
215 1747 224 1772 :
251 1730 364 1773 «Vos
393 1743 495 1773 eum
518 1727 724 1786 occidite3
754 1747 772 1769 »
799 1726 1119 1787 responderunt
1144 1745 1153 1771 :
1179 1726 1354 1772 «Nobis
1373 1742 1466 1771 non

80 1817 102 1842 η
135 1799 239 1844 licet
265 1799 462 1845 occidere
489 1814 756 1860 quemquam
773 1799 806 1842 ⁴.
824 1817 847 1840 n
871 1798 1152 1859 Iniquitatem
1174 1797 1377 1843 facinoris
1399 1799 1466 1842 sui

78 1871 125 1915 in
141 1871 335 1931 judicem
371 1871 595 1915 hominem
616 1868 849 1914 refundere
876 1869 1084 1914 volebant
1114 1888 1122 1913 :
1151 1867 1226 1913 sed
1251 1867 1468 1927 numquid

78 1944 217 1986 Deum
246 1941 438 2002 judicem
473 1940 714 1985 fallebant?
743 1939 874 1994 Quod
894 1939 1000 1984 fecit
1020 1939 1207 1994 Pilatus,
1231 1939 1278 1982 in
1300 1953 1351 1983 eo
1373 1938 1466 1999 ipso

79 2012 202 2072 quod
216 2010 335 2067 fecit,
353 2011 627 2071 aliquantum
644 2010 858 2071 particeps
876 2008 976 2065 fuit,
992 2009 1068 2054 sed
1085 2010 1131 2054 in
1147 2009 1469 2069 comparatione

80 2081 254 2127 illorum
268 2081 410 2126 multo
431 2082 522 2141 ipse
539 2081 825 2126 innocentior.
845 2081 1007 2125 Institit
1029 2080 1145 2124 enim
1167 2089 1381 2141 quantum
1398 2094 1471 2140 po-

81 2153 189 2208 tuit,
209 2162 260 2197 ut
279 2152 406 2196 illum
423 2168 473 2196 ex
491 2167 641 2196 eorum
661 2151 864 2195 manibus
881 2150 1101 2195 liberaret.
1121 2153 1232 2196 Nam
1243 2159 1473 2210 propterea
1530 2141 1534 2147 ¹

83 2223 354 2283 flagellatum
372 2221 581 2283 produxit
602 2220 657 2266 ad
679 2237 765 2266 eos.
794 2224 893 2267 Non
913 2221 1216 2282 persequendo
1236 2221 1473 2266 Dominum

84 2294 342 2354 flagellavit,
367 2293 441 2338 sed
464 2308 616 2338 eorum
638 2293 776 2338 furori
798 2292 1041 2337 satisfacere
1061 2292 1233 2349 volens,
1257 2302 1308 2338 ut
1323 2291 1394 2337 vel
1415 2292 1474 2337 sic

81 2366 172 2425 jam
189 2366 481 2419 mitescerent,
505 2372 548 2407 et
565 2363 813 2408 desinerent
833 2363 945 2408 velle
966 2363 1164 2408 occidere
1181 2398 1192 2419 ,
1208 2377 1309 2408 cum
1321 2361 1475 2422 flagel-

86 2435 225 2480 latum
261 2436 460 2481 viderent
478 2437 509 2491 ⁵,
543 2433 648 2479 fecit
670 2443 713 2478 et
743 2435 841 2479 hoc.
869 2438 927 2479 At
957 2433 1034 2478 ubi
1062 2442 1471 2494 perseveraverunt,

135 2532 144 2549 ¹
165 2533 238 2574 Sap.
258 2543 296 2573 η,
318 2534 428 2564 18-20.
449 2543 492 2555 —‘-
507 2537 520 2554 ²
535 2530 721 2573 Psal.1.xn¹,
745 2530 778 2572 4.
799 2546 840 2554 --
861 2528 874 2554 3
897 2530 944 2563 Id.
965 2541 1029 2572 im,
1048 2529 1080 2563 5.
1102 2547 1143 2555 --
1161 2528 1178 2561 4
1194 2533 1286 2564 Joan.
1307 2540 1396 2571 xvm,
1418 2528 1472 2562 31.

89 2603 130 2610 —
147 2585 311 2628 51d.m,
340 2587 407 2619 1-5.
