<?xml version="1.0" encoding="UTF-8"?>
<!DOCTYPE html PUBLIC "-//W3C//DTD XHTML 1.0 Transitional//EN"
    "http://www.w3.org/TR/xhtml1/DTD/xhtml1-transitional.dtd">
<html xmlns="http://www.w3.org/1999/xhtml" xml:lang="en" lang="en">
 <head>
  <title>
</title>
<meta http-equiv="Content-Type" content="text/html;charset=utf-8" />
  <meta name='ocr-system' content='tesseract 3.04.00' />
  <meta name='ocr-capabilities' content='ocr_page ocr_carea ocr_par ocr_line ocrx_word'/>
</head>
<body>
  <div class='ocr_page' id='page_1' title='image "./operaomniaaccura09auguuoft_0057.png"; bbox 0 0 1889 3285; ppageno 0'>
   <div class='ocr_carea' id='block_1_1' title="bbox 1 0 31 2527">
    <p class='ocr_par' dir='ltr' id='par_1_1' title="bbox 1 0 31 2527">
     <span class='ocr_line' id='line_1_1' title="bbox 1 0 31 2527; baseline 0 0"><span class='ocrx_word' id='word_1_1' title='bbox 1 0 31 2527; x_wconf 95' lang='lat' dir='ltr'> </span> 
     </span>
    </p>
   </div>
   <div class='ocr_carea' id='block_1_2' title="bbox 6 223 1456 2622">
    <p class='ocr_par' dir='ltr' id='par_1_2' title="bbox 6 223 1456 2412">
     <span class='ocr_line' id='line_1_2' title="bbox 407 223 1455 279; baseline 0.003 -3"><span class='ocrx_word' id='word_1_2' title='bbox 407 223 648 277; x_wconf 73' lang='lat' dir='ltr'>ENARRATIo</span> <span class='ocrx_word' id='word_1_3' title='bbox 679 251 724 278; x_wconf 81' lang='lat' dir='ltr'>IN</span> <span class='ocrx_word' id='word_1_4' title='bbox 757 248 960 278; x_wconf 76' lang='lat' dir='ltr'>PsALMUM</span> <span class='ocrx_word' id='word_1_5' title='bbox 990 251 1096 279; x_wconf 85' lang='lat' dir='ltr'>Lvn.</span> <span class='ocrx_word' id='word_1_6' title='bbox 1399 240 1455 279; x_wconf 83' lang='lat'>47</span> 
     </span>
     <span class='ocr_line' id='line_1_3' title="bbox 72 314 1456 376; baseline 0.001 -18"><span class='ocrx_word' id='word_1_7' title='bbox 72 315 118 359; x_wconf 91' lang='lat' dir='ltr'>in</span> <span class='ocrx_word' id='word_1_8' title='bbox 142 315 208 358; x_wconf 90' lang='lat' dir='ltr'>his</span> <span class='ocrx_word' id='word_1_9' title='bbox 237 314 376 374; x_wconf 85' lang='lat' dir='ltr'>poenis</span> <span class='ocrx_word' id='word_1_10' title='bbox 402 314 542 374; x_wconf 89' lang='lat' dir='ltr'>justos</span> <span class='ocrx_word' id='word_1_11' title='bbox 575 314 708 373; x_wconf 85' lang='lat' dir='ltr'>affligi</span> <span class='ocrx_word' id='word_1_12' title='bbox 725 349 736 369; x_wconf 84' lang='lat'>,</span> <span class='ocrx_word' id='word_1_13' title='bbox 772 324 815 359; x_wconf 90' lang='lat' dir='ltr'>et</span> <span class='ocrx_word' id='word_1_14' title='bbox 837 315 890 359; x_wconf 87' lang='lat' dir='ltr'>ab</span> <span class='ocrx_word' id='word_1_15' title='bbox 911 315 977 360; x_wconf 89' lang='lat' dir='ltr'>his</span> <span class='ocrx_word' id='word_1_16' title='bbox 1000 314 1142 374; x_wconf 87' lang='lat' dir='ltr'>poenis</span> <span class='ocrx_word' id='word_1_17' title='bbox 1164 315 1346 376; x_wconf 85' lang='lat' dir='ltr'>injustos</span> <span class='ocrx_word' id='word_1_18' title='bbox 1365 331 1456 360; x_wconf 89' lang='lat' dir='ltr'>esse</span> 
     </span>
     <span class='ocr_line' id='line_1_4' title="bbox 70 383 1456 445; baseline 0.001 -17"><span class='ocrx_word' id='word_1_19' title='bbox 70 384 253 429; x_wconf 83' lang='lat' dir='ltr'>alienos:</span> <span class='ocrx_word' id='word_1_20' title='bbox 271 383 388 428; x_wconf 82' lang='lat' dir='ltr'>unde</span> <span class='ocrx_word' id='word_1_21' title='bbox 407 393 675 428; x_wconf 84' lang='lat' dir='ltr'><strong>nutaverunt</strong></span> <span class='ocrx_word' id='word_1_22' title='bbox 695 384 825 444; x_wconf 87' lang='lat' dir='ltr'>pedes</span> <span class='ocrx_word' id='word_1_23' title='bbox 843 385 922 440; x_wconf 82' lang='lat' dir='ltr'>illi,</span> <span class='ocrx_word' id='word_1_24' title='bbox 947 385 1024 445; x_wconf 89' lang='lat' dir='ltr'>qui</span> <span class='ocrx_word' id='word_1_25' title='bbox 1045 394 1193 444; x_wconf 86' lang='lat' dir='ltr'>postea</span> <span class='ocrx_word' id='word_1_26' title='bbox 1216 385 1456 443; x_wconf 82' lang='lat' dir='ltr'>gratulatus</span> 
     </span>
     <span class='ocr_line' id='line_1_5' title="bbox 68 454 1455 507; baseline 0.001 -8"><span class='ocrx_word' id='word_1_27' title='bbox 68 456 127 500; x_wconf 90' lang='lat' dir='ltr'>ait</span> <span class='ocrx_word' id='word_1_28' title='bbox 151 474 160 499; x_wconf 91' lang='lat'>:</span> <span class='ocrx_word' id='word_1_29' title='bbox 187 474 206 497; x_wconf 89' lang='lat'>«</span> <span class='ocrx_word' id='word_1_30' title='bbox 236 457 378 507; x_wconf 89' lang='lat' dir='ltr'>Quam</span> <span class='ocrx_word' id='word_1_31' title='bbox 400 454 542 498; x_wconf 83' lang='lat' dir='ltr'>bonus</span> <span class='ocrx_word' id='word_1_32' title='bbox 564 455 695 498; x_wconf 77' lang='lat' dir='ltr'>Israel</span> <span class='ocrx_word' id='word_1_33' title='bbox 718 459 832 500; x_wconf 88' lang='lat' dir='ltr'>Deus</span> <span class='ocrx_word' id='word_1_34' title='bbox 861 456 986 500; x_wconf 89' lang='lat' dir='ltr'>rectis</span> <span class='ocrx_word' id='word_1_35' title='bbox 1008 454 1159 500; x_wconf 76' lang='lat' dir='ltr'>corde!</span> <span class='ocrx_word' id='word_1_36' title='bbox 1193 457 1280 500; x_wconf 87' lang='lat' dir='ltr'>Mei</span> <span class='ocrx_word' id='word_1_37' title='bbox 1309 467 1455 502; x_wconf 90' lang='lat' dir='ltr'>autem</span> 
     </span>
     <span class='ocr_line' id='line_1_6' title="bbox 70 524 1456 586; baseline 0.004 -20"><span class='ocrx_word' id='word_1_38' title='bbox 70 543 92 567; x_wconf 89' lang='lat'>»</span> <span class='ocrx_word' id='word_1_39' title='bbox 125 539 237 584; x_wconf 89' lang='lat' dir='ltr'>pene</span> <span class='ocrx_word' id='word_1_40' title='bbox 257 525 463 569; x_wconf 89' lang='lat' dir='ltr'>commoti</span> <span class='ocrx_word' id='word_1_41' title='bbox 486 534 589 569; x_wconf 88' lang='lat' dir='ltr'>sunt</span> <span class='ocrx_word' id='word_1_42' title='bbox 611 524 741 584; x_wconf 88' lang='lat' dir='ltr'>pedes</span> <span class='ocrx_word' id='word_1_43' title='bbox 757 561 768 580; x_wconf 88' lang='lat'>,</span> <span class='ocrx_word' id='word_1_44' title='bbox 803 526 904 586; x_wconf 88' lang='lat' dir='ltr'>quia</span> <span class='ocrx_word' id='word_1_45' title='bbox 927 525 1061 570; x_wconf 86' lang='lat' dir='ltr'>zelavi</span> <span class='ocrx_word' id='word_1_46' title='bbox 1087 526 1132 569; x_wconf 91' lang='lat' dir='ltr'>in</span> <span class='ocrx_word' id='word_1_47' title='bbox 1155 527 1456 585; x_wconf 85' lang='lat' dir='ltr'>peccatoribus</span> 
     </span>
     <span class='ocr_line' id='line_1_7' title="bbox 68 595 1455 655; baseline 0.003 -18"><span class='ocrx_word' id='word_1_48' title='bbox 68 613 90 637; x_wconf 90' lang='lat'>»</span> <span class='ocrx_word' id='word_1_49' title='bbox 123 610 275 655; x_wconf 82' lang='lat' dir='ltr'>pacem</span> <span class='ocrx_word' id='word_1_50' title='bbox 296 605 575 655; x_wconf 86' lang='lat' dir='ltr'>peccatorum</span> <span class='ocrx_word' id='word_1_51' title='bbox 596 596 770 640; x_wconf 87' lang='lat' dir='ltr'>intuens</span> <span class='ocrx_word' id='word_1_52' title='bbox 783 599 814 640; x_wconf 90' lang='lat'>¹.</span> <span class='ocrx_word' id='word_1_53' title='bbox 831 614 852 638; x_wconf 70' lang='grc' dir='ltr'><strong>υ</strong></span> <span class='ocrx_word' id='word_1_54' title='bbox 875 595 1048 640; x_wconf 81' lang='lat' dir='ltr'>Viderat</span> <span class='ocrx_word' id='word_1_55' title='bbox 1065 596 1181 639; x_wconf 89' lang='lat' dir='ltr'>enim</span> <span class='ocrx_word' id='word_1_56' title='bbox 1203 595 1455 641; x_wconf 81' lang='lat' dir='ltr'>felicitatem</span> 
     </span>
     <span class='ocr_line' id='line_1_8' title="bbox 68 657 1454 727; baseline 0.001 -16"><span class='ocrx_word' id='word_1_57' title='bbox 68 685 89 709; x_wconf 83' lang='lat'>»</span> <span class='ocrx_word' id='word_1_58' title='bbox 122 666 352 722; x_wconf 85' lang='lat' dir='ltr'>malorum,</span> <span class='ocrx_word' id='word_1_59' title='bbox 378 676 422 711; x_wconf 89' lang='lat' dir='ltr'>et</span> <span class='ocrx_word' id='word_1_60' title='bbox 441 667 682 712; x_wconf 87' lang='lat' dir='ltr'>delectatus</span> <span class='ocrx_word' id='word_1_61' title='bbox 700 677 791 712; x_wconf 88' lang='lat' dir='ltr'>erat</span> <span class='ocrx_word' id='word_1_62' title='bbox 807 657 896 712; x_wconf 75' lang='lat' dir='ltr'>esse</span> <span class='ocrx_word' id='word_1_63' title='bbox 918 666 1080 723; x_wconf 81' lang='lat' dir='ltr'>malus,</span> <span class='ocrx_word' id='word_1_64' title='bbox 1105 666 1255 711; x_wconf 85' lang='lat' dir='ltr'>videns</span> <span class='ocrx_word' id='word_1_65' title='bbox 1275 684 1454 727; x_wconf 82' lang='lat' dir='ltr'>regnare</span> 
     </span>
     <span class='ocr_line' id='line_1_9' title="bbox 69 737 1454 799; baseline 0.001 -18"><span class='ocrx_word' id='word_1_66' title='bbox 69 756 91 780; x_wconf 75' lang='lat' dir='ltr'>n</span> <span class='ocrx_word' id='word_1_67' title='bbox 123 737 260 782; x_wconf 89' lang='lat' dir='ltr'>malos</span> <span class='ocrx_word' id='word_1_68' title='bbox 277 773 288 793; x_wconf 86' lang='lat'>‚</span> <span class='ocrx_word' id='word_1_69' title='bbox 314 739 427 782; x_wconf 89' lang='lat' dir='ltr'>bene</span> <span class='ocrx_word' id='word_1_70' title='bbox 444 738 528 783; x_wconf 73' lang='lat' dir='ltr'>illis</span> <span class='ocrx_word' id='word_1_71' title='bbox 550 754 640 782; x_wconf 87' lang='lat' dir='ltr'>esse</span> <span class='ocrx_word' id='word_1_72' title='bbox 654 773 667 793; x_wconf 90' lang='lat'>‚</span> <span class='ocrx_word' id='word_1_73' title='bbox 691 739 917 791; x_wconf 84' lang='lat' dir='ltr'>abundare</span> <span class='ocrx_word' id='word_1_74' title='bbox 937 754 1010 783; x_wconf 87' lang='lat' dir='ltr'>eos</span> <span class='ocrx_word' id='word_1_75' title='bbox 1033 739 1079 782; x_wconf 91' lang='lat' dir='ltr'>in</span> <span class='ocrx_word' id='word_1_76' title='bbox 1097 739 1216 783; x_wconf 90' lang='lat' dir='ltr'>omni</span> <span class='ocrx_word' id='word_1_77' title='bbox 1242 740 1367 799; x_wconf 83' lang='lat' dir='ltr'>copia</span> <span class='ocrx_word' id='word_1_78' title='bbox 1384 755 1454 783; x_wconf 88' lang='lat' dir='ltr'>re-</span> 
     </span>
     <span class='ocr_line' id='line_1_10' title="bbox 64 808 1454 869; baseline 0.002 -17"><span class='ocrx_word' id='word_1_79' title='bbox 64 824 162 853; x_wconf 89' lang='lat' dir='ltr'>rum</span> <span class='ocrx_word' id='word_1_80' title='bbox 179 808 502 868; x_wconf 81' lang='lat' dir='ltr'>temporalium,</span> <span class='ocrx_word' id='word_1_81' title='bbox 522 809 669 869; x_wconf 88' lang='lat' dir='ltr'>qualia</span> <span class='ocrx_word' id='word_1_82' title='bbox 687 809 831 854; x_wconf 89' lang='lat' dir='ltr'>adhuc</span> <span class='ocrx_word' id='word_1_83' title='bbox 848 810 938 869; x_wconf 88' lang='lat' dir='ltr'>ipse</span> <span class='ocrx_word' id='word_1_84' title='bbox 951 809 1157 869; x_wconf 86' lang='lat' dir='ltr'>parvulus</span> <span class='ocrx_word' id='word_1_85' title='bbox 1178 809 1454 855; x_wconf 83' lang='lat' dir='ltr'>desiderabat</span> 
     </span>
     <span class='ocr_line' id='line_1_11' title="bbox 64 879 1453 940; baseline 0.002 -16"><span class='ocrx_word' id='word_1_86' title='bbox 64 895 89 924; x_wconf 88' lang='lat' dir='ltr'>a</span> <span class='ocrx_word' id='word_1_87' title='bbox 115 879 331 924; x_wconf 85' lang='lat' dir='ltr'>Domino:</span> <span class='ocrx_word' id='word_1_88' title='bbox 361 888 405 924; x_wconf 90' lang='lat' dir='ltr'>et</span> <span class='ocrx_word' id='word_1_89' title='bbox 435 889 701 926; x_wconf 85' lang='lat' dir='ltr'>nutaverunt</span> <span class='ocrx_word' id='word_1_90' title='bbox 730 880 793 924; x_wconf 93' lang='lat' dir='ltr'>illi</span> <span class='ocrx_word' id='word_1_91' title='bbox 823 880 975 939; x_wconf 86' lang='lat' dir='ltr'>pedes,</span> <span class='ocrx_word' id='word_1_92' title='bbox 1005 896 1144 940; x_wconf 82' lang='lat' dir='ltr'>usque</span> <span class='ocrx_word' id='word_1_93' title='bbox 1169 896 1258 940; x_wconf 90' lang='lat' dir='ltr'>quo</span> <span class='ocrx_word' id='word_1_94' title='bbox 1286 880 1453 927; x_wconf 83' lang='lat' dir='ltr'>videret</span> 
     </span>
     <span class='ocr_line' id='line_1_12' title="bbox 62 949 1452 1010; baseline 0.002 -17"><span class='ocrx_word' id='word_1_95' title='bbox 62 949 169 1010; x_wconf 87' lang='lat' dir='ltr'>quid</span> <span class='ocrx_word' id='word_1_96' title='bbox 190 950 236 993; x_wconf 90' lang='lat' dir='ltr'>in</span> <span class='ocrx_word' id='word_1_97' title='bbox 253 950 384 994; x_wconf 88' lang='lat' dir='ltr'>finem</span> <span class='ocrx_word' id='word_1_98' title='bbox 406 949 477 995; x_wconf 87' lang='lat' dir='ltr'>vel</span> <span class='ocrx_word' id='word_1_99' title='bbox 507 950 771 1010; x_wconf 88' lang='lat' dir='ltr'>sperandum</span> <span class='ocrx_word' id='word_1_100' title='bbox 793 950 864 995; x_wconf 86' lang='lat' dir='ltr'>vel</span> <span class='ocrx_word' id='word_1_101' title='bbox 886 951 1127 995; x_wconf 89' lang='lat' dir='ltr'>timendum</span> <span class='ocrx_word' id='word_1_102' title='bbox 1149 951 1217 995; x_wconf 90' lang='lat' dir='ltr'>sit.</span> <span class='ocrx_word' id='word_1_103' title='bbox 1243 952 1315 996; x_wconf 85' lang='lat' dir='ltr'>Ait</span> <span class='ocrx_word' id='word_1_104' title='bbox 1336 952 1452 996; x_wconf 88' lang='lat' dir='ltr'>enim</span> 
     </span>
     <span class='ocr_line' id='line_1_13' title="bbox 62 1019 1450 1076; baseline 0.003 -13"><span class='ocrx_word' id='word_1_105' title='bbox 62 1020 108 1064; x_wconf 92' lang='lat' dir='ltr'>in</span> <span class='ocrx_word' id='word_1_106' title='bbox 124 1019 278 1063; x_wconf 90' lang='lat' dir='ltr'>eodem</span> <span class='ocrx_word' id='word_1_107' title='bbox 300 1019 497 1065; x_wconf 88' lang='lat' dir='ltr'>Psalmo:</span> <span class='ocrx_word' id='word_1_108' title='bbox 517 1039 537 1062; x_wconf 83' lang='lat'>«</span> <span class='ocrx_word' id='word_1_109' title='bbox 565 1023 657 1065; x_wconf 89' lang='lat' dir='ltr'>Hoc</span> <span class='ocrx_word' id='word_1_110' title='bbox 679 1020 804 1065; x_wconf 86' lang='lat' dir='ltr'>labor</span> <span class='ocrx_word' id='word_1_111' title='bbox 829 1030 893 1065; x_wconf 90' lang='lat' dir='ltr'>est</span> <span class='ocrx_word' id='word_1_112' title='bbox 915 1030 1015 1065; x_wconf 89' lang='lat' dir='ltr'>ante</span> <span class='ocrx_word' id='word_1_113' title='bbox 1034 1037 1126 1076; x_wconf 92' lang='lat' dir='ltr'>me,</span> <span class='ocrx_word' id='word_1_114' title='bbox 1148 1021 1287 1066; x_wconf 91' lang='lat' dir='ltr'>donec</span> <span class='ocrx_word' id='word_1_115' title='bbox 1310 1021 1450 1068; x_wconf 77' lang='lat' dir='ltr'>intro·</span> 
     </span>
     <span class='ocr_line' id='line_1_14' title="bbox 6 1089 1448 1149; baseline 0.003 -17"><span class='ocrx_word' id='word_1_116' title='bbox 6 1111 8 1126; x_wconf 72' lang='grc' dir='ltr'>ι</span> <span class='ocrx_word' id='word_1_117' title='bbox 65 1107 87 1131; x_wconf 81' lang='grc'>»</span> <span class='ocrx_word' id='word_1_118' title='bbox 119 1093 215 1133; x_wconf 83' lang='lat' dir='ltr'>e&#39;am</span> <span class='ocrx_word' id='word_1_119' title='bbox 231 1089 276 1133; x_wconf 89' lang='lat' dir='ltr'>in</span> <span class='ocrx_word' id='word_1_120' title='bbox 298 1090 593 1134; x_wconf 85' lang='lat' dir='ltr'>sanctuarium</span> <span class='ocrx_word' id='word_1_121' title='bbox 614 1091 692 1134; x_wconf 85' lang='lat' dir='ltr'>Dei</span> <span class='ocrx_word' id='word_1_122' title='bbox 710 1125 721 1145; x_wconf 84' lang='lat'>‚</span> <span class='ocrx_word' id='word_1_123' title='bbox 746 1100 790 1134; x_wconf 91' lang='lat' dir='ltr'>et</span> <span class='ocrx_word' id='word_1_124' title='bbox 810 1090 1051 1149; x_wconf 80' lang='lat' dir='ltr'>intelligam</span> <span class='ocrx_word' id='word_1_125' title='bbox 1066 1091 1110 1134; x_wconf 90' lang='lat' dir='ltr'>in</span> <span class='ocrx_word' id='word_1_126' title='bbox 1132 1091 1405 1136; x_wconf 78' lang='lat' dir='ltr'>novissima2.</span> <span class='ocrx_word' id='word_1_127' title='bbox 1425 1111 1448 1136; x_wconf 66' lang='lat' dir='ltr'>&gt;v</span> 
     </span>
     <span class='ocr_line' id='line_1_15' title="bbox 6 1159 1449 1221; baseline 0.002 -17"><span class='ocrx_word' id='word_1_128' title='bbox 6 1159 13 1171; x_wconf 61' lang='lat'><em>&#39;</em></span> <span class='ocrx_word' id='word_1_129' title='bbox 61 1161 158 1204; x_wconf 91' lang='lat' dir='ltr'>Non</span> <span class='ocrx_word' id='word_1_130' title='bbox 174 1175 276 1218; x_wconf 80' lang='lat' dir='ltr'>ergo</span> <span class='ocrx_word' id='word_1_131' title='bbox 297 1175 451 1219; x_wconf 87' lang='lat' dir='ltr'>poenas</span> <span class='ocrx_word' id='word_1_132' title='bbox 473 1160 712 1204; x_wconf 85' lang='lat' dir='ltr'>inferorum</span> <span class='ocrx_word' id='word_1_133' title='bbox 726 1195 737 1215; x_wconf 86' lang='lat'>,</span> <span class='ocrx_word' id='word_1_134' title='bbox 762 1176 852 1204; x_wconf 92' lang='lat' dir='ltr'>non</span> <span class='ocrx_word' id='word_1_135' title='bbox 874 1176 1026 1220; x_wconf 88' lang='lat' dir='ltr'>poenas</span> <span class='ocrx_word' id='word_1_136' title='bbox 1049 1160 1164 1205; x_wconf 89' lang='lat' dir='ltr'>illius</span> <span class='ocrx_word' id='word_1_137' title='bbox 1185 1171 1283 1221; x_wconf 89' lang='lat' dir='ltr'>post</span> <span class='ocrx_word' id='word_1_138' title='bbox 1304 1177 1449 1207; x_wconf 87' lang='lat' dir='ltr'>resur-</span> 
     </span>
     <span class='ocr_line' id='line_1_16' title="bbox 6 1230 1448 1292; baseline 0.003 -20"><span class='ocrx_word' id='word_1_139' title='bbox 6 1267 7 1270; x_wconf 58' lang='lat'>,</span> <span class='ocrx_word' id='word_1_140' title='bbox 60 1230 295 1273; x_wconf 83' lang='lat' dir='ltr'>rectionem</span> <span class='ocrx_word' id='word_1_141' title='bbox 315 1230 426 1288; x_wconf 81' lang='lat' dir='ltr'>ignis</span> <span class='ocrx_word' id='word_1_142' title='bbox 458 1231 631 1286; x_wconf 82' lang='lat' dir='ltr'>aeterni,</span> <span class='ocrx_word' id='word_1_143' title='bbox 662 1246 752 1275; x_wconf 91' lang='lat' dir='ltr'>non</span> <span class='ocrx_word' id='word_1_144' title='bbox 773 1246 927 1290; x_wconf 88' lang='lat' dir='ltr'>poenas</span> <span class='ocrx_word' id='word_1_145' title='bbox 962 1231 1062 1275; x_wconf 86' lang='lat' dir='ltr'>istas</span> <span class='ocrx_word' id='word_1_146' title='bbox 1096 1247 1196 1292; x_wconf 80' lang='lat' dir='ltr'>quae</span> <span class='ocrx_word' id='word_1_147' title='bbox 1229 1231 1373 1276; x_wconf 87' lang='lat' dir='ltr'>adhuc</span> <span class='ocrx_word' id='word_1_148' title='bbox 1401 1234 1448 1277; x_wconf 90' lang='lat' dir='ltr'>in</span> 
     </span>
     <span class='ocr_line' id='line_1_17' title="bbox 10 1299 1448 1363; baseline 0.001 -18"><span class='ocrx_word' id='word_1_149' title='bbox 10 1323 13 1345; x_wconf 82' lang='lat' dir='ltr'>i</span> <span class='ocrx_word' id='word_1_150' title='bbox 60 1300 143 1344; x_wconf 90' lang='lat' dir='ltr'>hoc</span> <span class='ocrx_word' id='word_1_151' title='bbox 163 1299 323 1344; x_wconf 78' lang='lat' dir='ltr'>saeculo</span> <span class='ocrx_word' id='word_1_152' title='bbox 340 1300 595 1359; x_wconf 78' lang='lat' dir='ltr'>promiscuae</span> <span class='ocrx_word' id='word_1_153' title='bbox 608 1311 710 1345; x_wconf 90' lang='lat' dir='ltr'>sunt</span> <span class='ocrx_word' id='word_1_154' title='bbox 720 1301 846 1361; x_wconf 86' lang='lat' dir='ltr'>justis</span> <span class='ocrx_word' id='word_1_155' title='bbox 869 1311 912 1346; x_wconf 87' lang='lat' dir='ltr'>et</span> <span class='ocrx_word' id='word_1_156' title='bbox 928 1301 1111 1361; x_wconf 82' lang='lat' dir='ltr'>injustis,</span> <span class='ocrx_word' id='word_1_157' title='bbox 1129 1311 1172 1346; x_wconf 92' lang='lat' dir='ltr'>et</span> <span class='ocrx_word' id='word_1_158' title='bbox 1188 1301 1448 1363; x_wconf 86' lang='lat' dir='ltr'>plerumque</span> 
     </span>
     <span class='ocr_line' id='line_1_18' title="bbox 9 1370 1448 1433; baseline 0.003 -20"><span class='ocrx_word' id='word_1_159' title='bbox 9 1383 13 1388; x_wconf 83' lang='lat'>&#39;</span> <span class='ocrx_word' id='word_1_160' title='bbox 60 1370 273 1428; x_wconf 82' lang='lat' dir='ltr'>graviores</span> <span class='ocrx_word' id='word_1_161' title='bbox 303 1372 521 1430; x_wconf 85' lang='lat' dir='ltr'>justorum</span> <span class='ocrx_word' id='word_1_162' title='bbox 549 1387 680 1430; x_wconf 80' lang='lat' dir='ltr'>quam</span> <span class='ocrx_word' id='word_1_163' title='bbox 708 1371 998 1431; x_wconf 66' lang='lat' dir='ltr'>injustorum,</span> <span class='ocrx_word' id='word_1_164' title='bbox 1033 1372 1109 1417; x_wconf 92' lang='lat' dir='ltr'>sed</span> <span class='ocrx_word' id='word_1_165' title='bbox 1142 1374 1285 1417; x_wconf 87' lang='lat' dir='ltr'>nescio</span> <span class='ocrx_word' id='word_1_166' title='bbox 1313 1389 1448 1433; x_wconf 86' lang='lat' dir='ltr'>quam</span> 
     </span>
     <span class='ocr_line' id='line_1_19' title="bbox 6 1442 1442 1503; baseline 0.003 -19"><span class='ocrx_word' id='word_1_167' title='bbox 6 1460 13 1476; x_wconf 63' lang='grc' dir='ltr'>ι’-</span> <span class='ocrx_word' id='word_1_168' title='bbox 58 1456 237 1500; x_wconf 90' lang='lat' dir='ltr'>poenam</span> <span class='ocrx_word' id='word_1_169' title='bbox 277 1442 499 1500; x_wconf 82' lang='lat' dir='ltr'>praesentis</span> <span class='ocrx_word' id='word_1_170' title='bbox 533 1442 634 1486; x_wconf 85' lang='lat' dir='ltr'>vitae</span> <span class='ocrx_word' id='word_1_171' title='bbox 665 1442 762 1487; x_wconf 91' lang='lat' dir='ltr'>vult</span> <span class='ocrx_word' id='word_1_172' title='bbox 792 1442 1098 1487; x_wconf 85' lang='lat' dir='ltr'>commendare</span> <span class='ocrx_word' id='word_1_173' title='bbox 1135 1444 1317 1503; x_wconf 87' lang='lat' dir='ltr'>Spiritus</span> <span class='ocrx_word' id='word_1_174' title='bbox 1350 1446 1442 1490; x_wconf 91' lang='lat' dir='ltr'>Dei.</span> 
     </span>
     <span class='ocr_line' id='line_1_20' title="bbox 59 1510 1447 1573; baseline 0.003 -19"><span class='ocrx_word' id='word_1_175' title='bbox 59 1511 305 1566; x_wconf 70' lang='lat' dir='ltr'>Advortite,</span> <span class='ocrx_word' id='word_1_176' title='bbox 339 1510 487 1556; x_wconf 89' lang='lat' dir='ltr'>audite</span> <span class='ocrx_word' id='word_1_177' title='bbox 503 1512 587 1556; x_wconf 88' lang='lat' dir='ltr'>hoc</span> <span class='ocrx_word' id='word_1_178' title='bbox 604 1527 674 1555; x_wconf 89' lang='lat' dir='ltr'>me</span> <span class='ocrx_word' id='word_1_179' title='bbox 707 1511 929 1565; x_wconf 87' lang='lat' dir='ltr'>dicturum</span> <span class='ocrx_word' id='word_1_180' title='bbox 952 1512 1073 1573; x_wconf 88' lang='lat' dir='ltr'>quod</span> <span class='ocrx_word' id='word_1_181' title='bbox 1093 1514 1309 1558; x_wconf 89' lang='lat' dir='ltr'>noveratis</span> <span class='ocrx_word' id='word_1_182' title='bbox 1337 1534 1346 1558; x_wconf 87' lang='grc'>;</span> <span class='ocrx_word' id='word_1_183' title='bbox 1370 1513 1447 1559; x_wconf 88' lang='lat' dir='ltr'>sed</span> 
     </span>
     <span class='ocr_line' id='line_1_21' title="bbox 7 1579 1444 1641; baseline 0.003 -17"><span class='ocrx_word' id='word_1_184' title='bbox 7 1596 10 1637; x_wconf 67' lang='grc' dir='ltr'><strong><em>ς</em></strong></span> <span class='ocrx_word' id='word_1_185' title='bbox 57 1579 226 1625; x_wconf 89' lang='lat' dir='ltr'>dulcius</span> <span class='ocrx_word' id='word_1_186' title='bbox 245 1590 310 1625; x_wconf 85' lang='lat' dir='ltr'>est</span> <span class='ocrx_word' id='word_1_187' title='bbox 330 1597 429 1626; x_wconf 91' lang='lat' dir='ltr'>cum</span> <span class='ocrx_word' id='word_1_188' title='bbox 452 1582 498 1625; x_wconf 89' lang='lat' dir='ltr'>in</span> <span class='ocrx_word' id='word_1_189' title='bbox 516 1581 686 1626; x_wconf 87' lang='lat' dir='ltr'>Psalmo</span> <span class='ocrx_word' id='word_1_190' title='bbox 710 1582 970 1637; x_wconf 85' lang='lat' dir='ltr'>ostenditur,</span> <span class='ocrx_word' id='word_1_191' title='bbox 990 1583 1066 1641; x_wconf 89' lang='lat' dir='ltr'>qui</span> <span class='ocrx_word' id='word_1_192' title='bbox 1086 1582 1297 1627; x_wconf 87' lang='lat' dir='ltr'>obscurus</span> <span class='ocrx_word' id='word_1_193' title='bbox 1320 1594 1444 1629; x_wconf 89' lang='lat' dir='ltr'>ante-</span> 
     </span>
     <span class='ocr_line' id='line_1_22' title="bbox 6 1650 1446 1713; baseline 0.003 -19"><span class='ocrx_word' id='word_1_194' title='bbox 6 1655 8 1700; x_wconf 75' lang='lat' dir='ltr'>j</span> <span class='ocrx_word' id='word_1_195' title='bbox 56 1666 188 1710; x_wconf 88' lang='lat' dir='ltr'>quam</span> <span class='ocrx_word' id='word_1_196' title='bbox 220 1650 545 1705; x_wconf 89' lang='lat' dir='ltr'>ostenderetur,</span> <span class='ocrx_word' id='word_1_197' title='bbox 572 1651 824 1711; x_wconf 82' lang='lat' dir='ltr'>putabatur.</span> <span class='ocrx_word' id='word_1_198' title='bbox 859 1654 972 1695; x_wconf 86' lang='lat' dir='ltr'>Ecce</span> <span class='ocrx_word' id='word_1_199' title='bbox 1000 1651 1116 1695; x_wconf 84' lang='lat' dir='ltr'>enim</span> <span class='ocrx_word' id='word_1_200' title='bbox 1144 1652 1319 1711; x_wconf 87' lang='lat' dir='ltr'>profero</span> <span class='ocrx_word' id='word_1_201' title='bbox 1346 1669 1446 1713; x_wconf 79' lang='lat' dir='ltr'>quae</span> 
     </span>
     <span class='ocr_line' id='line_1_23' title="bbox 9 1719 1446 1781; baseline 0.003 -18"><span class='ocrx_word' id='word_1_202' title='bbox 9 1778 13 1781; x_wconf 93' lang='lat'><em>.</em></span> <span class='ocrx_word' id='word_1_203' title='bbox 52 1721 141 1780; x_wconf 81' lang='lat' dir='ltr'>jam</span> <span class='ocrx_word' id='word_1_204' title='bbox 158 1721 371 1766; x_wconf 74' lang='lat' dir='ltr'>noveratis</span> <span class='ocrx_word' id='word_1_205' title='bbox 389 1740 398 1764; x_wconf 91' lang='lat'>:</span> <span class='ocrx_word' id='word_1_206' title='bbox 423 1720 498 1765; x_wconf 84' lang='lat' dir='ltr'>sed</span> <span class='ocrx_word' id='word_1_207' title='bbox 520 1721 622 1781; x_wconf 88' lang='lat' dir='ltr'>quia</span> <span class='ocrx_word' id='word_1_208' title='bbox 642 1720 745 1764; x_wconf 91' lang='lat' dir='ltr'>inde</span> <span class='ocrx_word' id='word_1_209' title='bbox 758 1719 1055 1780; x_wconf 79' lang='lat' dir='ltr'>proferuntur.</span> <span class='ocrx_word' id='word_1_210' title='bbox 1076 1721 1155 1765; x_wconf 88' lang='lat' dir='ltr'>ubi</span> <span class='ocrx_word' id='word_1_211' title='bbox 1176 1722 1373 1769; x_wconf 90' lang='lat' dir='ltr'>nondum</span> <span class='ocrx_word' id='word_1_212' title='bbox 1397 1739 1446 1768; x_wconf 90' lang='lat' dir='ltr'>ea</span> 
     </span>
     <span class='ocr_line' id='line_1_24' title="bbox 6 1788 1444 1851; baseline 0.003 -17"><span class='ocrx_word' id='word_1_213' title='bbox 6 1788 10 1799; x_wconf 84' lang='grc'><strong><em>’</em></strong></span> <span class='ocrx_word' id='word_1_214' title='bbox 56 1789 289 1847; x_wconf 84' lang='lat' dir='ltr'>videbatis,</span> <span class='ocrx_word' id='word_1_215' title='bbox 314 1792 364 1835; x_wconf 85' lang='lat' dir='ltr'>fit</span> <span class='ocrx_word' id='word_1_216' title='bbox 390 1800 441 1835; x_wconf 90' lang='lat' dir='ltr'>ut</span> <span class='ocrx_word' id='word_1_217' title='bbox 462 1791 592 1835; x_wconf 89' lang='lat' dir='ltr'>etiam</span> <span class='ocrx_word' id='word_1_218' title='bbox 614 1800 718 1836; x_wconf 88' lang='lat' dir='ltr'>nota</span> <span class='ocrx_word' id='word_1_219' title='bbox 735 1800 944 1851; x_wconf 88' lang='lat' dir='ltr'>tanquam</span> <span class='ocrx_word' id='word_1_220' title='bbox 961 1807 1072 1836; x_wconf 86' lang='lat' dir='ltr'>nova</span> <span class='ocrx_word' id='word_1_221' title='bbox 1096 1791 1329 1838; x_wconf 88' lang='lat' dir='ltr'>delectent.</span> <span class='ocrx_word' id='word_1_222' title='bbox 1350 1797 1444 1839; x_wconf 88' lang='lat' dir='ltr'>Au-</span> 
     </span>
     <span class='ocr_line' id='line_1_25' title="bbox 6 1858 1444 1923; baseline 0.003 -19"><span class='ocrx_word' id='word_1_223' title='bbox 6 1858 8 1899; x_wconf 75' lang='grc' dir='ltr'><strong>ἷ</strong></span> <span class='ocrx_word' id='word_1_224' title='bbox 56 1859 145 1904; x_wconf 89' lang='lat' dir='ltr'>dite</span> <span class='ocrx_word' id='word_1_225' title='bbox 166 1876 342 1919; x_wconf 85' lang='lat' dir='ltr'>poenam</span> <span class='ocrx_word' id='word_1_226' title='bbox 370 1860 604 1919; x_wconf 86' lang='lat' dir='ltr'>impiorum</span> <span class='ocrx_word' id='word_1_227' title='bbox 625 1880 633 1904; x_wconf 93' lang='lat'>:</span> <span class='ocrx_word' id='word_1_228' title='bbox 664 1879 684 1902; x_wconf 86' lang='lat'>«</span> <span class='ocrx_word' id='word_1_229' title='bbox 707 1860 827 1904; x_wconf 88' lang='lat' dir='ltr'>Sicut</span> <span class='ocrx_word' id='word_1_230' title='bbox 848 1876 946 1905; x_wconf 90' lang='lat' dir='ltr'>cera</span> <span class='ocrx_word' id='word_1_231' title='bbox 961 1895 972 1915; x_wconf 89' lang='lat'>‚</span> <span class='ocrx_word' id='word_1_232' title='bbox 1004 1861 1149 1921; x_wconf 86' lang='lat' dir='ltr'>inquit</span> <span class='ocrx_word' id='word_1_233' title='bbox 1166 1897 1179 1917; x_wconf 90' lang='lat'>‚</span> <span class='ocrx_word' id='word_1_234' title='bbox 1209 1862 1444 1923; x_wconf 79' lang='lat' dir='ltr'>liquefacta</span> 
     </span>
     <span class='ocr_line' id='line_1_26' title="bbox 59 1930 1439 1990; baseline 0.005 -19"><span class='ocrx_word' id='word_1_235' title='bbox 59 1947 81 1972; x_wconf 90' lang='lat'>»</span> <span class='ocrx_word' id='word_1_236' title='bbox 115 1930 382 1974; x_wconf 85' lang='lat' dir='ltr'>auferentur.</span> <span class='ocrx_word' id='word_1_237' title='bbox 402 1948 422 1971; x_wconf 93' lang='lat'>»</span> <span class='ocrx_word' id='word_1_238' title='bbox 444 1930 537 1974; x_wconf 73' lang='lat' dir='ltr'>Dixi</span> <span class='ocrx_word' id='word_1_239' title='bbox 555 1945 631 1990; x_wconf 91' lang='lat' dir='ltr'>per</span> <span class='ocrx_word' id='word_1_240' title='bbox 648 1930 1017 1989; x_wconf 85' lang='lat' dir='ltr'>concupiscentias</span> <span class='ocrx_word' id='word_1_241' title='bbox 1035 1947 1131 1975; x_wconf 86' lang='lat' dir='ltr'>suas</span> <span class='ocrx_word' id='word_1_242' title='bbox 1144 1932 1228 1976; x_wconf 90' lang='lat' dir='ltr'>hoc</span> <span class='ocrx_word' id='word_1_243' title='bbox 1251 1934 1309 1977; x_wconf 91' lang='lat' dir='ltr'>eis</span> <span class='ocrx_word' id='word_1_244' title='bbox 1330 1934 1439 1978; x_wconf 87' lang='lat' dir='ltr'>fieri.</span> 
     </span>
     <span class='ocr_line' id='line_1_27' title="bbox 56 2001 1444 2065; baseline 0.002 -19"><span class='ocrx_word' id='word_1_245' title='bbox 56 2001 416 2060; x_wconf 88' lang='lat' dir='ltr'>Concupiscentia</span> <span class='ocrx_word' id='word_1_246' title='bbox 437 2001 553 2045; x_wconf 87' lang='lat' dir='ltr'>mala</span> <span class='ocrx_word' id='word_1_247' title='bbox 568 2036 579 2055; x_wconf 88' lang='lat'>,</span> <span class='ocrx_word' id='word_1_248' title='bbox 602 2001 725 2061; x_wconf 87' lang='lat' dir='ltr'>quasi</span> <span class='ocrx_word' id='word_1_249' title='bbox 749 2001 878 2045; x_wconf 82' lang='lat' dir='ltr'>ardor</span> <span class='ocrx_word' id='word_1_250' title='bbox 895 2011 958 2045; x_wconf 87' lang='lat' dir='ltr'>est</span> <span class='ocrx_word' id='word_1_251' title='bbox 980 2011 1023 2045; x_wconf 92' lang='lat' dir='ltr'>et</span> <span class='ocrx_word' id='word_1_252' title='bbox 1039 2003 1166 2060; x_wconf 79' lang='lat' dir='ltr'>ignis.</span> <span class='ocrx_word' id='word_1_253' title='bbox 1198 2005 1315 2062; x_wconf 82' lang='lat' dir='ltr'>Ignis</span> <span class='ocrx_word' id='word_1_254' title='bbox 1337 2020 1444 2065; x_wconf 80' lang='lat' dir='ltr'>con-</span> 
     </span>
     <span class='ocr_line' id='line_1_28' title="bbox 55 2069 1443 2125; baseline 0.001 -8"><span class='ocrx_word' id='word_1_255' title='bbox 55 2071 187 2118; x_wconf 79' lang='lat' dir='ltr'>sumit</span> <span class='ocrx_word' id='word_1_256' title='bbox 206 2080 368 2115; x_wconf 89' lang='lat' dir='ltr'>vestem</span> <span class='ocrx_word' id='word_1_257' title='bbox 383 2106 393 2125; x_wconf 89' lang='lat'>,</span> <span class='ocrx_word' id='word_1_258' title='bbox 420 2069 556 2115; x_wconf 78' lang='lat' dir='ltr'>libido</span> <span class='ocrx_word' id='word_1_259' title='bbox 578 2070 781 2114; x_wconf 87' lang='lat' dir='ltr'>adulterii</span> <span class='ocrx_word' id='word_1_260' title='bbox 803 2086 893 2115; x_wconf 91' lang='lat' dir='ltr'>non</span> <span class='ocrx_word' id='word_1_261' title='bbox 906 2073 1122 2115; x_wconf 87' lang='lat' dir='ltr'>consumit</span> <span class='ocrx_word' id='word_1_262' title='bbox 1141 2073 1330 2117; x_wconf 88' lang='lat' dir='ltr'>animam</span> <span class='ocrx_word' id='word_1_263' title='bbox 1347 2076 1364 2116; x_wconf 68' lang='lat'>‘3</span> <span class='ocrx_word' id='word_1_264' title='bbox 1381 2078 1443 2119; x_wconf 93' lang='lat' dir='ltr'>De</span> 
     </span>
     <span class='ocr_line' id='line_1_29' title="bbox 57 2141 1442 2201; baseline 0.003 -15"><span class='ocrx_word' id='word_1_265' title='bbox 57 2141 242 2199; x_wconf 82' lang='lat' dir='ltr'>cogitato</span> <span class='ocrx_word' id='word_1_266' title='bbox 266 2141 480 2185; x_wconf 89' lang='lat' dir='ltr'>adulterio</span> <span class='ocrx_word' id='word_1_267' title='bbox 514 2157 614 2186; x_wconf 89' lang='lat' dir='ltr'>cum</span> <span class='ocrx_word' id='word_1_268' title='bbox 642 2141 897 2201; x_wconf 80' lang='lat' dir='ltr'>loqueretur</span> <span class='ocrx_word' id='word_1_269' title='bbox 920 2141 1141 2201; x_wconf 82' lang='lat' dir='ltr'>Scriptura</span> <span class='ocrx_word' id='word_1_270' title='bbox 1168 2143 1228 2187; x_wconf 92' lang='lat' dir='ltr'>ait</span> <span class='ocrx_word' id='word_1_271' title='bbox 1253 2160 1260 2184; x_wconf 95' lang='lat'>:</span> <span class='ocrx_word' id='word_1_272' title='bbox 1291 2163 1312 2187; x_wconf 87' lang='lat'>«</span> <span class='ocrx_word' id='word_1_273' title='bbox 1331 2145 1442 2190; x_wconf 86' lang='lat' dir='ltr'>Alli-</span> 
     </span>
     <span class='ocr_line' id='line_1_30' title="bbox 59 2212 1443 2271; baseline 0.004 -17"><span class='ocrx_word' id='word_1_274' title='bbox 59 2229 80 2254; x_wconf 82' lang='lat'>»</span> <span class='ocrx_word' id='word_1_275' title='bbox 115 2212 231 2270; x_wconf 80' lang='lat' dir='ltr'>gabit</span> <span class='ocrx_word' id='word_1_276' title='bbox 261 2212 357 2271; x_wconf 89' lang='lat' dir='ltr'>quis</span> <span class='ocrx_word' id='word_1_277' title='bbox 379 2212 524 2269; x_wconf 83' lang='lat' dir='ltr'>ignem</span> <span class='ocrx_word' id='word_1_278' title='bbox 558 2212 604 2255; x_wconf 90' lang='lat' dir='ltr'>in</span> <span class='ocrx_word' id='word_1_279' title='bbox 635 2212 733 2256; x_wconf 92' lang='lat' dir='ltr'>sinu</span> <span class='ocrx_word' id='word_1_280' title='bbox 755 2228 856 2267; x_wconf 88' lang='lat' dir='ltr'>suo,</span> <span class='ocrx_word' id='word_1_281' title='bbox 891 2222 934 2256; x_wconf 91' lang='lat' dir='ltr'>et</span> <span class='ocrx_word' id='word_1_282' title='bbox 965 2213 1222 2258; x_wconf 86' lang='lat' dir='ltr'>vestimenta</span> <span class='ocrx_word' id='word_1_283' title='bbox 1253 2230 1329 2259; x_wconf 91' lang='lat' dir='ltr'>sua</span> <span class='ocrx_word' id='word_1_284' title='bbox 1352 2231 1443 2260; x_wconf 93' lang='lat' dir='ltr'>non</span> 
     </span>
     <span class='ocr_line' id='line_1_31' title="bbox 61 2281 1440 2344; baseline 0.006 -22"><span class='ocrx_word' id='word_1_285' title='bbox 61 2298 83 2323; x_wconf 71' lang='lat'>&gt;1</span> <span class='ocrx_word' id='word_1_286' title='bbox 115 2282 373 2326; x_wconf 79' lang='lat' dir='ltr'>comburet?</span> <span class='ocrx_word' id='word_1_287' title='bbox 398 2300 418 2323; x_wconf 87' lang='lat'>»</span> <span class='ocrx_word' id='word_1_288' title='bbox 446 2283 594 2326; x_wconf 83' lang='lat' dir='ltr'>Gestas</span> <span class='ocrx_word' id='word_1_289' title='bbox 616 2282 659 2326; x_wconf 90' lang='lat' dir='ltr'>in</span> <span class='ocrx_word' id='word_1_290' title='bbox 684 2282 781 2326; x_wconf 90' lang='lat' dir='ltr'>sinu</span> <span class='ocrx_word' id='word_1_291' title='bbox 801 2297 983 2340; x_wconf 81' lang='lat' dir='ltr'>prunas,</span> <span class='ocrx_word' id='word_1_292' title='bbox 1007 2281 1253 2342; x_wconf 86' lang='lat' dir='ltr'>perforatur</span> <span class='ocrx_word' id='word_1_293' title='bbox 1270 2285 1440 2344; x_wconf 83' lang='lat' dir='ltr'>tunica;</span> 
     </span>
     <span class='ocr_line' id='line_1_32' title="bbox 58 2351 1414 2412; baseline 0.002 -17"><span class='ocrx_word' id='word_1_294' title='bbox 58 2360 194 2410; x_wconf 85' lang='lat' dir='ltr'>gestas</span> <span class='ocrx_word' id='word_1_295' title='bbox 214 2352 260 2395; x_wconf 91' lang='lat' dir='ltr'>in</span> <span class='ocrx_word' id='word_1_296' title='bbox 281 2351 543 2410; x_wconf 82' lang='lat' dir='ltr'>cogitatione</span> <span class='ocrx_word' id='word_1_297' title='bbox 565 2351 850 2408; x_wconf 82' lang='lat' dir='ltr'>adulterium,</span> <span class='ocrx_word' id='word_1_298' title='bbox 872 2361 916 2396; x_wconf 92' lang='lat' dir='ltr'>et</span> <span class='ocrx_word' id='word_1_299' title='bbox 931 2352 1099 2412; x_wconf 82' lang='lat' dir='ltr'>integra</span> <span class='ocrx_word' id='word_1_300' title='bbox 1123 2363 1187 2398; x_wconf 88' lang='lat' dir='ltr'>est</span> <span class='ocrx_word' id='word_1_301' title='bbox 1208 2355 1352 2400; x_wconf 87' lang='lat' dir='ltr'>anima</span> <span class='ocrx_word' id='word_1_302' title='bbox 1366 2357 1414 2398; x_wconf 77' lang='lat'>³?</span> 
     </span>
    </p>

    <p class='ocr_par' dir='ltr' id='par_1_3' title="bbox 60 2421 1444 2622">
     <span class='ocr_line' id='line_1_33' title="bbox 114 2421 1443 2485; baseline 0.004 -18"><span class='ocrx_word' id='word_1_303' title='bbox 114 2421 280 2467; x_wconf 85' lang='lat' dir='ltr'><strong>XVIII.</strong></span> <span class='ocrx_word' id='word_1_304' title='bbox 319 2423 403 2467; x_wconf 91' lang='lat' dir='ltr'>Sed</span> <span class='ocrx_word' id='word_1_305' title='bbox 431 2423 530 2467; x_wconf 90' lang='lat' dir='ltr'>istas</span> <span class='ocrx_word' id='word_1_306' title='bbox 555 2438 708 2482; x_wconf 84' lang='lat' dir='ltr'>poenas</span> <span class='ocrx_word' id='word_1_307' title='bbox 739 2423 866 2483; x_wconf 85' lang='lat' dir='ltr'>pauci</span> <span class='ocrx_word' id='word_1_308' title='bbox 895 2423 1047 2468; x_wconf 88' lang='lat' dir='ltr'>vident</span> <span class='ocrx_word' id='word_1_309' title='bbox 1083 2444 1092 2469; x_wconf 72' lang='grc' dir='ltr'>ε</span> <span class='ocrx_word' id='word_1_310' title='bbox 1123 2435 1350 2485; x_wconf 88' lang='lat' dir='ltr'>propterea</span> <span class='ocrx_word' id='word_1_311' title='bbox 1374 2443 1443 2472; x_wconf 87' lang='lat' dir='ltr'>eas</span> 
     </span>
     <span class='ocr_line' id='line_1_34' title="bbox 60 2494 1444 2555; baseline 0.004 -17"><span class='ocrx_word' id='word_1_312' title='bbox 60 2494 245 2539; x_wconf 83' lang='lat' dir='ltr'>maxime</span> <span class='ocrx_word' id='word_1_313' title='bbox 267 2494 544 2539; x_wconf 86' lang='lat' dir='ltr'>commendat</span> <span class='ocrx_word' id='word_1_314' title='bbox 568 2494 750 2554; x_wconf 89' lang='lat' dir='ltr'>Spiritus</span> <span class='ocrx_word' id='word_1_315' title='bbox 766 2494 859 2539; x_wconf 88' lang='lat' dir='ltr'>Dei.</span> <span class='ocrx_word' id='word_1_316' title='bbox 884 2494 1002 2539; x_wconf 90' lang='lat' dir='ltr'>Audi</span> <span class='ocrx_word' id='word_1_317' title='bbox 1022 2495 1279 2555; x_wconf 84' lang='lat' dir='ltr'>Apostolum</span> <span class='ocrx_word' id='word_1_318' title='bbox 1301 2498 1444 2544; x_wconf 87' lang='lat' dir='ltr'>dicen-</span> 
     </span>
     <span class='ocr_line' id='line_1_35' title="bbox 108 2576 1168 2622; baseline 0.004 -13"><span class='ocrx_word' id='word_1_319' title='bbox 108 2584 117 2601; x_wconf 90' lang='lat'><strong>¹</strong></span> <span class='ocrx_word' id='word_1_320' title='bbox 138 2577 218 2611; x_wconf 87' lang='lat' dir='ltr'>Psal.</span> <span class='ocrx_word' id='word_1_321' title='bbox 238 2589 335 2619; x_wconf 69' lang='lat' dir='ltr'>tun,</span> <span class='ocrx_word' id='word_1_322' title='bbox 365 2589 392 2610; x_wconf 87' lang='lat'>1.</span> <span class='ocrx_word' id='word_1_323' title='bbox 421 2593 462 2601; x_wconf 83' lang='lat'>—-</span> <span class='ocrx_word' id='word_1_324' title='bbox 483 2585 495 2601; x_wconf 85' lang='lat'>²</span> <span class='ocrx_word' id='word_1_325' title='bbox 515 2577 598 2611; x_wconf 85' lang='lat' dir='ltr'>Ibid.</span> <span class='ocrx_word' id='word_1_326' title='bbox 620 2577 675 2619; x_wconf 79' lang='lat'>16,</span> <span class='ocrx_word' id='word_1_327' title='bbox 697 2588 750 2619; x_wconf 87' lang='lat'>17.</span> <span class='ocrx_word' id='word_1_328' title='bbox 776 2595 817 2601; x_wconf 91' lang='lat'>—-</span> <span class='ocrx_word' id='word_1_329' title='bbox 843 2576 1034 2622; x_wconf 76' lang='lat' dir='ltr'>³Prov.v1,</span> <span class='ocrx_word' id='word_1_330' title='bbox 1053 2588 1168 2622; x_wconf 82' lang='lat'><strong>27-29.</strong></span> 
     </span>
    </p>
   </div>
  </div>
 </body>
</html>
