1889 3285
418 204 507 244 416
869 213 901 240 s.
937 209 1168 240 Aueusnm
1201 212 1383 240 Erlscom

474 280 527 322 V.
559 296 576 317 «
605 275 850 335 Suscipiant
871 285 1041 320 montes
1063 291 1216 336 pacem
1237 275 1402 336 populo
1418 310 1429 331 ‚
1455 283 1499 320 et
1519 274 1650 320 colles
1670 275 1802 337 justi-

420 370 437 390 »
472 349 592 392 tiam.
623 368 640 388 »
666 350 838 392 Montes
861 348 1043 407 majores
1065 357 1194 403 sunt,
1213 348 1344 392 colles
1362 348 1565 391 minores.
1590 346 1806 392 Nimirum

415 433 516 477 ergo
548 418 594 462 hi
621 426 724 462 sunt
745 434 854 478 quos
883 417 992 462 alius
1030 418 1165 462 habet
1193 417 1414 473 psalmus,
1440 437 1458 458 «
1486 416 1669 462 Pusillos
1703 433 1806 462 cum

420 511 438 532 »
473 490 657 549 magnis.
688 489 764 534 Isti
784 490 947 550 quippe
975 499 1144 534 montes
1165 488 1470 534 exultaverunt
1488 490 1599 533 sicut
1626 488 1802 544 arietes,

421 581 438 602 »
459 570 503 604 et
514 561 584 605 isti
600 559 731 604 colles
744 560 854 603 sicut
867 560 966 618 agni
980 561 1143 615 ovium,
1155 560 1201 603 in
1215 560 1331 604 exitu
1344 560 1800 619 IsraelexAEgypto1‚»

414 630 461 675 id
482 641 559 687 est,
574 632 620 675 in
638 630 790 692 populi
811 631 887 676 Dei
903 631 1160 675 liberatione
1178 631 1233 674 ab
1257 631 1388 692 hujus
1410 630 1558 676 saeculi
1580 630 1801 674 servitute.

415 702 656 747 Excellenti
679 718 781 761 ergo
806 702 1033 746 sanctitate
1055 702 1294 763 eminentes
1323 702 1367 745 in
1389 701 1606 756 Ecclesia,
1637 709 1806 745 montes

415 783 543 828 sunt,
565 773 643 833 qui
664 772 812 817 idonei
835 782 937 816 sunt
969 781 1012 816 et
1049 771 1154 816 alios
1176 772 1361 816 docere2
1390 791 1398 816 :
1425 772 1483 815 sic
1502 770 1727 831 loquendo
1758 779 1808 814 ut

416 843 603 888 fideliter
620 844 916 899 instruantur,
943 843 1001 887 sic
1021 842 1210 887 vivendo
1230 852 1281 886 ut
1299 842 1529 886 salubriter
1547 842 1774 886 imitentur
1794 860 1804 885 :

422 915 553 959 colles
589 925 736 959 autem
768 924 871 959 sunt
907 914 1082 959 illorum
1120 913 1418 959 excellentiam
1446 930 1523 958 sua
1559 912 1809 958 obedientia

420 986 748 1046 subsequentes.
778 991 918 1040 Quare
940 1001 1040 1044 ergo
1068 1005 1085 1026 «
1113 988 1284 1030 Montes
1306 1001 1456 1045 pacem
1473 1020 1484 1040 ,
1505 993 1548 1028 et
1570 983 1701 1029 colles
1713 984 1809 1043 jus-

423 1077 440 1097 »
480 1057 644 1101 titiam?
670 1078 686 1098 »
709 1061 776 1101 An
803 1056 915 1101 forte
945 1055 1056 1100 nihil
1078 1056 1323 1110 interesset,
1350 1056 1479 1099 etiam
1501 1055 1536 1099 si
1556 1055 1615 1098 ita
1637 1053 1806 1098 dicere-

419 1136 514 1170 tur:
539 1127 783 1186 Suscipiant
805 1136 974 1172 montes
991 1126 1201 1186 justitiam
1223 1125 1403 1185 populo,
1426 1135 1468 1169 et
1483 1123 1613 1169 colles
1630 1125 1807 1184 pacem?

420 1198 621 1257 [trisque
639 1198 754 1241 enim
771 1215 786 1257 1
796 1198 939 1241 ustitia
957 1232 967 1252 ,
992 1206 1035 1240 et
1054 1197 1249 1256 utrisque
1272 1213 1353 1256 pax
1380 1196 1616 1240 necessaria
1639 1204 1702 1239 est
1729 1214 1738 1238 ε
1764 1203 1808 1239 et

419 1269 511 1311 fieri
534 1278 701 1328 potest,
721 1277 771 1312 ut
789 1267 873 1312 alio
895 1268 1070 1312 nomine
1091 1284 1175 1327 pax
1196 1267 1409 1327 appellata
1431 1267 1485 1311 sit
1505 1268 1596 1326 ipsa
1622 1266 1802 1326 justitia.

421 1341 525 1383 Haee
549 1349 612 1383 est
634 1339 751 1383 enim
772 1355 872 1384 vera
894 1354 976 1398 pax
992 1373 1002 1393 ‚
1043 1354 1133 1382 non
1161 1338 1333 1398 qualem
1363 1338 1510 1398 injusti
1541 1338 1652 1381 inter
1674 1353 1717 1381 50
1738 1337 1806 1381 fa-

421 1409 558 1453 ciunt.
597 1412 667 1453 An
690 1410 834 1470 potius
857 1424 958 1452 cum
979 1408 1257 1452 distinctione
1287 1425 1377 1452 non
1398 1407 1718 1452 contemnenda
1740 1408 1809 1452 in-

420 1478 708 1537 telligendum
745 1487 830 1533 est,
868 1477 988 1538 quod
1020 1479 1079 1522 ait
1110 1499 1118 1524 :
1158 1499 1174 1519 «
1203 1482 1374 1523 Montes
1403 1494 1575 1538 pacem,
1597 1488 1641 1523 et
1677 1478 1808 1523 colles

425 1570 442 1591 »
473 1550 713 1610 justitiam?
732 1571 748 1589 »
763 1548 1033 1592 Excellentes
1054 1549 1217 1608 quippe
1234 1550 1279 1592 111
1297 1549 1504 1604 Ecclesia,
1530 1550 1625 1608 paci
1647 1548 1810 1593 debent

420 1619 614 1677 vigilanti
655 1620 897 1663 intentione
935 1618 1160 1663 consulere
1188 1640 1199 1676 3
1235 1635 1290 1663 ne
1322 1629 1500 1678 propter
1529 1635 1628 1663 suos
1664 1619 1807 1663 hono-

420 1705 486 1734 res
516 1689 702 1749 superbe
738 1689 906 1746 agendo
928 1689 1156 1732 schismata
1178 1688 1360 1744 faciant,
1393 1690 1572 1733 unitatis
1601 1704 1808 1748 compage

422 1760 632 1820 disrupta.
675 1758 819 1805 Colles
853 1768 998 1802 autem
1033 1759 1093 1802 ita
1125 1774 1198 1802 eos
1235 1759 1447 1803 imitando
1489 1769 1532 1803 01
1562 1759 1808 1804 obediendo

420 1832 743 1891 subsequantur
757 1865 768 1885 ,
803 1838 854 1873 ut
875 1830 931 1873 eis
953 1829 1175 1873 Christum
1195 1838 1462 1889 anteponant
1484 1849 1491 1874 :
1517 1845 1572 1874 ne
1592 1830 1807 1874 malorum

420 1903 636 1947 montium
653 1937 664 1957 ,
699 1901 904 1961 quoniam
930 1900 1134 1944 videntur
1155 1899 1384 1955 excellere,
1411 1916 1519 1944 vana
1550 1901 1807 1945 auctoritate

421 1973 603 2028 seducti,
622 1988 665 2016 se
684 1989 707 2016 a
731 1971 891 2016 Christi
908 1971 1075 2014 unitate
1098 1970 1387 2030 disrumpant.
1405 1971 1509 2015 Ideo
1531 1972 1699 2016 dictum
1717 1981 1802 2017 est:
1863 1990 1867 1998 ¹

426 2063 443 2083 «
483 2042 727 2102 Suscipiant
759 2050 927 2086 montes
962 2057 1116 2100 pacem
1148 2041 1327 2101 populo.
1365 2042 1562 2085 »Dicant
1589 2041 1802 2102 quidem:

426 2133 443 2153 «
482 2115 723 2157 Imitatores
745 2112 830 2156 mei
851 2121 987 2156 estote
1004 2147 1014 2167 ,
1040 2112 1151 2156 sicut
1174 2122 1216 2156 et
1238 2127 1316 2170 ego
1341 2112 1546 2157 Cl1risti³.
1563 2133 1581 2154 »
1611 2112 1696 2158 Sed
1717 2129 1808 2157 rur-

421 2200 492 2228 sus
522 2183 670 2227 dicant
698 2202 706 2226 z
737 2204 752 2222 «ι
783 2183 904 2226 Licet
938 2182 971 2225 si
1003 2197 1106 2237 nos,
1148 2191 1224 2226 aut
1244 2182 1435 2241 Angelus
1459 2184 1513 2226 de
1549 2182 1662 2228 coelo
1682 2184 1806 2228 vobis

426 2275 444 2296 »
480 2253 803 2298 annuntiaverit
831 2263 1121 2313 praeterquam
1155 2254 1277 2314 quod
1300 2253 1520 2313 accepistis
1538 2289 1549 2310 ,
1577 2255 1807 2299 anathema

427 2346 444 2366 »
480 2325 579 2369 sit4.
611 2345 626 2365 »
654 2324 806 2368 Dicant
824 2324 953 2368 etiam
976 2344 985 2368 z
1015 2322 1273 2383 «Numquid
1295 2323 1456 2368 Paulus
1472 2340 1551 2383 pro
1573 2325 1695 2369 vobis
1712 2341 1806 2369 cru-

427 2416 443 2436 »
480 2396 629 2440 cifixus
657 2404 745 2449 est,
779 2405 854 2439 aut
876 2395 922 2438 in
945 2393 1121 2438 nomine
1141 2393 1265 2438 Pauli
1284 2394 1488 2455 baptizati
1513 2395 1611 2439 estis
1626 2397 1672 2438 ⁵?
1695 2416 1711 2437 »
1739 2398 1805 2440 Ita

471 2498 478 2513 ¹
501 2491 688 2532 Psal.cx111,
711 2502 741 2532 1,
762 2489 902 2532 40113.
923 2507 963 2512 —-
994 2496 1006 2512 ²
1030 2501 1041 2521 1
1070 2490 1151 2522 Tim.
1169 2501 1204 2533 11,
1223 2499 1256 2523 2.
1277 2507 1318 2514 —
1347 2488 1360 2514 3
1383 2502 1395 2523 1
1421 2493 1492 2524 Cor.
1512 2502 1559 2533 xi,
1583 2501 1610 2524 1.
1631 2509 1672 2514 —
1698 2491 1712 2522 4
1733 2490 1801 2524 Gal.

423 2559 444 2589 1,
465 2549 495 2580 S.
525 2566 564 2570 --
585 2547 599 2570 5
623 2560 633 2580 1
663 2550 732 2580 Cor.
755 2559 776 2589 1,
807 2547 856 2579 13.
