1889 3285
384 243 468 283 340
796 256 829 280 s.
866 251 1095 280 AUGUSTINI
1128 253 1308 280 Enscom

380 320 524 363 here¹.
559 318 598 363 Si
630 332 720 361 non
746 332 817 362 eos
846 326 1110 377 pateremur,
1143 332 1224 362 nec
1252 317 1428 362 omnino
1462 326 1758 375 gustaremus:

378 388 480 449 quia
503 402 606 431 vero
639 402 810 431 necesse
837 396 902 431 est
928 402 999 432 eos
1027 387 1115 447 pati
1132 421 1143 442 ,
1177 402 1347 431 necesse
1376 395 1440 431 est
1467 388 1640 445 gustari.
1679 386 1764 432 Sed

378 458 482 518 quia
503 457 550 501 in
579 456 782 501 membris
815 457 976 502 Christi
1007 456 1113 501 tales
1145 472 1234 501 esse
1261 473 1349 501 non
1367 466 1569 517 possunt,
1604 456 1765 516 gustari

378 536 560 588 possunt
576 562 587 583 ,
618 527 748 587 recipi
777 527 823 571 in
846 542 1001 586 corpus
1023 542 1113 571 non
1135 536 1330 586 possunt.
1357 546 1374 567 «
1401 530 1459 572 Et
1485 526 1702 571 dederunt
1720 527 1766 571 in

379 616 398 639 »
433 613 575 643 escam
591 612 732 642 meam
755 596 837 653 fel,
863 605 906 641 et
922 596 969 640 in
989 597 1057 641 siti
1078 612 1174 642 mea
1196 606 1459 657 potaverunt
1481 613 1550 641 me
1574 606 1711 642 aceto.
1743 617 1761 639 »

380 668 612 724 Sitiebam,
649 677 693 712 et
715 676 884 712 acetum
908 667 1054 727 accepi
1081 686 1090 712 :
1114 666 1161 712 id
1182 676 1271 724 est,
1296 667 1429 712 fidem
1455 667 1630 713 illorum
1652 667 1767 712 desi-

377 737 524 783 deravi
540 773 551 794 ,
577 747 620 782 et
641 746 901 782 vetustatem
923 737 1085 781 inveni.

433 811 536 852 VII.
557 827 574 849 «
592 809 689 853 Fiat
708 824 856 852 mensa
873 823 1025 853 eorum
1047 822 1193 852 coram
1209 807 1310 867 ipsis
1330 808 1377 852 in
1395 807 1722 867 muscipulam&
1743 828 1761 850 »

375 878 559 934 Qualem
581 878 872 939 muscipulam
893 880 999 924 mihi
1015 879 1323 934 exhibuerunt,
1341 878 1487 924 dando
1509 879 1616 923 mihi
1635 878 1768 923 talem

375 960 558 1010 potum,
596 949 693 994 talis
726 949 969 1010 muscipula
1001 949 1086 994 illis
1116 949 1185 993 sit.
1224 951 1367 1002 Quare
1400 964 1524 1007 ergo,
1566 968 1583 989 «
1611 951 1770 994 Coram

380 1041 399 1062 »
435 1021 565 1080 ipsis?
584 1042 601 1062 »
621 1021 863 1076 Sufficeret,
885 1040 902 1061 «
922 1020 1019 1064 Fiat
1037 1035 1183 1064 mensa
1199 1035 1350 1064 eorum
1365 1019 1410 1064 in
1423 1019 1724 1080 muscipulam.
1745 1040 1763 1061 »

379 1094 491 1136 Sunt
513 1091 619 1135 tales
641 1092 718 1151 qui
741 1091 1016 1150 iniquitatem
1039 1106 1162 1135 suam
1182 1100 1399 1136 noverunt
1417 1125 1428 1146 ,
1454 1099 1496 1134 et
1530 1091 1576 1134 in
1597 1105 1646 1134 ea
1667 1105 1767 1149 per-

375 1162 636 1205 tinacissime
658 1171 933 1220 perseverant
952 1181 960 1205 ε
984 1177 1129 1206 coram
1144 1162 1244 1221 ipsis
1263 1162 1313 1205 fit
1334 1160 1576 1220 muscipula
1600 1176 1765 1205 eorum.

377 1231 611 1275 Perniciosi
632 1231 760 1274 nimis
782 1230 862 1290 ipsi
883 1240 1001 1285 sunt,
1025 1232 1100 1290 qni
1123 1231 1399 1275 descendunt
1417 1231 1463 1274 in
1476 1229 1698 1274 infernum
1710 1231 1772 1274 vi-

374 1311 526 1345 ventes
536 1303 568 1345 3.
588 1302 785 1360 Denique
804 1300 858 1345 de
878 1301 1231 1360 persecutoribus
1246 1300 1353 1360 quid
1366 1300 1532 1345 dictum
1546 1303 1635 1345 est?
1647 1320 1663 1341 «
1683 1300 1773 1346 Nisi

380 1391 399 1415 >›
436 1373 538 1432 quia
559 1372 768 1416 Dominus
791 1372 937 1415 eratin
958 1372 1100 1426 nobis,
1118 1372 1295 1416 fortasse
1309 1371 1428 1416 vivos
1447 1371 1772 1416 absorbuissent

383 1464 402 1485 »
438 1443 557 1487 nos4.
576 1442 719 1495 »Quid
731 1451 809 1497 est,
832 1461 848 1482 «
866 1442 1023 1486 Vivos?
1043 1442 1402 1486 »Consentientcs
1417 1440 1517 1497 illis,
1535 1443 1770 1486 etscientes

377 1513 480 1573 quia
503 1512 561 1555 eis
590 1513 833 1556 consentire
857 1527 945 1555 non
969 1511 1252 1555 debebamus.
1281 1514 1398 1570 Ergo
1418 1527 1560 1557 coram
1592 1512 1692 1571 ipsis
1723 1512 1774 1556 fit

375 1581 636 1641 muscipula,
650 1591 692 1625 et
705 1597 793 1625 non
808 1581 1188 1638 corriguntur.Vel
1198 1581 1299 1641 quia
1313 1596 1457 1624 coram
1467 1581 1569 1640 ipsis
1583 1590 1646 1625 est
1662 1597 1774 1626 mus-

380 1652 542 1713 cipula,
562 1668 651 1696 non
671 1651 892 1695 incidant?
914 1654 1027 1695 Ecce
1051 1659 1215 1694 norunt
1232 1650 1537 1709 muscipulam,
1552 1644 1594 1695 et
1616 1651 1774 1710 pedem

378 1724 588 1778 mittunt,
614 1732 657 1766 et
678 1721 867 1766 tenenda
890 1720 1000 1765 colla
1023 1721 1276 1781 subjiciunt.
1304 1722 1480 1773 Quanto
1507 1720 1661 1765 melius
1683 1730 1775 1766 erat

379 1793 516 1840 averti
538 1809 561 1837 a
584 1791 848 1852 muscipula,
867 1799 1098 1850 peccatum
1120 1805 1381 1849 cognoscere
1398 1826 1408 1846 ,
1437 1806 1626 1835 errorem
1649 1791 1774 1836 dam-

382 1880 508 1919 nare,
531 1861 819 1908 amaritudine
840 1877 985 1906 carere
1000 1896 1011 1909 ,
1036 1861 1083 1904 in
1104 1876 1261 1921 corpus
1279 1861 1436 1905 Christi
1460 1862 1641 1906 transire
1658 1897 1669 1918 ,
1690 1868 1775 1907 Do-

382 1935 491 1979 mini
516 1933 695 1992 gloriam
719 1931 939 1993 quaerere!
969 1930 1054 1976 Sed
1075 1940 1246 1975 tantum
1266 1931 1383 1976 valet
1405 1932 1538 1975 animi
1561 1948 1774 1992 praesum-

382 2006 490 2066 ptio,
517 2012 568 2047 ut
589 2012 631 2047 et
654 2018 799 2047 coram
816 2001 916 2061 ipsis
939 2000 1182 2060 muscipula
1199 2001 1277 2056 sit,
1303 2010 1346 2045 et
1368 2001 1564 2046 incidant
1587 2003 1632 2046 in
1660 2018 1770 2047 eam.

388 2093 407 2114 «
443 2073 743 2118 Obscurentur
765 2071 881 2117 oculi
902 2086 1052 2115 eorum
1066 2105 1076 2125 ,
1100 2085 1155 2114 ne
1178 2069 1355 2115 videant
1369 2073 1400 2126 ⁵,
1428 2091 1445 2113 »
1466 2072 1662 2131 sequitur
1676 2073 1773 2118 hic:

384 2154 435 2190 ut
458 2144 666 2205 quoniam
687 2144 778 2188 sine
810 2158 937 2188 causa
961 2141 1165 2187 viderunt
1180 2176 1191 2197 ,
1225 2142 1302 2185 fiat
1322 2140 1405 2185 illis
1428 2151 1471 2186 et
1498 2158 1588 2187 non
1608 2143 1771 2188 videre.

389 2235 407 2256 «
443 2215 540 2259 Fiat
574 2230 676 2273 ergo
703 2229 852 2258 mensa
888 2227 1039 2257 eorum
1071 2226 1216 2256 coram
1250 2211 1349 2270 ipsis
1381 2212 1427 2255 in
1465 2213 1771 2273 muscipulam.

389 2307 408 2329 »
443 2288 600 2330 Coram
634 2284 732 2344 ipsis
760 2285 835 2329 fiat
867 2284 912 2328 in
945 2282 1257 2342 muscipulam,
1291 2302 1308 2323 »
1337 2298 1427 2327 non
1461 2284 1650 2343 optantis
1684 2294 1771 2341 est,

386 2355 462 2401 sed
490 2355 788 2416 prophetantis
818 2370 825 2395 :
854 2369 942 2398 non
974 2362 1023 2396 ut
1054 2354 1154 2407 fiat,
1182 2351 1258 2396 sed
1278 2352 1379 2412 quia
1412 2354 1502 2397 fiet.
1540 2356 1633 2398 Hoc
1662 2370 1776 2414 saepe

388 2424 804 2478 commendavimus,
827 2433 870 2468 et
891 2423 1134 2467 meminisse
1149 2422 1315 2466 debetis
1333 2443 1341 2467 ε
1368 2439 1422 2467 116
1444 2423 1563 2484 quod
1585 2440 1775 2485 preesaga

439 2518 762 2561 ¹Mat1h.xxv11.3,‘2.
782 2536 815 2541 ›—
833 2515 1291 2559 2Ρςε1ῐ.ιυι*111,23.---3Ιά.
1313 2529 1377 2561 mv,
1401 2518 1450 2553 16,
1474 2519 1600 2552 -l-ld.
1621 2521 1774 2563 cxx1n‚3.

393 2595 432 2604 ν·-
451 2576 464 2599 5
485 2578 515 2607 l‹l
550 2587 663 2614 πίνω,
678 2575 731 2615 21.
