1889 3285
388 240 628 269 ENAaaAno
660 242 704 268 m
737 241 939 269 Psamrmr
971 241 1094 268 inu.
1365 227 1446 264 177

127 308 202 350 vl.
233 323 252 347 «
278 303 566 349 Intenderunt
595 319 739 348 arcum
758 339 768 359 ,
800 320 891 348 rem
919 317 1124 348 amaram.
1151 320 1170 341 »
1197 305 1358 345 Arcum
1378 301 1450 345 di-

68 375 128 420 cit
148 375 336 419 insidias.
359 373 441 428 Qui
461 374 576 418 enim
594 373 736 431 gladio
758 374 954 418 cominus
971 380 1153 432 pugnat,
1172 380 1317 430 aperte
1338 387 1451 431 pug-

68 454 146 489 nat
170 464 180 490 :
205 444 282 505 qui
306 444 506 503 sagittam
531 443 691 498 mittit,
716 443 828 488 fallit
850 453 902 488 ut
921 442 1063 487 feriat.
1088 441 1212 486 Prius
1250 441 1363 486 enim
1382 457 1451 486 sa-

69 515 176 574 gitta
197 514 387 574 percutit
402 548 414 569 ,
439 528 570 574 quam
590 513 739 557 venire
764 514 820 558 ad
849 513 1010 559 vulnus
1033 511 1339 572 praevideatur.
1367 510 1454 556 Sed

67 600 201 645 quem
218 583 405 629 laterent
424 582 590 628 insidiae
611 583 750 629 cordis
771 584 979 629 humani?
996 581 1213 643 numquid
1235 591 1278 626 et
1298 582 1453 626 Domi-

67 670 176 700 num
192 664 389 700 nostrum
412 656 561 699 Jesum
582 654 804 699 Christum
823 674 832 699 2
853 672 873 696 α-
897 653 983 708 Qui
1006 669 1096 698 non
1130 668 1239 713 opus
1262 651 1453 696 habebat

70 743 92 766 »
126 734 177 770 ut
195 724 235 769 ei
255 725 551 770 testimonium
568 724 798 785 quisquam
812 724 1062 785 perhiberet
1071 723 1125 768 de
1137 722 1344 767 homine?
1357 724 1453 781 Ipse

69 813 91 836 »
126 795 241 839 enim
255 795 417 839 sciebat
437 794 546 856 quid
567 804 677 839 esset
693 795 740 839 in
752 795 928 840 homine
944 797 978 850 ¹,-
1003 813 1024 836 »
1049 794 1160 839 sicut
1176 791 1454 852 Evangelista

69 874 264 911 testature
298 868 460 909 Tamen
488 865 714 910 audiamus
742 881 840 921 eos,
876 875 920 909 et
948 865 1196 909 intueamur
1224 879 1295 908 eos
1332 862 1454 924 quasi

67 935 285 980 nesciente
311 935 497 980 Domino
525 935 668 980 facere
690 935 810 997 quod
831 935 1088 981 moliuntur.
1118 955 1139 977 «
1163 933 1455 979 Intenderunt

69 1024 91 1048 »
125 1021 274 1051 arcum
294 1041 305 1061 ‚
330 1021 422 1050 rem
439 1022 630 1051 amaram
645 1042 656 1062 ,
682 1016 732 1052 ut
753 1007 1007 1066 sagittarent
1024 1007 1070 1050 in
1091 1005 1346 1050 abscondito
1360 1006 1453 1047 'im-

69 1095 90 1120 »
125 1077 407 1122 maculatum.
432 1077 562 1131 Quod
583 1078 693 1122 dixit
730 1098 739 1123 ;
771 1077 1061 1122 Intenderunt
1083 1093 1252 1130 arcum,
1285 1078 1369 1120 hoc
1391 1084 1455 1119 est

68 1166 90 1189 »
123 1149 170 1192 in
202 1147 457 1193 abscondito
483 1168 492 1193 :
527 1168 547 1190 η
573 1149 695 1209 quasi
726 1148 925 1193 fallentes
949 1148 1128 1192 insidiis.
1160 1147 1302 1192 Nostis
1337 1146 1454 1190 enim

65 1218 226 1278 quibus
265 1217 373 1262 dolis
406 1218 451 1262 id
480 1219 671 1276 egerint,
709 1216 1084 1276 quemadmodum
1117 1216 1388 1276 Discipulum
1416 1216 1454 1260 ei

65 1288 358 1333 cohaerentem
393 1286 578 1346 pecunia
610 1287 911 1346 corruperint,
945 1297 996 1331 ut
1032 1287 1114 1332 sibi
1144 1286 1451 1344 traderetur23

64 1358 289 1417 quomodo
321 1354 452 1400 falsos
484 1365 614 1400 testes
646 1357 1006 1416 procuraverint:
1031 1357 1192 1417 quibus
1222 1356 1385 1401 insidiis
1410 1365 1454 1400 et

65 1427 175 1473 dolis
204 1426 370 1486 egerint
396 1444 405 1471 :
433 1445 451 1467 «
476 1428 534 1470 Ut
563 1427 816 1486 sagittarent
837 1427 884 1471 in
913 1426 1168 1472 abscondito
1195 1426 1453 1472 immacula-

67 1516 88 1540 »
122 1507 233 1542 tum.
258 1516 278 1539 »
304 1501 462 1555 Magna
494 1497 716 1558 iniquitas.
742 1500 856 1542 Ecce
889 1497 943 1542 de
966 1498 1221 1542 abscondito
1238 1497 1358 1540 venit
1383 1512 1454 1541 sa-

65 1569 170 1628 gitta
185 1603 196 1625 ,
221 1584 321 1629 quae
342 1567 673 1611 immaculatum
693 1566 794 1612 ferit
811 1602 822 1622 ,
858 1568 935 1627 qui
961 1582 1042 1611 nec
1072 1576 1244 1611 tantum
1260 1566 1454 1610 habebat

6 1648 8 1693 g
63 1636 267 1690 maculae,
293 1647 508 1695 quantum
541 1647 684 1694 potest
710 1638 846 1698 pungi
864 1654 887 1682 a
908 1637 1077 1696 sagitta.
1114 1642 1265 1697 Agnus
1289 1637 1453 1697 quippe

6 1722 8 1728 ’
63 1705 366 1752 immaculatus
385 1740 396 1761 ‚
420 1714 538 1749 totus
562 1707 868 1751 immaculatus
885 1743 895 1763 ‚
926 1723 1095 1768 semper
1121 1707 1450 1766 immaculatus3

64 1793 154 1822 non
173 1777 244 1822 cui
261 1775 444 1820 maculae
459 1774 616 1819 ablatae
630 1775 714 1819 sint
729 1811 740 1830 ‚
766 1775 842 1820 sed
863 1775 939 1835 qui
959 1778 1150 1822 maculas
1179 1777 1321 1822 nullas
1343 1794 1452 1823 con-

63 1847 254 1893 traxerit.
275 1848 384 1891 Nam
403 1844 506 1889 fecit
527 1844 688 1889 multos
708 1844 1010 1890 immaculatos
1023 1844 1229 1890 donando
1251 1857 1425 1906 peccata
1439 1881 1450 1903 ,

62 1918 153 1978 ipse
170 1916 472 1961 immaculatus
494 1932 584 1961 non
604 1916 809 1961 habendo
832 1925 1025 1976 peccata.
1050 1936 1070 1959 «
1095 1918 1152 1961 L't
1180 1917 1386 1975 sagittent
1406 1918 1454 1963 in

66 2006 88 2031 »
122 1987 378 2033 abscondito
398 1985 743 2031 immaculatum.
762 2004 782 2027 »

123 2073 222 2116 VII.
246 2074 477 2131 «Repente
498 2070 768 2129 sagittabunt
790 2084 889 2114 eum
909 2104 920 2124 ‚
954 2078 997 2114 et
1023 2085 1113 2115 non
1140 2069 1405 2116 timebunt³.
1427 2091 1448 2114 »

64 2144 102 2187 Ο
119 2157 193 2187 cor
214 2141 374 2186 durum
391 2176 403 2196 ,
428 2141 626 2185 occidere
646 2139 759 2185 velle
776 2139 998 2184 hominem
1017 2141 1094 2200 qui
1115 2150 1309 2186 mortuos
1321 2142 1452 2187 susci-

65 2212 212 2257 tabat!
253 2230 273 2253 «
307 2214 505 2271 Repente
529 2229 538 2255 :
566 2229 585 2251 »
609 2209 655 2254 id
677 2219 754 2264 est,
787 2209 989 2254 insidiose
1006 2245 1017 2264 ,
1054 2210 1177 2270 quasi
1197 2210 1446 2271 inopinate,

65 2282 186 2342 quasi
207 2296 296 2325 non
318 2281 513 2339 praevise.
545 2278 702 2325 Similis
725 2279 839 2323 enim
868 2279 1077 2323 nescienti
1095 2289 1187 2324 erat
1207 2280 1320 2325 inter
1336 2282 1450 2342 ipsos

65 2351 276 2396 Dominus
306 2350 554 2408 ignorantes
588 2350 697 2410 quid
729 2350 937 2405 nesciret,
967 2359 1011 2394 et
1036 2351 1143 2411 quid
1171 2351 1328 2410 sciret3
1360 2352 1449 2397 imo

67 2421 314 2480 ignorantes
328 2435 427 2464 eum
450 2419 561 2463 nihil
588 2419 752 2464 nescire
771 2455 782 2475 ‚
805 2429 847 2464 et
871 2420 1017 2464 omnia
1039 2421 1146 2464 scire
1166 2456 1177 2476 ,
1214 2430 1258 2466 et
1285 2421 1340 2466 ad
1364 2422 1448 2466 hoe

116 2535 125 2552 ¹
151 2531 243 2561 Joan.
263 2538 298 2567 n,
319 2527 375 2560 25.
395 2543 438 2550 —
458 2526 601 2575 attauh.
625 2537 714 2568 xxvz,
738 2527 789 2570 14,
814 2527 864 2560 15.
885 2543 926 2551 --
943 2525 956 2550 3
971 2526 1050 2560 Psal.
1074 2539 1158 2570 mn,
1179 2529 1211 2561 5.

228 2601 351 2633 cxvl.
1215 2595 1261 2633 12
