1889 3285
379 228 465 270 470
818 240 854 271 s.
887 240 1121 273 Aucus’rmr
1151 246 1334 275 EPISCOPI

376 316 605 368 propterea
632 307 735 368 quia
765 317 810 353 et
830 308 1044 355 manifesti
1078 320 1207 368 sunt,
1232 322 1276 358 et
1295 328 1387 358 non
1408 311 1518 358 libet
1543 313 1764 359 immorari

379 394 460 422 nec
482 379 528 422 in
549 394 681 438 poena
698 379 1020 426 inimicorum.«
1036 382 1169 436 Quasi
1190 384 1235 427 in
1256 383 1377 442 sylva
1395 385 1616 444 lignorum
1635 400 1763 430 secu-

379 465 400 490 ³)
435 448 555 493 ribus
570 449 858 495 conciderunt
873 452 1026 511 januas
1047 453 1139 513 ejus
1160 453 1207 497 in
1223 452 1409 514 idipsum
1425 490 1436 510 ,
1461 454 1507 499 in
1528 454 1709 500 dolabro
1719 465 1763 500 et

377 537 399 562 >›
434 518 639 566 fractorio
657 521 908 582 dejecerunt
924 525 1059 567 eam1.
1090 542 1110 566 »
1138 524 1190 571 Id
1200 534 1284 581 est,
1307 527 1618 585 conspiranter,
1642 542 1762 572 cons-

373 599 517 635 tanter
543 611 551 636 :
580 610 600 634 «
616 595 668 636 In
690 591 872 638 dolabro
893 602 936 637 et
945 592 1150 639 fractorio
1172 595 1424 656 dejecerunt
1440 612 1580 641 eam.»

432 665 490 707 X.
515 681 536 705 α
560 663 858 708 Incenderunt
891 665 980 724 igni
1011 667 1304 712 sanctuarium
1328 677 1478 725 tuum,
1508 668 1763 728 polluerunt

376 751 398 776 ³)
432 733 479 778 in
500 743 614 778 terra
635 735 968 780 tabernaculum
989 737 1176 783 nominis
1198 739 1305 783 tui2.
1325 757 1345 781 »

432 798 521 849 XI(
538 805 749 850 Dixerunt
765 807 811 850 in
827 807 959 852 corde
981 824 1082 863 suo,
1099 810 1301 868 cognatio
1323 825 1475 854 eorum
1496 811 1542 854 in
1563 825 1716 855 unum.
1738 829 1758 852 »

373 875 488 928 Quid
506 875 712 921 dixerunt
729 878 747 918 ’ἲ
772 897 793 920 «
818 878 973 923 Venite
988 913 999 934 ,
1024 881 1363 939 comprimamus
1380 895 1530 924 omnes
1565 880 1764 925 solemni-

375 962 397 987 »
435 955 540 991 tates
573 948 746 992 Domini
780 947 835 993 de
872 959 986 994 terra
1027 950 1202 995 Domini
1216 952 1248 1005 3,
1280 969 1300 992 »
1336 967 1386 995 ex
1420 966 1603 1011 persona
1633 952 1707 1012 huj
1716 966 1763 995 us

374 1017 677 1077 interpositum
697 1029 782 1076 est,
810 1035 861 1063 ex
880 1036 1062 1080 persona
1075 1023 1236 1081 Asaph.
1261 1025 1359 1067 Non
1372 1022 1489 1066 enim
1510 1021 1572 1066 illi
1588 1022 1765 1067 saevien-

373 1097 438 1133 tes
476 1089 713 1134 Dominum
746 1090 1015 1150 appellarent
1030 1127 1041 1147 ,
1087 1094 1209 1153 cujus
1244 1092 1457 1153 templum
1490 1093 1759 1137 evertebant.

379 1178 400 1202 «
425 1160 581 1204 Venite
595 1196 606 1216 ,
645 1162 981 1221 comprimamus
1019 1178 1168 1206 omnes
1204 1163 1495 1207 solemnitates
1524 1163 1697 1207 Domini
1739 1179 1763 1207 a

378 1247 399 1272 >›
434 1239 563 1274 terra.
588 1248 608 1272 »
635 1231 746 1285 Quid
781 1233 964 1292 Asaph‘?
992 1233 1101 1293 quid
1133 1233 1379 1278 intellectus
1411 1234 1556 1293 Asaph
1584 1234 1631 1277 in
1672 1233 1763 1278 his?

374 1300 516 1362 quid?
549 1304 646 1346 Non
677 1303 850 1361 proficit
881 1303 951 1347 vel
984 1303 1210 1363 disciplina
1239 1303 1371 1348 data?
1392 1305 1551 1349 Mentis
1575 1303 1763 1364 pravitas

373 1388 465 1417 non
492 1373 755 1431 corrigitur?
784 1376 942 1418 Eversa
978 1382 1080 1418 sunt
1117 1374 1262 1418 omnia
1292 1390 1390 1434 quae
1424 1375 1566 1434 primo
1607 1384 1730 1419 erant
1749 1394 1759 1419 ε

373 1458 590 1504 nusquam
608 1443 827 1500 sacerdos,
847 1460 1065 1506 nusquam
1088 1444 1222 1489 altare
1237 1445 1510 1501 Judaeorum,
1546 1461 1762 1506 nusquam

374 1514 564 1570 victima,
576 1530 793 1575 nusquam
810 1516 1037 1575 templum.
1054 1519 1171 1574 Ergo
1184 1515 1293 1560 nihil
1307 1515 1427 1560 aliud
1440 1516 1763 1574 agnoscendum

374 1594 438 1629 est
459 1585 581 1645 quod
602 1585 705 1629 huic
723 1585 951 1630 decedenti
966 1587 1202 1631 successit?
1225 1595 1301 1630 aut
1320 1602 1423 1631 vero
1439 1587 1523 1632 hoc
1543 1587 1763 1647 promissi-

372 1672 478 1701 vum
501 1657 672 1714 signum
690 1655 949 1711 auferretur,
966 1657 1047 1701 nisi
1064 1657 1249 1701 venisset
1267 1657 1386 1717 quod
1400 1657 1763 1717 promittebatur?

373 1727 609 1773 Videamus
631 1743 733 1787 ergo
757 1728 828 1772 hic
846 1728 977 1773 modo
1000 1728 1272 1773 intellectum
1287 1730 1431 1789 Asaph
1448 1764 1459 1785 ,
1484 1729 1708 1774 videamus
1728 1730 1763 1774 si

372 1798 544 1858 proficit
563 1814 614 1841 cx
633 1798 932 1843 tribulatione.
945 1800 1135 1843 Attende
1156 1798 1264 1859 quid
1289 1798 1405 1844 dicat
1426 1818 1435 1846 :
1465 1819 1485 1842 «
1506 1800 1636 1859 Signa
1658 1815 1761 1844 nos-

375 1887 396 1911 »
432 1879 498 1913 tra
529 1885 619 1913 non
648 1868 835 1913 vidimus
853 1905 863 1924 ‚
885 1871 975 1930 jam
999 1886 1088 1914 non
1122 1879 1185 1914 est
1213 1871 1457 1929 Propheta,
1491 1880 1534 1914 et
1565 1886 1644 1914 nos
1671 1886 1762 1915 non

375 1958 395 1982 »
431 1949 661 1998 cognoscet
683 1939 825 1985 adhuc
840 1942 870 1984 4.
901 1958 921 1980 »
946 1943 1059 1984 Ecce
1078 1940 1147 1984 isti
1169 1942 1194 1983 J
1199 1939 1311 1984 udaei
1333 1940 1409 2001 qui
1433 1955 1477 1984 se
1498 1941 1652 1984 dicunt
1671 1956 1761 1985 non

373 2012 547 2071 agnosci
569 2011 713 2056 adhuc
727 2047 738 2067 ,
763 2011 810 2056 id
831 2020 922 2067 est,
947 2011 993 2055 in
1015 2011 1263 2071 captivitate
1284 2012 1428 2056 adhuc
1450 2027 1494 2056 se
1515 2027 1626 2068 esse,
1646 2028 1760 2057 non-

371 2084 479 2128 dum
499 2098 542 2127 se
561 2081 756 2139 liberari,
783 2092 1015 2143 expectant
1037 2082 1182 2126 adhuc
1205 2083 1443 2128 Christum.
1464 2085 1685 2128 venturus
1698 2093 1762 2129 est

371 2154 567 2199 Christus
587 2189 598 2208 ,
624 2154 700 2198 sed
715 2154 862 2198 veniet
878 2163 927 2197 ut
939 2148 1074 2213 judex
1100 2172 1108 2196 :
1136 2153 1278 2212 primo
1300 2163 1491 2208 vocator,
1514 2163 1660 2213 postea
1674 2154 1762 2199 dis-

371 2232 526 2268 cretor.
553 2224 735 2279 Veniet,
762 2224 864 2284 quia
881 2224 1001 2268 venit
1018 2258 1029 2277 ,
1055 2233 1098 2267 et
1125 2239 1226 2267 eum
1247 2233 1483 2269 venturum
1504 2239 1594 2268 esse
1619 2225 1760 2268 mani-

367 2294 529 2340 festum
555 2304 619 2339 est
632 2314 640 2339 :
652 2293 727 2339 sed
747 2295 838 2355 jam
859 2295 1046 2354 desuper
1062 2294 1222 2339 veniet.
1245 2297 1358 2339 Ante
1375 2304 1417 2338 te
1433 2304 1540 2350 erat,
1555 2311 1580 2339 o
1595 2294 1725 2340 Isra'el
1744 2295 1754 2339 l

369 2371 598 2420 Quassatus
622 2381 686 2421 eS,
709 2366 811 2426 quia
833 2365 1055 2410 offendisti
1075 2365 1119 2409 in
1136 2366 1353 2425 jacentem
1381 2385 1389 2410 :
1414 2381 1470 2410 ne
1495 2367 1728 2410 conteraris
1743 2401 1754 2422 ,

366 2437 547 2481 observa
588 2436 774 2496 desuper
795 2436 1058 2481 venientem.
1094 2439 1159 2479 Ita
1181 2435 1296 2479 enim
1320 2436 1578 2495 praedictum
1600 2446 1663 2480 est
1679 2451 1757 2496 per

362 2509 627 2567 Prophetam
653 2526 662 2552 ι
691 2526 710 2549 «
737 2507 942 2567 Quisquis
965 2506 1200 2551 offenderit
1218 2506 1264 2549 in
1284 2505 1477 2565 lapidem
1494 2506 1637 2562 illum,
1653 2522 1754 2551 con-

418 2598 427 2614 ¹
449 2592 528 2624 Psal.
550 2603 661 2634 xxxur,
680 2591 712 2624 6.
735 2609 776 2614 -
797 2599 810 2614 ²
835 2592 914 2624 Ibid.
937 2602 968 2634 7.
987 2607 1028 2613 --
1048 2589 1061 2613 3
1079 2591 1159 2623 lbid.
1175 2593 1207 2623 8.
1228 2607 1270 2613 —
1288 2588 1304 2620 4
1329 2590 1411 2624 lbid.
1432 2601 1465 2632 9.
