1889 3285
420 279 661 310 ENARRATIO
692 282 740 308 m
771 278 975 308 PSALMUM
1008 281 1112 308 Lvn.
1366 267 1420 307 35

39 350 208 405 litudo,
242 347 488 408 spectacula
523 347 603 391 ista
630 344 846 390 delectare
882 361 959 391 nos
987 345 1177 389 debent?
1215 354 1289 389 aut
1322 345 1425 405 quia

40 421 149 465 dixit
170 439 178 464 :
203 438 220 459 «
247 419 332 472 Qui
364 419 407 462 in
431 432 566 475 agone
599 417 850 469 contendit,
888 416 942 459 ab
967 414 1169 459 omnibus
1204 415 1421 459 abstinens

43 509 65 533 »
100 491 189 534 est1
217 508 226 533 ς
249 507 270 530 ))
290 496 517 548 propterea
539 486 775 545 agonistica
796 486 876 529 ista
904 500 1014 529 vana
1037 493 1080 528 et
1095 483 1263 528 ludrica
1292 483 1425 528 debet

42 561 244 605 affectare
265 558 564 603 Christianus?
585 556 774 600 Attende
790 555 896 616 quid
914 555 993 599 tibi
1010 554 1179 599 dicatur
1202 554 1256 598 ad
1274 553 1424 598 simili-

42 629 239 675 tudinem
259 664 270 684 ,
295 627 403 688 quid
436 635 664 672 moneatur
695 626 750 669 ad
771 626 1125 685 prohibitionem.
1153 629 1218 670 Ita
1254 641 1356 684 ergo
1379 635 1422 670 et

41 700 113 745 hic
128 698 228 744 data
242 707 304 742 est
325 696 526 758 quaedam
549 695 785 740 similitudo
808 696 862 739 de
877 699 1042 751 Marso,
1063 696 1138 755 qui
1159 696 1352 740 incantat
1375 705 1426 740 ut

43 770 200 822 educat
237 769 429 829 aspidem
456 767 512 811 de
535 768 764 811 tenebrosa
792 782 1002 824 caverna,
1025 768 1177 827 utique
1206 767 1252 810 in
1281 765 1426 811 lucem

7 862 10 876 v
42 840 139 887 vult
169 839 354 884 educere
375 859 383 883 :
418 837 491 885 illa
514 847 657 881 autem
682 837 867 882 amando
890 838 1090 882 tenebras
1113 854 1231 893 suas,
1264 838 1425 898 quibus

44 926 88 956 se
109 909 357 955 involutans
379 908 569 954 occultat
585 944 595 963 ,
620 908 779 952 dicitur
800 907 921 967 quod
943 924 1042 952 cum
1071 909 1186 952 exire
1211 908 1422 964 noluerit,

45 996 244 1027 recusans
264 990 410 1024 tamen
440 979 589 1023 audire
615 978 708 1023 illas
729 994 880 1034 voces,
907 979 1067 1039 quibus
1088 995 1132 1023 se
1155 980 1251 1038 cogi
1272 980 1424 1035 sentit,

46 1051 185 1097 allidit
209 1067 343 1095 unam
369 1066 517 1094 aurem
544 1059 691 1104 terrae,
715 1058 758 1093 et
778 1049 834 1093 de
856 1049 992 1093 cauda
1018 1049 1197 1094 obturat
1214 1049 1395 1093 alteram
1413 1086 1424 1105 ,

7 1140 9 1144 ·
45 1123 192 1181 itaque
212 1121 272 1165 ita
288 1136 414 1165 voces
437 1119 530 1163 illas
547 1128 762 1179 quantum
779 1129 921 1178 potest
943 1119 1107 1164 evitans
1124 1155 1135 1175 ,
1161 1135 1251 1163 non
1269 1120 1356 1163 exit
1373 1120 1430 1165 ad

46 1193 354 1237 incantantem.
377 1191 488 1234 Huic
505 1189 662 1234 similes
680 1189 785 1233 dixit
806 1190 986 1249 Spiritus
1005 1190 1082 1233 Dei
1105 1192 1315 1250 quosdam
1339 1206 1429 1235 nou

48 1261 270 1307 audientes
291 1260 476 1305 verbum
503 1259 580 1303 Dei
597 1294 608 1314 ,
633 1268 676 1303 et
697 1275 787 1303 non
808 1258 948 1303 solum
972 1275 1058 1305 non
1088 1259 1292 1304 facientes
1308 1296 1318 1316 ,
1355 1259 1431 1304 sed

8 1341 11 1376 i
48 1331 225 1378 omnino
246 1346 302 1375 ne
317 1331 480 1375 faciant
501 1328 652 1373 audire
673 1329 885 1374 nolentes,

105 1405 229 1447 VIII.
255 1405 437 1446 Factum
470 1410 533 1446 est
563 1402 647 1446 hoc
669 1412 711 1446 et
737 1402 783 1446 111
804 1402 952 1462 primis
983 1405 1255 1463 temporibus
1283 1405 1384 1450 fidei
1415 1426 1423 1451 ι

10 1487 12 1501 ³
49 1474 292 1532 Stephanus
307 1482 473 1530 martyr
497 1472 762 1532 praedicabat
782 1473 1007 1517 veritatem
1026 1510 1037 1529 ,
1067 1484 1109 1518 et
1133 1484 1338 1536 tanquam
1363 1486 1429 1520 te-

47 1543 238 1588 nebrosis
255 1543 491 1597 mentibus,
515 1552 564 1586 ut
580 1558 650 1586 eas
671 1543 717 1586 in
742 1542 886 1587 lucem
909 1543 1127 1600 educeret,
1153 1545 1404 1591 incantabat
1423 1567 1432 1592 :

47 1614 125 1658 ubi
140 1615 260 1659 venit
279 1613 336 1658 ad
355 1615 811 1658 commemorationem
826 1614 1001 1663 Christi,
1019 1631 1150 1674 quem
1167 1615 1230 1660 illi
1252 1618 1432 1663 omnino

48 1684 196 1729 audire
224 1684 486 1739 noluerunt,
522 1685 629 1745 quid
657 1685 712 1728 de
740 1685 798 1728 eis
829 1685 1049 1745 Scriptura
1082 1686 1217 1731 dicit?
1249 1689 1357 1749 quid
1379 1689 1434 1734 (16

15 1788 18 1791 -
47 1754 130 1799 illis
151 1758 320 1799 narrat?
344 1754 627 1811 Clauserunt,
659 1756 801 1815 inquit
817 1790 829 1811 ,
864 1772 987 1802 aures
1009 1774 1121 1804 suas.
1148 1759 1265 1812 Quid
1288 1770 1435 1806 autem

48 1834 195 1885 postea
227 1823 432 1879 fecerint,
467 1826 608 1884 passio
639 1826 846 1885 Stephani
886 1837 1058 1872 narrata
1091 1827 1296 1874 declarat.
1333 1835 1432 1877 Non

3 1913 11 1939 ι
50 1905 173 1940 erant
193 1895 337 1950 surdi,
362 1897 438 1940 sed
459 1895 656 1940 fecerunt
679 1913 722 1941 se
744 1897 909 1942 surdos.
937 1900 1048 1952 Quia
1071 1901 1188 1944 enim
1209 1917 1332 1946 aures
1354 1919 1434 1963 pa-

50 1972 189 2010 tentes
209 1966 254 2009 in
280 1964 411 2009 corde
432 1981 522 2010 non
542 1966 766 2011 habebant
782 2003 792 2022 ,
817 1967 1019 2013 violentia
1049 1979 1197 2014 tamen
1215 1972 1337 2016 verbi
1357 1987 1435 2032 per

52 2051 174 2080 aures
194 2036 332 2079 carnis
354 2037 520 2080 irruens
537 2072 547 2092 ,
573 2037 702 2081 etiam
722 2038 822 2097 ipsis
844 2039 1020 2083 auribus
1037 2039 1177 2085 cordis
1198 2041 1288 2085 vim
1308 2042 1434 2087 facie-

51 2106 129 2149 bat
149 2125 158 2149 :
182 2105 430 2150 clauserunt
459 2116 501 2151 et
523 2122 646 2150 aures
669 2109 859 2166 corporis
875 2143 886 2163 ,
906 2118 950 2153 et
969 2109 1114 2153 ierunt
1142 2110 1197 2154 ad
1217 2111 1383 2171 lapides
1400 2117 1433 2157 2.

54 2177 165 2219 Ecce
181 2175 348 2235 aspides
369 2176 511 2220 surdae
534 2175 728 2221 duriores
750 2177 968 2237 lapidibus
984 2215 995 2234 ,
1020 2180 1179 2240 quibus
1198 2182 1437 2228 incantato-

55 2256 144 2288 rem
167 2261 294 2289 suum
306 2245 611 2305 lapidaverunt
629 2263 638 2288 z
665 2263 754 2291 non
776 2247 1009 2293 audierunt
1028 2265 1180 2295 vocem
1204 2252 1435 2298 incantan-

55 2314 133 2359 tis:
155 2333 175 2356 «
195 2318 252 2359 Et
271 2314 577 2360 medicamenti
598 2315 799 2361 medicati
822 2334 845 2362 a
862 2318 1071 2378 sapiente.
1092 2338 1112 2361 »
1131 2322 1248 2375 Quid
1265 2332 1328 2367 est
1349 2338 1440 2367 me-

56 2384 349 2430 dicamentum
370 2387 635 2431 medicatum
654 2405 677 2432 a
690 2389 906 2448 sapiente?
929 2393 1058 2435 Forte
1071 2392 1437 2439 medicamentum

57 2455 304 2501 confectum
321 2492 332 2511 ,
352 2457 468 2501 dicat
489 2457 857 2504 medicamentum
879 2459 1158 2506 medicatum.
1184 2466 1253 2507 An
1280 2465 1440 2524 quaeri—

58 2540 152 2571 mus
165 2527 227 2570 ibi
241 2526 420 2586 aliquid,
442 2528 661 2588 quomodo
669 2530 760 2589 jam
777 2531 811 2573 si
828 2529 1196 2577 medicamentum
1208 2543 1288 2589 est,
1309 2536 1438 2579 etiam

111 2617 120 2633 ¹
148 2622 161 2643 1
181 2611 253 2642 Cor.
271 2622 316 2652 ix,
332 2611 388 2652 25,
407 2610 463 2642 26.
486 2628 528 2634 —
543 2618 556 2634 2
572 2613 653 2645 Act.
671 2623 728 2653 vu,
745 2612 799 2653 56,
827 2614 879 2655 57.

1241 2672 1278 2710 3.
