1889 3285
390 221 473 261 436
820 232 854 258 s.
889 230 1119 260 Aucusnm
1151 234 1331 262 EPISCOPI

389 315 411 338 n
446 295 609 356 percit,
634 309 779 355 neque
796 294 877 339 tibi
898 306 1060 356 parcet.
1089 316 1110 339 »
1136 301 1194 342 Et
1220 299 1416 360 sequitur
1445 300 1587 344 bonus
1612 298 1734 345 locus
1757 335 1769 357 ,

385 375 428 411 et
450 367 711 410 necessarius
731 400 743 420 ,
762 374 812 410 'et
832 375 950 411 totus
978 366 1219 412 audiendus
1242 388 1251 414 ε
1273 369 1437 414 «Vides
1454 384 1578 428 ergo,
1603 371 1769 430 inquit,

385 454 406 478 »
441 435 682 480 bonitatem
705 444 748 479 et
770 437 1041 481 severitatem
1060 438 1137 482 Dei
1162 457 1170 483 ε
1191 438 1238 482 in
1257 454 1329 484 eos
1345 440 1524 500 quidem
1544 441 1622 501 qui
1641 439 1773 498 fracti

385 525 406 548 »
441 515 544 552 sunt
562 541 573 561 ‚
598 506 868 551 severitatem
891 528 902 565 3
925 507 972 551 in
1004 517 1046 552 te
1075 517 1222 553 autem
1243 510 1318 570 qui
1340 510 1522 555 insertus
1545 527 1588 555 es
1603 545 1615 565 ,
1641 511 1772 556 boni-

383 596 404 620 »
440 586 574 622 tatem
589 611 601 633 ‚
626 577 661 621 si
682 578 966 636 permanseris
986 579 1030 623 in
1059 579 1270 624 bonitate.
1296 579 1504 641 Alioquin
1526 581 1605 640 (id
1626 591 1713 636 est,
1737 581 1772 626 si

381 666 403 690 »
438 663 529 692 non
549 648 831 707 permanseris
854 648 900 692 in
935 649 1130 693 bonitate
1145 685 1156 704 ‚
1180 653 1196 707 )
1218 659 1261 694 et
1282 659 1331 695 tu
1364 650 1570 696 excideris
1591 672 1602 709 3
1625 661 1670 696 et
1690 650 1769 708 illi,

383 738 405 762 »
440 719 474 763 si
503 734 593 763 non
622 719 937 778 permanserint
965 719 1011 763 in
1043 719 1322 776 infidelitate,
1352 721 1597 766 inserentur
1616 723 1648 765 ¹.
1681 740 1702 764 »

437 791 520 833 111.
557 791 769 848 Tempore
801 788 931 847 igitur
944 790 1110 834 Veteris
1136 791 1426 846 Testamenti,
1451 790 1606 837 fratres
1624 826 1636 847 ‚
1667 807 1771 852 pro-

381 858 606 903 missiones
628 861 756 904 a‘Deo
775 868 924 904 nostro
944 859 1110 920 populo
1132 859 1195 904 illi
1212 860 1374 905 carnali
1389 870 1572 906 terrenae
1593 871 1718 906 erant
1728 872 1772 907 et

378 929 653 990 temporales.
692 931 959 976 Promissum
989 940 1052 975 est
1090 946 1275 990 regnum
1292 940 1529 987 terrenum,
1560 932 1771 992 promissa

381 1011 446 1047 est
479 1011 593 1046 terra
620 1001 695 1046 illa
710 1037 721 1056 ‚
746 1002 792 1045 in
814 1017 946 1062 quam
969 1002 1099 1046 etiam
1122 1002 1290 1047 inducti
1310 1011 1412 1047 sunt
1435 1003 1490 1047 ab
1505 1005 1699 1063 AEgypto
1713 1002 1770 1048 li-

378 1073 517 1116 berati
544 1091 553 1116 z
577 1087 655 1132 per
670 1075 693 1115 J
698 1087 818 1127 esum
836 1075 954 1117 Nave
969 1072 1208 1117 introducti
1225 1082 1328 1117 sunt
1348 1073 1394 1116 in
1411 1083 1568 1117 terram
1587 1074 1770 1133 promis-

378 1142 532 1196 sionis,
565 1142 644 1186 ubi
680 1143 810 1186 etiam
848 1142 1088 1187 Jerusalem
1127 1152 1296 1187 terrena
1334 1142 1544 1187 aedificata
1578 1153 1667 1200 est,
1693 1144 1770 1190 ubi

375 1212 573 1272 regnavit
598 1211 748 1256 David.
775 1216 1050 1272 Acceperunt
1072 1222 1251 1267 terram,
1277 1212 1450 1257 liberati
1471 1229 1523 1257 ex
1538 1216 1733 1274 AEgypto
1751 1248 1763 1270 ,

374 1292 646 1328 transeuntes
669 1298 746 1342 per
768 1283 968 1327 Rubrum
987 1299 1105 1327 mare
1122 1304 1133 1339 3
1155 1283 1287 1327 finitis
1304 1283 1570 1328 anfractibus
1587 1293 1630 1328 et
1646 1300 1767 1329 erro-

374 1354 493 1399 ribus
525 1352 832 1409 solitudinum,
869 1363 1131 1413 acceperunt
1167 1363 1352 1409 terram,
1377 1363 1637 1414 acceperunt
1665 1370 1765 1414 reg-

371 1440 478 1470 num
502 1444 510 1469 z
537 1423 696 1468 deinde
718 1433 815 1483 post
840 1438 1022 1481 regnum
1044 1433 1270 1483 acceptum
1285 1459 1296 1478 ‚
1322 1424 1426 1484 quia
1448 1434 1618 1469 terrena
1639 1440 1764 1469 acce-

374 1505 552 1555 perant,
577 1503 808 1554 coeperunt
830 1495 986 1539 merito
1008 1504 1285 1554 peccatorum
1308 1510 1485 1539 suorum
1501 1496 1761 1555 oppugnari,

371 1565 634 1625 expugnari,
681 1565 889 1624 captivari
915 1585 926 1621 3
952 1564 1007 1608 ad
1043 1574 1285 1608 extremum
1314 1580 1459 1609 eversa
1496 1574 1560 1609 est
1596 1575 1640 1610 et
1672 1567 1764 1625 ipsa

370 1636 534 1681 civitas.
563 1635 685 1679 Tales
719 1645 843 1679 erant
876 1644 919 1679 et
940 1633 1025 1678 itlae
1052 1635 1355 1694 promissiones
1391 1651 1480 1679 non
1512 1645 1763 1695 persevera-

368 1717 502 1763 turae,
528 1722 605 1766 per
626 1723 733 1767 quas
769 1716 914 1750 tamen
951 1706 1244 1764 figurarentur
1264 1704 1426 1750 futurae
1459 1706 1763 1765 promissiones

368 1787 729 1840 perseveraturae3
765 1786 815 1821 ut
840 1776 913 1820 ille
939 1776 1078 1820 omnis
1101 1776 1307 1820 decursus
1331 1776 1633 1836 temporalium
1655 1794 1762 1837 pro-

367 1850 621 1894 missionum
652 1849 791 1908 figura
814 1857 924 1892 esset
950 1857 994 1891 et
1015 1846 1217 1907 quaedam
1234 1848 1464 1907 prophetia
1486 1848 1756 1894 futurorum.

367 1925 522 1981 Itaque
557 1935 658 1965 cum
687 1918 798 1963 illud
825 1934 1009 1977 regnum
1035 1917 1351 1972 deficeret,ubi
1379 1919 1574 1976 regnavit
1602 1919 1755 1975 David,

366 1991 481 2035 filius
513 1993 656 2044 Jesse,
686 1989 732 2034 id
763 1998 850 2045 est,
882 1990 1016 2034 homo
1048 1987 1251 2048 quidam,
1286 1987 1365 2032 etsi
1405 1989 1648 2048 Propheta,
1678 1989 1760 2034 etsi

368 2072 563 2117 sanctus,
589 2062 690 2122 quia
710 2061 892 2105 videbat
913 2069 956 2104 et
978 2058 1245 2119 praevidebat
1262 2059 1484 2103 Christum
1501 2069 1753 2116 venturum,

367 2133 421 2178 de
431 2134 563 2194 ,cujus
581 2133 742 2177 semine
765 2132 896 2176 etiam
919 2129 1158 2175 secundum
1179 2144 1353 2173 carnem
1372 2130 1613 2173 nasciturus
1630 2139 1720 2174 erat
1742 2149 1753 2176 ι

366 2213 514 2247 tamen
539 2203 672 2247 homo
687 2237 697 2256 ,
738 2211 882 2245 tamen
913 2198 1111 2244 nondum
1134 2199 1330 2244 Christus
1349 2233 1361 2254 ‚
1386 2207 1532 2242 tamen
1553 2198 1753 2244 nondum

367 2289 439 2318 rex
458 2281 618 2327 noster,
641 2271 778 2316 Filius
798 2271 885 2325 Dei,
901 2270 976 2314 sed
998 2285 1070 2313 rex
1092 2269 1240 2323 David,
1262 2267 1375 2312 filius
1387 2271 1523 2312 Jesse:
1537 2270 1638 2328 quia
1651 2284 1752 2327 ergo

365 2343 640 2389 defecturum
667 2352 758 2386 erat
790 2341 898 2386 illud
921 2355 1104 2400 regnum
1122 2375 1131 2391 ,
1157 2355 1233 2399 per
1250 2338 1370 2398 quod
1394 2355 1574 2398 regnum
1596 2355 1750 2399 accep-

364 2427 460 2461 tum
481 2415 741 2459 laudabatur
763 2424 864 2457 tunc
886 2417 999 2457 Deus
1017 2428 1040 2455 a
1067 2410 1338 2467 carnalibus3
1365 2411 1447 2454 hoc
1470 2410 1611 2454 solum
1633 2411 1748 2456 enim

365 2503 443 2547 pro
464 2501 624 2546 magno
641 2484 887 2538 habebant,
913 2483 1015 2543 quia
1039 2481 1210 2525 liberati
1231 2490 1353 2527 erant
1376 2479 1669 2541 temporaliter
1691 2482 1747 2526 ab

415 2593 422 2609 ¹
447 2588 536 2618 Rom.
554 2596 597 2626 n,
617 2583 731 2626 17—22.
