1889 3285
720 245 739 265 0

407 286 493 326 250
835 299 869 325 s.
904 296 1134 326 Aucus‘rnu
1165 300 1346 327 muscom

409 382 429 405 »
463 362 698 413 luminabis
725 363 921 407 tenebras
941 378 1059 408 meas
1073 366 1103 408 ¹.
1126 382 1150 405 »
1171 366 1275 408 Sum
1298 364 1343 408 in
1372 364 1560 408 tenebris
1582 373 1786 423 peccato-

407 451 505 479 rum
520 470 532 490 ,
556 433 631 478 sed
652 435 773 479 radio
795 435 1016 494 sapientiae
1034 444 1120 479 tuae
1139 434 1424 480 discutiantur
1447 435 1638 479 tenebrae
1659 451 1782 492 meae,

407 514 611 566 appareat
625 504 771 550 vultus
792 514 893 549 tuus
911 525 922 562 3
955 514 998 549 et
1017 505 1052 549 si
1072 504 1185 550 forte
1207 514 1384 564 apparet
1404 521 1480 565 per
1500 520 1570 549 me
1589 505 1788 567 aliquan-

405 576 550 623 tulum
582 575 788 621 deformis
816 575 1020 632 effectus,
1046 593 1070 621 a
1101 586 1143 622 te
1173 577 1431 622 reformetur
1447 576 1567 638 quod
1586 594 1609 622 a
1630 587 1673 622 te
1694 576 1787 623 for-

404 658 570 695 matum
589 659 667 694 est.
696 669 717 691 «
738 648 961 695 llluminet
975 664 1078 708 ergo
1095 648 1267 693 vultum
1289 665 1416 694 suum
1435 665 1564 709 super
1580 665 1673 694 nos.
1703 667 1724 691 n

464 723 517 765 V.
548 724 644 766 «Ut
674 737 984 780 cognoscamus
1005 721 1049 765 in
1072 730 1186 769 terra
1205 721 1320 766 viam
1350 723 1512 765 tuam2.
1544 724 1596 765 In
1619 731 1785 777 terra‚»

403 792 491 843 hic,
517 792 563 836 in
590 793 672 836 hac
693 793 778 838 vita
796 829 806 848 ‚
830 814 848 835 α
870 795 1190 851 Cognoscamus
1210 793 1323 836 viam
1346 801 1482 841 tuam.
1511 810 1532 833 »
1561 791 1676 845 Quid
1692 801 1784 848 est,

407 881 429 905 «
463 862 589 907 Viam
619 866 772 908 tuam?
795 882 815 906 »
837 866 945 917 Quae
966 863 1089 908 ducit
1112 861 1167 908 ad
1189 872 1246 908 tc.
1278 865 1577 922 Agnoscamus
1598 878 1687 923 quo
1712 877 1788 907 ea-

404 948 517 988 mUS,
549 949 829 992 agnoscamus
851 951 937 995 qua
963 950 1135 989 eamus,
1160 942 1397 994 utrumque
1426 934 1469 977 in
1492 933 1681 978 tenebris
1697 949 1788 978 non

401 1020 645 1064 possumus,
672 1008 820 1064 Longe
842 1021 885 1050 es
908 1021 932 1049 a
958 1004 1332 1065 peregrinantibus
1347 1040 1359 1060 ‚
1387 1004 1502 1050 viam
1532 1004 1657 1048 nobis
1681 1019 1787 1063 por-

401 1076 568 1131 rexisti,
594 1092 671 1136 per
699 1092 832 1136 quam
864 1075 1135 1121 redeundum
1165 1076 1220 1123 sit
1242 1076 1296 1120 ad
1318 1084 1362 1119 te
1394 1095 1403 1120 ;
1437 1094 1458 1118 «
1493 1078 1788 1133 Agnoscamus

405 1163 426 1188 »
462 1146 508 1189 in
532 1155 644 1191 terra
665 1146 780 1191 viam
802 1156 969 1191 tuam.»
993 1149 1101 1200 Quae
1124 1147 1263 1191 estvia
1279 1146 1426 1205 ipsius,
1443 1145 1545 1205 quia
1566 1145 1650 1189 hoc
1662 1154 1788 1205 opta-

401 1216 542 1261 vimus
563 1235 572 1262 :
598 1236 618 1260 «
641 1219 698 1261 Ut
720 1232 1030 1276 cognoscamus
1053 1217 1099 1260 in
1124 1226 1233 1261 terra
1254 1216 1369 1261 viani
1384 1225 1503 1260 tuam
1518 1217 1536 1260 Ρ
1554 1216 1788 1269 Quaesituri

401 1303 550 1332 sumus
571 1303 667 1332 eam
690 1303 785 1338 nos,
810 1303 899 1332 non
920 1303 998 1346 per
1018 1303 1095 1331 nos
1122 1286 1331 1331 discituri.
1360 1290 1592 1330 Possumus
1614 1302 1710 1330 eam
1731 1286 1787 1330 de

399 1357 636 1415 Evangelio
661 1357 822 1402 discere
851 1377 859 1402 :
888 1376 908 1398 «
923 1359 1018 1416 Ego
1032 1372 1128 1401 sum
1147 1356 1261 1411 viam
1285 1356 1494 1400 Dominus
1519 1356 1578 1400 ait
1603 1376 1612 1400 ε
1637 1356 1787 1401 Chris-

398 1437 469 1474 tus
490 1428 623 1483 dixit,
649 1448 668 1471 «
693 1431 785 1486 Ego
808 1443 904 1471 sum
935 1428 1018 1472 via.
1048 1446 1067 1468 »
1098 1426 1182 1473 Sed
1205 1427 1329 1471 times
1346 1442 1401 1471 ne
1418 1428 1565 1471 erres?
1587 1425 1782 1487 Adiecit,

404 1517 424 1541 κ
458 1502 514 1544 Et
529 1499 698 1543 veritas.
724 1517 743 1541 »
770 1499 875 1552 Quis
897 1508 1011 1543 errat
1025 1499 1069 1543 in
1091 1499 1297 1543 veritate?
1319 1501 1447 1543 Errat
1468 1499 1544 1558 qui
1566 1499 1786 1543 recesserit

397 1585 422 1613 a
442 1569 637 1614 veritate.
661 1569 827 1613 Veritas
849 1569 1063 1623 Christus,
1085 1569 1153 1613 via
1171 1569 1368 1613 Christus
1387 1588 1396 1612 ι
1422 1567 1615 1612 ambula.
1645 1569 1785 1612 Times

397 1655 454 1684 ne
484 1639 679 1684 moriaris
707 1648 940 1699 antequam
963 1639 1210 1698 pervenias?
1239 1657 1260 1680 «
1291 1641 1385 1697 Ego
1417 1654 1512 1683 sum
1542 1639 1629 1683 vita
1655 1658 1665 1682 :
1690 1642 1785 1697 Ego

399 1727 420 1752 »
456 1725 573 1765 sum,
604 1710 772 1770 inquit,
797 1710 866 1754 via
893 1719 936 1754 et
968 1709 1123 1753 veritas
1158 1718 1201 1754 et
1234 1709 1367 1753 vita³.
1400 1727 1420 1750 n
1447 1709 1575 1762 Quasi
1596 1708 1779 1753 diceret:

397 1779 511 1834 Quid
532 1781 686 1824 times?
707 1784 786 1825 Per
812 1796 882 1824 me
909 1780 1121 1835 ambulas,
1147 1779 1202 1824 ad
1222 1795 1295 1838 me
1318 1779 1529 1834 ambulas,
1554 1780 1599 1823 in
1621 1795 1691 1823 me
1711 1795 1782 1824 re-

398 1851 595 1911 quiescis.
633 1851 750 1905 Quid
777 1866 879 1910 ergo
912 1851 971 1895 ait
999 1870 1007 1896 :
1042 1870 1062 1892 «
1096 1854 1418 1909 Cognoscamus
1453 1851 1499 1895 in
1526 1860 1638 1895 terra
1668 1851 1781 1896 viam

397 1939 418 1964 »
454 1931 625 1972 tuam‚»
648 1922 744 1976 nisi,
769 1938 1079 1981 cognoscamus
1097 1922 1142 1966 in
1154 1931 1266 1966 terra
1290 1922 1510 1967 Christum
1528 1923 1681 1966 tuum?
1698 1921 1783 1967 Sed

393 1992 483 2051 ipse
515 1991 710 2036 Psalmus
739 1991 994 2052 respondeat
1033 2012 1041 2036 :
1070 2008 1125 2036 ne
1153 1993 1313 2051 putetis
1352 2008 1403 2036 ex
1430 1992 1521 2037 aliis
1553 1993 1782 2052 Scripturis

394 2062 693 2109 adhibendum
727 2079 816 2108 esse
861 2064 1156 2108 testimonium
1179 2098 1189 2118 ‚
1223 2062 1345 2123 quod
1374 2061 1486 2107 forte
1516 2063 1587 2108 hic
1619 2063 1739 2108 deest
1767 2083 1776 2108 z

393 2133 629 2193 repetendo
661 2125 849 2178 ostendit
882 2134 988 2194 quid
1021 2134 1204 2188 dixerit,
1248 2153 1267 2175 «
1304 2136 1361 2178 Ut
1394 2149 1706 2192 cognoscamus
1733 2134 1780 2178 in

395 2221 415 2245 »
451 2213 564 2248 terra
586 2205 699 2248 viam
724 2213 842 2249 tuam
863 2223 899 2249 ε»
927 2213 970 2248 et
990 2205 1111 2264 quasi
1128 2213 1175 2247 tu
1193 2219 1408 2263 quaereres
1435 2223 1444 2248 ;
1466 2207 1516 2247 In
1537 2220 1623 2264 qua
1645 2213 1774 2259 terra,

391 2290 523 2335 quam
547 2276 687 2319 viam?
717 2294 734 2317 «
766 2278 816 2319 In
853 2275 1056 2319 omnibus
1080 2274 1280 2333 gentibus
1300 2273 1486 2317 salutare
1507 2283 1649 2318 tuum.
1678 2293 1698 2316 »
1725 2278 1778 2319 In

390 2361 478 2406 qua
495 2355 607 2390 terra
624 2347 805 2405 quaeris?
828 2346 941 2390 Audi
968 2365 976 2390 :
1009 2365 1029 2387 (ι
1054 2349 1106 2390 In
1123 2345 1327 2389 omnibus
1350 2345 1567 2404 gentibus.
1592 2364 1611 2386 η
1633 2349 1775 2398 Quam

389 2418 502 2463 viam
525 2417 707 2477 quaeris?
737 2416 847 2460 Audi
872 2436 879 2461 :
910 2437 929 2459 «
955 2416 1149 2461 Salutarc
1168 2425 1310 2459 tuum.
1339 2434 1359 2456 »
1385 2420 1454 2460 An
1472 2415 1583 2460 forte
1605 2432 1694 2460 non
1711 2426 1776 2461 est

389 2488 584 2534 Christus
605 2487 789 2532 salutare
814 2487 975 2547 ipsius?
997 2491 1053 2535 Et
1076 2488 1182 2547 quid
1205 2486 1403 2548 estquod
1421 2488 1530 2532 dixit
1553 2503 1682 2537 senex
1698 2486 1772 2532 ille

438 2602 445 2618 ¹
467 2595 544 2627 Psal.
566 2607 646 2637 xvu,
665 2604 718 2637 29.
740 2612 781 2618 -
803 2602 815 2618 ²
835 2596 878 2627 Id*
897 2606 982 2633 val,
1003 2595 1032 2626 5.
1050 2611 1092 2617 —
1113 2592 1126 2617 3
1144 2597 1235 2626 Joan.
1252 2605 1318 2636 xiv,
1339 2594 1375 2625 6.
