1889 3285
410 244 494 285 284
844 254 878 282 s.
915 253 1145 282 Aucus-nm
1178 256 1360 283 EPISCOPI

409 323 574 366 dictum
597 331 661 365 cst
682 320 803 381 quod
824 336 952 380 supra
973 320 1309 364 commemoravi
1333 339 1342 364 t
1371 338 1391 361 α
1413 319 1596 378 Spiritus
1619 328 1792 363 sanetus

408 410 428 433 »
464 392 739 451 superveniet
759 392 803 434 in
828 400 871 435 te
887 426 898 446 ‚
919 399 961 434 et
988 391 1125 434 virtus
1147 390 1352 433 Altissimi
1378 389 1660 433 obumbrabit
1682 388 1789 443 tibi,

407 480 428 503 »
463 462 546 505 hoc
573 470 658 516 est,
685 461 885 504 umbram
913 460 1039 504 faciet
1068 459 1172 503 tibi:
1199 468 1428 518 propterea
1451 458 1572 518 quod
1594 467 1794 502 nascetur

407 550 428 573 n
464 548 514 576 ex
537 542 579 576 te
601 541 824 586 sanctum,
850 531 1076 576 vocabitur
1106 530 1241 574 Filius
1275 531 1396 574 Dei¹.
1426 548 1445 570 >›
1481 529 1643 574 Umbra
1664 543 1794 588 porro

404 604 485 646 ista
503 602 833 646 defensaculum
854 600 1111 659 intelligitur
1133 602 1188 645 ab
1211 610 1323 645 aestu
1345 591 1796 659 concupiscentiarum

407 673 645 718 carnalium
668 690 676 714 ε
703 671 821 717 unde
849 673 923 716 illa
942 673 1062 730 virgo
1083 672 1304 717 Christum
1326 687 1415 716 non
1437 670 1666 715 carnaliter
1688 685 1796 714 con-

406 744 697 802 cupiscendo,
735 743 810 786 sed
841 743 1087 802 spiritaliter
1117 741 1335 787 credendo
1367 741 1584 800 concepit.
1617 742 1797 785 Constat

405 823 552 857 autem
573 814 729 857 umbra
751 813 916 857 lumine
938 822 981 856 et
1003 827 1183 872 corpore
1212 832 1220 856 ε
1253 810 1437 870 proinde
1468 809 1581 854 illud
1609 809 1729 870 quod
1751 809 1797 852 in
1850 828 1852 831 >
1886 802 1888 804 ¹

404 883 616 942 principio
639 892 729 926 erat
753 882 972 938 Verbum³
991 882 1142 926 lumen
1161 880 1270 925 illud
1286 888 1537 934 verum‚·ut
1561 879 1798 923 umbracu-
1851 898 1861 925 ε

405 952 499 996 lum
521 952 810 997 meridianum
827 953 949 996 fieret
966 952 1113 1006 nobis,
1142 970 1161 992 »
1181 951 1376 995 Verbum
1400 966 1500 994 caro
1515 948 1680 994 factum
1703 958 1793 1004 est,
1851 962 1859 984 ³
1886 955 1889 960 '

409 1040 430 1063 n
466 1031 509 1066 et
539 1022 752 1066 habitavit
778 1022 823 1065 in
845 1022 1010 1066 nobis2.
1038 1040 1057 1062 »
1085 1025 1176 1066 Deo
1208 1020 1371 1066 scilicet
1396 1022 1529 1064 homo
1546 1055 1556 1074 ,
1588 1028 1797 1079 tanquam
1886 1017 1887 1020 ’

405 1092 562 1136 lumini
584 1108 740 1152 corpus
777 1093 976 1147 accessit,
1002 1102 1045 1136 et
1066 1092 1112 1135 in
1134 1106 1235 1135 eum
1259 1090 1482 1135 credentes
1517 1090 1674 1133 umbra
1696 1104 1799 1148 pro-
1852 1085 1863 1141 {³
1887 1102 1889 1113 ¹

409 1162 608 1208 tectionis
640 1164 826 1222 operuit.
872 1165 970 1207 Non
1009 1163 1124 1206 enim
1159 1161 1213 1205 de
1252 1160 1370 1221 quali
1403 1161 1560 1205 umbra
1596 1160 1756 1204 dicitur
1786 1178 1796 1204 2

411 1251 432 1274 (ι
470 1233 751 1277 Transierunt
766 1233 912 1277 omnia
925 1232 999 1276 illa
1015 1242 1227 1293 tanquam
1245 1232 1402 1275 umbra
1414 1232 1429 1257 3
1447 1250 1457 1276 2
1477 1249 1498 1272 »
1514 1246 1595 1275 nec
1612 1230 1667 1273 de
1680 1228 1800 1290 quali
1852 1250 1862 1293 ς

407 1301 566 1344 umbra
588 1302 695 1343 dicit
715 1301 970 1358 Apostolus:
988 1303 1160 1344 «Nemo
1182 1314 1256 1343 vos
1273 1301 1440 1359 judicet
1454 1301 1500 1342 in
1519 1301 1634 1353 cibo,
1659 1308 1733 1343 aut
1754 1300 1799 1343 in
1857 1332 1862 1339 .

411 1389 432 1411 »
467 1379 576 1430 potu
597 1405 607 1425 ,
641 1379 718 1414 aut
737 1369 783 1413 in
804 1378 926 1429 parte
951 1368 1037 1413 diei
1059 1368 1179 1424 festi,
1204 1379 1281 1413 aut
1303 1370 1543 1414 neomeniae
1558 1404 1568 1423 ‚
1597 1378 1672 1414 aut
1700 1370 1800 1414 sab·
1857 1396 1860 1401 ·
1888 1394 1889 1397 =

412 1459 432 1481 »
468 1440 673 1484 batorum
689 1475 699 1495 ‚
720 1440 842 1500 quod
866 1449 930 1484 est
951 1439 1106 1483 umbra
1126 1439 1377 1484 futurorum
1391 1440 1408 1465 4
1429 1459 1438 1484 ;
1466 1458 1486 1481 »
1508 1439 1582 1484 sed
1605 1439 1660 1484 de
1680 1440 1799 1501 quali
1860 1435 1869 1497 ³¹
1888 1449 1889 1461 ¹

409 1510 619 1569 scriptum
640 1519 725 1554 est:
747 1530 766 1553 «
788 1511 877 1555 Sub
899 1510 1056 1553 umbra
1078 1509 1244 1553 alarum
1265 1519 1441 1554 tuarum
1458 1519 1637 1569 protege
1649 1512 1760 1554 me5.
1775 1528 1796 1551 »
1860 1535 1862 1559 2

410 1583 526 1624 Dum
548 1595 648 1638 ergo
671 1580 878 1625 discernit
900 1579 972 1623 ille
989 1579 1306 1639 supercoelestis
1329 1596 1450 1639 reges
1473 1596 1603 1640 super
1628 1580 1799 1625 colum-
1870 1604 1877 1619 a

410 1652 511 1695 bam
521 1650 844 1708 deargentatam
852 1687 863 1706 ‚
875 1667 964 1695 non
977 1666 1052 1695 sua
1062 1651 1213 1695 merita
1227 1650 1451 1706 extollant,
1464 1667 1553 1695 non
1563 1651 1618 1696 de
1625 1651 1800 1711 propria
1860 1643 1862 1689 ζ

410 1721 572 1766 virtute
594 1721 837 1766 confidant:
855 1723 996 1768 «Nive
1019 1723 1183 1782 quippe
1200 1721 1525 1767 dealbabuntur
1543 1723 1588 1767 in
1605 1721 1796 1778 Selmon,
1860 1719 1861 1722 ¹

414 1810 434 1832 »
470 1792 604 1849 gratia
618 1791 1000 1836 candificabuntur
1017 1794 1062 1836 in
1079 1793 1349 1851 protectione
1371 1793 1563 1852 corporis
1585 1792 1796 1837 Christi.»

469 1864 612 1906 XXII.
640 1865 768 1906 Hunc
791 1872 937 1906 autem
960 1872 1155 1906 montem
1177 1872 1495 1922 consequenter
1513 1862 1619 1907 dicit
1644 1881 1664 1904 «
1679 1866 1800 1907 Mon·

413 1950 433 1973 »
468 1941 558 1975 tem
581 1933 657 1975 Dei
674 1967 684 1987 ,
717 1941 912 1976 montem
936 1932 1138 1986 uberem,
1164 1941 1359 1976 montem
1387 1933 1704 1988 incaseatqu
1730 1931 1801 1977 vel

416 2020 434 2042 »
470 2010 664 2044 montem
704 2002 925 2061 pinguem.
968 2001 1086 2054 Quid
1123 2002 1192 2045 hic
1227 2011 1373 2046 autem
1409 2002 1528 2046 aliud
1562 2003 1796 2060 pinguem,

410 2087 543 2132 quam
566 2072 747 2116 uberem
769 2072 956 2116 diceret?
975 2076 1050 2116 Est
1067 2073 1180 2116 enim
1199 2082 1241 2116 et
1259 2088 1382 2116 mons
1398 2073 1480 2115 isto
1497 2071 1674 2116 nomine
1692 2088 1800 2116 nun-

411 2152 594 2201 cupatus
611 2178 621 2197 ,
655 2143 701 2186 id
723 2152 811 2197 est,
848 2143 1038 2188 Selmon.
1070 2142 1153 2187 Sed
1181 2158 1313 2202 quem
1340 2151 1535 2186 montem
1558 2142 1800 2201 intelligere

411 2213 622 2257 debemus
657 2232 676 2255 «
702 2216 897 2257 Montem
920 2213 996 2257 Dei
1012 2248 1022 2266 ‚
1055 2222 1249 2256 montem
1278 2212 1455 2255 uberem
1473 2248 1483 2266 ‚
1510 2222 1706 2256 montem
1729 2213 1799 2256 in-

414 2302 434 2323 »
471 2292 710 2337 caseatum,
733 2302 751 2323 1)
770 2284 850 2326 nisi
873 2282 1075 2326 eumdem
1100 2283 1336 2327 Dominum
1359 2284 1580 2328 Christum
1600 2304 1608 2328 ε
1635 2284 1689 2327 de
1711 2299 1798 2344 quo
1834 2303 1839 2307 ·

413 2364 456 2398 et
484 2354 593 2397 alius
616 2354 831 2412 Propheta
854 2353 957 2397 dicit
983 2368 992 2394 ε
1024 2372 1045 2395 «
1074 2353 1168 2396 Erit
1187 2353 1233 2396 in
1263 2354 1500 2397 novissimis
1530 2354 1799 2413 temporibus

418 2442 437 2464 »
471 2423 724 2467 manifestus
753 2439 877 2468 mons
915 2423 1086 2467 Domini
1119 2431 1293 2482 paratus
1330 2424 1374 2466 in
1418 2424 1641 2467 cacumine
1673 2439 1799 2468 mon-

466 2529 474 2544 ¹
502 2523 580 2552 Luc.
600 2532 624 2561 1,
645 2520 696 2552 35.
716 2537 757 2542 ——
774 2522 888 2551 2Joan.
910 2531 933 2560 1,
956 2531 967 2550 1
989 2518 1094 2559 13114.
1112 2536 1151 2541 —-
1166 2517 1178 2541 3
1197 2520 1268 2560 Sap.
1291 2530 1322 2559 v,
1338 2531 1359 2561 ς)
1386 2537 1426 2541 --
1446 2518 1595 2551 4601058.
1615 2531 1651 2559 11,
1671 2522 1796 2560 1G‚17.

420 2594 460 2599 ——
484 2576 496 2598 ⁵
518 2577 592 2608 Psal.
618 2588 685 2615 xvi,
705 2577 735 2608 S.
760 2594 797 2598 —
818 2574 891 2606 8121.
922 2587 1013 2609 mvn.
1039 2576 1087 2606 16.
