1889 3285
373 210 456 249 454
803 221 836 247 S.
872 221 1102 249 AL‘GUSTJNI
1135 224 1315 250 Eeiscorl

371 307 387 327 »
408 286 514 329 dum
537 284 696 328 dicitur
718 285 824 328 mihi
855 285 1048 345 quotidie
1076 306 1086 331 2
1124 287 1206 331 Ubi
1232 296 1303 331 'est
1327 291 1441 332 Deus
1463 290 1615 332 tuus¹?
1642 307 1661 330 »
1687 293 1745 333 Et

365 356 467 414 quia
483 370 574 398 non
596 370 772 414 possum
790 356 1018 400 ostendere
1037 359 1177 400 Deum
1198 372 1370 415 meum3
1397 359 1518 418 quasi
1538 358 1667 402 inane
1683 374 1752 403 se-

362 440 488 484 quar,
517 424 751 468 insultatur
770 425 892 469 mihi.
911 428 999 470 Nec
1018 429 1216 485 Paganus
1234 435 1421 484 tantum,
1451 428 1522 473 vel
1553 429 1748 485 Judaeus‚

360 493 430 539 vel
459 495 708 552 haereticus3
741 495 817 539 sed
849 494 1083 555 aliquando
1114 494 1248 540 frater
1280 497 1371 556 ipse
1395 498 1632 543 catholicus
1663 508 1754 544 tor-

362 575 467 626 quet
481 581 543 621 os⁷
557 565 735 626 quando
749 566 956 626 promissa
975 567 1054 611 Dei
1076 567 1385 626 praedicantur⁷
1407 569 1584 629 quando
1606 568 1755 615 futura

363 637 619 681 resurrectio
643 637 977 696 praenuntiatur.
1004 640 1061 682 Et
1087 638 1232 683 adhuc
1254 640 1423 698 etipse,
1455 640 1754 701 quamvisjam

362 707 524 752 tinctus
538 724 649 768 aqua
669 708 817 753 salutis
834 717 1025 763 aeternae‚
1043 719 1222 769 portans
1239 721 1558 756 sacramentum
1575 712 1752 767 Christi,

360 777 541 823 forsitan
563 779 671 824 dicit
697 799 706 824 ε
731 798 748 820 «
781 782 839 824 Et
867 780 964 840 quis
994 780 1082 824 huc
1106 782 1366 826 resurrexit?
1392 791 1457 838 et,
1484 785 1582 828 Non
1609 783 1755 828 audivi

361 860 530 911 patrem
552 866 700 895 meum
729 851 784 896 de
804 851 1005 911 sepulcro
1027 851 1301 913 loquentem,
1329 869 1380 897 ex
1401 870 1490 914 quo
1511 869 1612 898 eum
1629 870 1755 914 sepe-

361 921 452 966 livi.
479 925 592 966 Deus
615 921 738 967 dedit
760 922 903 982 legem
926 923 980 968 ad
1004 932 1177 983 tempus
1209 925 1340 968 servis
1363 925 1471 979 suis,
1496 925 1551 970 ad
1573 925 1694 986 quod
1714 941 1758 970 se

363 1002 582 1037 avocent:
608 1008 709 1037 nam
732 993 829 1054 quis
852 992 964 1038 ledit
985 994 1040 1041 ab
1068 993 1247 1039 inferis?
1277 997 1334 1040 Et
1356 995 1465 1055 quid
1486 994 1642 1040 faciam
1660 996 1758 1041 tali—

362 1064 470 1109 bus?
488 1063 715 1109 ostendam
738 1064 858 1123 quod
881 1080 972 1108 non
987 1064 1162 1109 vident?
1184 1068 1280 1111 Non
1298 1082 1508 1125 possum:
1529 1083 1618 1111 non
1640 1067 1756 1111 enim

360 1145 538 1195 pioptei
560 1134 656 1179 illos
680 1138 793 1179 Deus
820 1136 1001 1180 visibilis
1035 1136 1167 1180 debet
1195 1137 1303 1180 fieri.
1341 1140 1438 1181 Jam
1463 1137 1508 1181 id
1534 1149 1687 1197 ag‚ant
1724 1139 1759 1183 si

361 1206 521 1265 placeb,
543 1206 603 1249 ita
624 1204 801 1260 faciant,
827 1207 887 1249 ita
904 1217 1142 1263 conenturg
1162 1208 1265 1267 quia
1289 1208 1369 1267 ipsi
1387 1207 1546 1252 nolunt
1563 1209 1761 1253 converti

362 1276 409 1320 in
431 1275 584 1320 melius
599 1312 610 1330 ,
637 1280 778 1320 Deum
800 1286 1057 1320 convertant
1080 1277 1123 1320 in
1157 1279 1295 1337 pejus.
1322 1278 1480 1322 Videat
1501 1279 1577 1338 qui
1598 1289 1756 1338 potest,

365 1347 515 1392 credat
535 1347 611 1406 qui
634 1362 723 1391 non
750 1356 908 1406 potest,
933 1362 1023 1391 esse
1061 1350 1218 1391 Deum.
1245 1349 1336 1391 Etsi
1358 1348 1478 1393 videt
1499 1350 1575 1409 qui
1596 1359 1754 1409 potest,

367 1418 589 1478 numquid
606 1417 741 1462 oculis
766 1419 913 1461 videt?
935 1418 1168 1463 Intellectu
1189 1419 1324 1474 videt,
1349 1419 1481 1464 corde
1502 1421 1635 1465 videt.
1660 1425 1758 1467 Non

365 1489 483 1532 enim
524 1488 659 1532 solem
688 1497 731 1532 et
762 1487 912 1532 lunam
945 1487 1121 1533 volebat
1156 1488 1408 1546 ostendere,
1442 1491 1518 1550 qui
1550 1491 1755 1537 dicebat:

367 1576 387 1601 »
425 1559 546 1603 Beati
565 1557 736 1602 mundo
759 1559 906 1613 corde,
943 1559 1152 1618 quoniam
1174 1560 1254 1618 ipsi
1282 1563 1418 1604 Deum
1443 1561 1659 1607 videbunt
1675 1566 1708 1607 ².
1736 1581 1757 1605 »

365 1628 654 1675 Immundum
677 1637 824 1672 autem
845 1644 920 1672 cor
948 1644 1028 1672 nec
1059 1628 1114 1672 ad
1134 1629 1267 1673 fidem
1296 1629 1529 1687 idoneum,
1562 1635 1614 1677 ut
1640 1633 1763 1693 quod

365 1715 457 1744 non
479 1707 621 1758 potest
648 1698 796 1742 videre
830 1697 899 1742 vel
924 1697 1087 1742 credat.
1119 1701 1217 1744 Non
1242 1699 1393 1756 video,
1430 1701 1574 1762 inquit
1609 1722 1618 1748 :
1655 1703 1764 1764 quid

367 1772 612 1817 crediturus
643 1772 772 1814 sum?
809 1770 968 1814 Anima
1007 1770 1124 1814 enim
1159 1779 1235 1815 tua
1268 1771 1464 1828 videtur,
1505 1783 1555 1818 ut
1581 1775 1758 1834 opinor!

370 1841 538 1889 Stulte!
564 1857 722 1902 corpus
757 1849 884 1885 tuum
915 1841 1089 1885 videtur
1114 1860 1124 1885 ε
1154 1841 1341 1885 animam
1357 1852 1479 1887 tuam
1500 1844 1596 1904 quis
1618 1844 1762 1890 videt?

368 1915 483 1958 Cum
505 1928 607 1971 ergo
630 1927 788 1971 corpus
813 1921 940 1956 tuum
962 1911 1105 1956 solum
1125 1911 1342 1968 videatur,
1367 1929 1500 1973 quare
1524 1930 1613 1958 non
1636 1929 1761 1974 sepe-

369 1985 490 2029 liris?
511 1984 694 2028 Miratur
710 1983 813 2043 quia
834 1981 924 2026 dixi
950 2001 959 2026 ι
991 1982 1034 2026 Si
1050 1997 1208 2042 corpus
1223 1992 1395 2027 tantum
1417 1983 1608 2040 videtur,
1628 2001 1763 2045 quare

371 2071 461 2099 non
493 2053 711 2113 sepeliris?
733 2057 790 2098 Et
822 2051 1076 2113 respondet,
1096 2054 1113 2110 (
1134 2052 1245 2111 sapit
1267 2052 1385 2096 enim
1409 2053 1465 2097 ad
1487 2054 1593 2110 hoc,
1618 2057 1635 2113 )
1653 2057 1764 2109 Quia

371 2125 486 2169 vivo.
510 2123 634 2168 Unde
656 2124 744 2168 scio
763 2123 863 2183 quia
879 2123 1001 2176 vivis,
1028 2122 1150 2181 cujus
1172 2122 1359 2166 animam
1372 2139 1462 2167 non
1473 2123 1627 2169 video?
1644 2127 1763 2171 unde

371 2196 489 2240 scio?
509 2193 834 2254 Respondebis:
861 2193 967 2246 Quia
988 2191 1170 2251 loquor,
1196 2193 1296 2252 quia
1319 2192 1514 2249 ambulo,
1537 2196 1638 2254 quia
1658 2212 1763 2256 ope—

372 2282 459 2310 ror.
498 2263 658 2310 Stulte!
696 2280 747 2307 ex
770 2263 973 2322 operibus
1001 2262 1192 2321 corporis
1215 2279 1401 2321 agnosco
1428 2265 1674 2325 viventem3
1708 2283 1762 2312 ex

371 2336 576 2396 operibus
617 2343 825 2378 creaturae
857 2349 947 2378 non
974 2342 1095 2392 potes
1129 2348 1360 2392 agnoscere
1394 2336 1667 2380 Creatorem!
1706 2341 1762 2382 Et

371 2407 486 2452 forte
514 2405 591 2464 qui
613 2403 760 2448 dicit:
785 2407 897 2449 Cum
917 2412 1113 2448 mortuus
1131 2402 1270 2458 fuero,
1291 2414 1438 2462 postea
1455 2405 1564 2449 nihil
1583 2422 1692 2451 elo:
1717 2417 1761 2452 et

374 2477 537 2521 litteras
558 2475 731 2531 didicit,
752 2485 794 2519 et
815 2475 869 2519 ab
891 2476 1081 2534 Epicuro
1112 2473 1264 2518 didicit
1282 2475 1379 2531 hoc,
1402 2477 1546 2522 nescio
1567 2494 1656 2538 quo
1678 2478 1758 2523 de-

427 2562 540 2594 ¹PsaL
561 2573 623 2603 xm,
644 2560 661 2602 4
685 2565 718 2593 et
739 2572 787 2592 11.
820 2577 857 2583 --
879 2578 889 2582 -
909 2560 1073 2600 Mattl1.v‚
1093 2560 1124 2591 ὅ.
