1889 3285
416 188 499 226 256
844 196 877 223 S.
913 196 1143 225 AUGUSTINI
1176 196 1358 226 EPlscort

413 278 557 318 suum,
587 263 667 306 nisi
688 271 790 306 ante
812 262 1104 307 misericordia
1125 263 1203 308 Dei
1221 262 1388 308 veniret
1409 260 1805 318 desuperPLegant

412 332 537 387 mihi,
553 331 713 392 inquis,
734 331 854 392 quod
877 331 1100 391 compluta
1117 332 1290 377 dederit
1310 341 1424 384 terra
1447 329 1640 380 fructum
1657 345 1802 374 suum.

413 402 531 447 Audi
572 402 897 462 compluentem
937 403 1176 447 Dominum
1205 422 1214 447 :
1251 422 1272 445 «
1305 403 1434 461 Agite
1468 399 1772 460 poenitentiam
1791 433 1804 456 ‚

416 490 438 513 »
474 473 839 533 appropinquavit
869 473 988 517 enim
1013 488 1200 532 regnum
1233 473 1495 518 eoelomm1.
1530 490 1551 513 »
1585 471 1731 526 Fluit,
1765 479 1811 515 et

413 542 506 603 ipsa
526 542 675 603 pluvia
696 544 883 587 tonitrus
905 552 969 587 est
984 578 996 598 ‚
1018 552 1154 587 terret
1174 564 1183 588 :
1207 543 1313 588 time
1332 551 1578 597 tonantem,
1603 550 1647 585 et
1662 541 1809 601 excipe

414 612 656 673 pluentem.
675 617 787 658 Ecce
805 621 903 673 post
924 612 1046 657 illam
1062 629 1213 658 vocem
1236 613 1427 658 tonantis
1444 621 1488 656 et
1504 611 1695 671 pluentis
1713 612 1806 668 Dei,

415 694 514 744 post
545 683 665 729 illam
700 700 852 729 vocem
883 683 1050 744 aliquid
1081 684 1136 728 de
1170 684 1265 744 ipso
1298 682 1538 743 Evangelio
1564 681 1804 739 videamus.

416 757 530 799 Ecce
551 754 625 798 illa
645 755 848 799 meretrix
873 753 1034 798 malam
1055 753 1219 799 famam
1239 755 1407 799 habens
1427 755 1475 798 in
1495 753 1684 809 civitate,
1703 753 1810 798 irru-

416 825 546 885 pitin
568 825 753 869 alienam
774 825 971 881 domum,
998 842 1086 886 quo
1108 841 1200 870 non
1220 835 1312 870 erat
1333 826 1515 870 invitata
1537 825 1594 869 ab
1615 825 1807 885 hospite,

417 895 494 940 sed
516 896 570 940 ab
592 896 774 941 invitato
811 905 987 954 vocata3
1023 912 1114 941 non
1134 895 1283 954 lingua
1302 931 1316 951 ‚
1350 895 1428 940 sed
1449 895 1598 954 gratia.
1624 898 1813 941 Noverat

418 981 531 1025 aegra
565 966 727 1011 habere
758 966 821 1010 ibi
843 982 887 1010 se
906 966 1053 1011 locum
1074 1002 1085 1022 ‚
1113 966 1193 1010 ubi
1229 966 1452 1011 medicum
1473 981 1601 1010 suum
1621 966 1812 1010 discum·
1856 1012 1857 1016 ,

418 1036 522 1081 bere
544 1037 721 1081 sciebat.
748 1040 944 1096 Ingressa
975 1046 1039 1081 est
1061 1052 1161 1097 quae
1184 1046 1276 1080 erat
1296 1037 1513 1096 peccatrix
1531 1072 1543 1092 ,
1569 1052 1660 1081 non
1681 1036 1815 1082 audet
1852 1050 1853 1055 ¹

421 1108 625 1152 accedere
653 1107 736 1151 nisi
757 1106 814 1151 ad
834 1106 966 1167 pedes
991 1126 1000 1151 :
1027 1107 1104 1151 flet
1128 1107 1183 1151 ad
1213 1106 1345 1166 pedes
1360 1142 1372 1162 ‚
1401 1107 1549 1165 irrigat
1575 1106 1778 1165 lacrymis
1798 1142 1810 1163 ‚
1855 1111 1857 1115 “

421 1178 553 1236 tergit
567 1177 760 1221 crinibus
775 1213 786 1232 ‚
812 1178 969 1235 unguit
986 1185 1213 1235 unguento
1227 1180 1261 1221 ².
1285 1176 1403 1230 Quid
1422 1177 1621 1221 miraris?
1648 1180 1815 1222 «Terra
1850 1170 1852 1192 ⁵

424 1267 444 1289 »
480 1247 600 1292 dedit
622 1247 815 1292 fructum
837 1263 980 1292 suum.
1001 1251 1152 1306 »Ergo
1170 1249 1254 1292 hoc
1275 1248 1440 1293 factum
1463 1258 1528 1293 est
1547 1249 1610 1293 ibi
1631 1248 1813 1308 pluente

422 1319 609 1363 Domino
632 1334 708 1378 per
730 1334 775 1363 os
796 1334 945 1373 suum,
971 1317 1085 1362 facta
1101 1327 1202 1362 sunt
1223 1335 1323 1378 quae
1345 1319 1530 1378 legimus
1546 1319 1593 1362 in
1613 1322 1815 1377 Evange-
1850 1312 1857 1322 '¹

422 1389 515 1447 lio3
545 1404 635 1449 quo
668 1389 849 1448 pluente
883 1404 961 1448 per
998 1388 1138 1431 nubes
1170 1403 1293 1443 suas,
1332 1389 1469 1432 missis
1502 1388 1747 1448 Apostolis‚
1772 1398 1823 1434 et
1852 1399 1853 1402 ’

424 1459 763 1519 praedicantibus
786 1460 1035 1513 veritatem,
1066 1478 1086 1501 ‹<
1119 1461 1248 1502 Terra
1269 1459 1454 1518 amplius
1475 1459 1597 1503 dedit
1621 1459 1817 1504 fructum
1850 1452 1859 1521 *A

429 1549 449 1571 »
485 1546 611 1574 suum
629 1565 639 1583 ‚
663 1549 682 1570 n
706 1540 749 1573 et
765 1530 844 1573 ista
862 1545 981 1588 seges
998 1530 1091 1589 jam
1110 1529 1307 1589 implevit
1329 1530 1481 1574 orbem
1506 1539 1734 1575 terrarum.

485 1603 566 1645 IX.
592 1601 703 1644 Vide
736 1599 844 1659 quid
866 1599 1025 1643 deinde
1048 1600 1219 1643 dicatur
1240 1619 1249 1643 :
1281 1619 1301 1641 «
1324 1599 1558 1644 Benedicat
1574 1617 1658 1645 nos
1675 1604 1787 1645 Deus
1801 1635 1813 1657 ,

386 1670 390 1673 ⁴
426 1693 447 1715 »
484 1676 598 1716 Deus
631 1680 801 1725 noster,
827 1669 1058 1715 benedicat
1080 1686 1157 1714 nos
1178 1673 1293 1715 Deus
1311 1672 1342 1714 3.
1372 1671 1633 1727 Benedicat,
1662 1691 1682 1712 »
1707 1673 1818 1717 sicut
1850 1682 1852 1731 ξ
1885 1680 1888 1686 ’

421 1744 511 1803 ]ειη1
533 1741 619 1784 dixi
637 1776 648 1795 ‚
673 1741 803 1784 etiam
825 1750 955 1799 atque
974 1741 1102 1784 etiam
1125 1741 1353 1784 benedicet
1369 1776 1379 1795 ‚
1405 1740 1666 1800 multiplicet
1683 1741 1818 1786 bene-
1850 1759 1852 1779 2
1886 1751 1889 1805 J

427 1811 628 1857 dicendo.
656 1815 856 1855 Attentat
877 1811 1073 1855 Charitas
1096 1813 1245 1855 Vestra
1263 1846 1274 1866 ‚
1301 1811 1510 1872 quoniam
1526 1813 1618 1871 jam
1639 1827 1818 1871 praeces·
1852 1819 1856 1844 s
1883 1809 1889 1830 ³

426 1883 479 1926 sit
507 1881 675 1926 fructus
698 1890 823 1925 terrae
845 1881 890 1924 in
907 1880 1160 1924 Jerusalem.
1174 1879 1284 1924 Inde
1306 1881 1421 1924 enim
1443 1881 1579 1941 coepit
1599 1880 1812 1927 Ecclesia:

427 1953 546 1997 venit
565 1952 627 1996 ibi
651 1952 835 2011 Spiritus
864 1961 1038 1995 sanctus
1054 1987 1064 2007 ,
1101 1961 1144 1995 ct
1182 1950 1378 2011 implevit
1401 1962 1571 1997 sanctos
1594 1953 1638 1997 in
1677 1969 1817 1998 unum
1850 1975 1860 1995 μ
1885 1960 1889 1967 ¹

428 2031 712 2082 congregatos
734 2043 744 2080 3
770 2020 885 2066 facta
907 2031 1008 2066 sunt
1030 2021 1260 2077 miracula,
1285 2021 1443 2079 linguis
1466 2024 1664 2067 omnium
1679 2023 1817 2069 locuti
1850 1997 1864 2051 i
1884 2013 1889 2056 l

429 2094 576 2137 sunt4.
609 2084 783 2152 Impleti
814 2101 917 2136 sunt
951 2092 1113 2151 Spiritu
1141 2092 1246 2148 Dei,
1283 2093 1478 2137 conversi
1516 2103 1618 2138 sunt
1648 2095 1725 2154 qui
1755 2094 1865 2147 ibis⁴

431 2172 577 2217 erant,
622 2162 826 2206 timentes
860 2171 905 2205 et
946 2161 1223 2221 suscipientes
1261 2162 1447 2206 imbrem
1481 2161 1701 2219 divinum,
1737 2164 1816 2209 de-
1851 2163 1862 2219 ,ᾗ

429 2232 592 2279 derunt
624 2221 670 2276 i1i
708 2230 976 2276 confessione
1014 2241 1186 2276 tantum
1221 2231 1443 2288 fructum,
1475 2242 1526 2277 ut
1564 2234 1709 2278 omnia
1742 2249 1817 2278 sua
1850 2256 1855 2294 ς
1883 2245 1889 2250 ·

430 2305 477 2348 in
519 2319 752 2348 commune
792 2303 1063 2358 conferrent,
1109 2303 1416 2348 distribuentes
1448 2305 1737 2365 pauperibus,
1768 2314 1818 2350 ut
1850 2296 1863 2356 {2

430 2391 559 2420 nemo
592 2375 756 2419 diceret
792 2373 958 2434 aliquid
989 2375 1239 2434 proprium,
1271 2374 1345 2418 scd
1379 2385 1520 2419 essent
1556 2375 1639 2420 illis
1672 2377 1818 2421 omnia
1859 2375 1863 2382 '
