1889 3285
386 249 626 276 ENARRA'no
658 250 702 276 IN
736 249 937 277 rsALMUM
969 251 1068 277 va.
1325 238 1407 277 225

38 333 56 354 »
91 313 309 368 noctibus,
330 313 388 358 sic
410 315 490 358 erit
505 323 547 358 et
562 314 695 358 Filius
716 315 903 359 hominis
924 315 969 358 in
986 314 1115 359 corde
1131 325 1252 359 terrac
1272 316 1411 359 tribus

36 399 56 422 »
91 382 244 426 diebus
271 393 313 427 et
335 384 472 427 tribus
499 384 742 428 noctibus¹.
777 404 796 426 n
829 385 1060 438 Quomodo
1094 383 1177 428 fuit
1208 388 1338 429 Jonas
1366 386 1412 429 in

31 462 183 496 ventre
203 454 313 496 ceti?
335 470 482 498 nonne
506 463 555 498 ut
579 464 724 513 postea
754 456 875 499 vivus
897 457 1193 500 evomeretur?
1216 458 1309 499 Hoc
1331 455 1415 499 fuit

31 520 226 566 infernus
255 523 461 578 Domino,
497 523 619 583 quod
650 526 772 568 Jonae
815 533 949 569 cetus.
981 527 1074 568 Hoc
1105 524 1276 583 signum
1309 540 1415 584 pro-

32 592 175 652 prium
208 594 548 649 commendavit,
588 594 672 639 hoc
700 604 763 639 est
791 595 1150 654 potentissimum.
1190 596 1416 640 Potentius

32 672 96 706 est
112 663 309 708 revixisse
324 673 564 719 mortuum,
580 680 712 724 quam
730 680 820 709 non
839 663 970 709 fuisse
986 675 1224 710 mortuum.
1244 667 1417 725 Magni-

33 732 141 778 tudo
172 734 380 793 potentiae
407 734 580 779 Domini
600 735 842 779 secundum
864 735 984 796 quod
1013 736 1145 780 homo
1167 734 1306 781 factus
1328 745 1415 792 est,

30 803 77 847 in
108 803 268 848 virtute
299 804 622 849 resurrectionis
656 814 848 865 apparet.
895 808 1018 850 Hanc
1058 805 1337 856 commendat
1375 816 1419 851 et

32 874 280 934 Apostolus,
304 891 405 920 cum
428 875 559 920 dicit:
584 894 602 916 «
629 879 726 922 Non
747 876 913 920 habens
935 892 1075 921 meam
1088 878 1300 937 justitiam
1318 894 1418 938 quae

35 962 55 987 »
91 960 144 989 ex
166 948 279 1004 Lege
301 955 387 1001 est,
417 945 491 989 sed
524 961 619 990 eam
640 962 740 1006 quae
762 954 824 991 est
855 961 933 1005 per
953 945 1086 990 fidem
1113 947 1294 1003 Christi,
1319 964 1420 1008 quae

35 1033 56 1057 »
90 1025 226 1061 estex
260 1020 349 1061 Deo
366 1017 527 1076 justitia
557 1018 601 1061 in
622 1016 735 1071 fide,
768 1016 823 1060 ad
856 1017 1208 1075 cognoscendum
1241 1034 1343 1063 eum
1376 1027 1420 1062 et

34 1103 55 1126 »
85 1086 291 1131 virtutem
323 1087 645 1131 resurrectionis
678 1087 811 1146 ejus‘2.
849 1105 869 1129 »
904 1087 972 1131 Sic
1009 1087 1342 1132 commendatur
1377 1097 1421 1133 et

32 1155 116 1200 alio
132 1156 228 1201 loco
255 1175 263 1200 :
294 1175 314 1198 ‹<
339 1159 395 1200 Et
415 1157 450 1201 si
477 1157 707 1201 crucifixus
736 1165 800 1200 est
832 1172 881 1199 ex
904 1156 1176 1213 infirmitate,
1207 1158 1282 1202 sed
1312 1159 1420 1203 vivit

34 1243 54 1267 »
89 1227 135 1270 in
163 1227 323 1271 virtute
351 1226 473 1271 Dei3.
502 1245 522 1268 »
553 1229 665 1271 Cum
689 1241 792 1284 ergo
818 1226 898 1270 ista
922 1242 1081 1285 magna
1106 1229 1299 1287 potentia
1329 1232 1419 1274 Do-

29 1297 137 1341 mini
160 1297 206 1340 in
227 1297 539 1341 resurrectione
572 1295 856 1354 intelligatur,
882 1296 1000 1340 unde
1023 1298 1199 1342 titulum
1225 1299 1419 1345 Psalmus

30 1368 108 1411 iste
125 1367 306 1426 accepit,
331 1366 438 1427 quid
456 1367 536 1410 sibi
556 1365 668 1420 vult,
694 1384 714 1407 «
739 1369 789 1410 In
807 1365 1090 1411 multitudine
1107 1370 1314 1428 potentiae
1332 1380 1420 1414 tuae

33 1455 53 1478 »
89 1438 354 1482 mentientur
374 1437 455 1481 tibi
468 1437 631 1480 inimici
644 1438 724 1492 tui,
748 1455 768 1478 »
789 1437 870 1480 nisi
889 1446 938 1480 ut
959 1438 1018 1482 sic
1035 1439 1250 1498 intelligas
1277 1461 1286 1485 ;
1313 1441 1418 1487 Ideo

30 1508 111 1552 tibi
132 1508 398 1551 mentientur
419 1506 583 1550 inimici
600 1507 664 1550 tui
676 1516 725 1550 ut
741 1507 1021 1565 crucifigaris,
1039 1508 1138 1553 ideo
1155 1511 1418 1570 crucifigeris

30 1588 80 1623 ut
100 1580 323 1636 resurgas?
345 1577 622 1623 Mendacium
639 1594 742 1637 ergo
764 1577 938 1622 illorum
954 1578 1009 1622 ad
1024 1581 1418 1627 commendandam

29 1648 213 1693 multam
245 1648 485 1708 potentiam
517 1657 638 1692 tuam
677 1647 854 1692 valebit.
901 1651 1042 1701 Quare
1078 1649 1218 1695 solent
1251 1652 1417 1696 inimici

26 1721 231 1764 mentiri?
256 1723 310 1764 Ut
330 1719 569 1779 potentiam
592 1720 803 1779 cujusque
826 1719 1048 1774 minuant,
1080 1721 1135 1765 de
1168 1738 1256 1782 quo
1288 1739 1415 1767 men-

25 1792 210 1835 tiuntur.
245 1790 356 1845 Tibi,
388 1790 547 1849 inquit,
573 1798 723 1833 contra
745 1789 915 1833 accidit.
937 1792 1046 1835 Nam
1069 1792 1211 1836 minus
1233 1809 1417 1853 appare-

25 1871 90 1906 ret
110 1861 305 1921 potentia
322 1869 415 1914 tua,
441 1860 474 1903 si
496 1859 576 1903 tibi
597 1858 659 1903 illi
682 1875 772 1904 non
792 1860 1095 1904 mentirentur.

84 1935 184 1976 VII.
211 1929 435 1975 Attendite
457 1938 500 1974 et
528 1930 671 1989 ipsum
697 1928 974 1973 mendacium
1006 1929 1213 1976 falsorum
1236 1934 1412 1979 testium

24 2004 69 2047 in
90 2001 349 2060 Evangelio,
385 2010 428 2045 et
455 1999 599 2045 videte
631 2001 733 2060 quia
762 2001 816 2043 de
845 2002 1158 2046 resurrectione
1189 2013 1266 2047 est.
1299 2007 1412 2049 Cum

25 2073 140 2117 enim
162 2072 347 2117 Domino
370 2070 536 2115 dictum
561 2078 670 2115 esset
696 2089 704 2115 :
733 2089 752 2112 «
777 2069 904 2123 Quod
929 2072 1101 2130 signum
1120 2074 1308 2118 ostendis
1331 2091 1413 2120 no-

28 2163 46 2185 »
81 2144 163 2197 bis,
188 2143 288 2202 quia
305 2143 384 2186 ista
405 2141 508 2186 facis
522 2143 589 2183 4ῗ»
611 2140 789 2201 excepto
811 2158 862 2185 eo
882 2144 1002 2202 quod
1020 2142 1185 2188 dixerat
1207 2144 1261 2189 de
1279 2148 1406 2201 Jona,

23 2229 100 2274 per
121 2213 248 2258 aliam
269 2212 598 2257 similitudinem
616 2213 698 2256 hoc
725 2213 867 2272 ipsum
891 2214 993 2257 item
1016 2213 1137 2269 dixit,
1164 2225 1213 2259 ut
1234 2219 1411 2261 noveri-

23 2284 76 2328 tis
90 2283 174 2327 hoc
192 2283 414 2342 proprium
438 2283 611 2341 signum
635 2283 818 2326 maxime
842 2283 1196 2329 commendatum
1225 2306 1232 2329 :
1266 2306 1285 2327 «
1311 2286 1408 2332 Sol-

26 2371 47 2395 »
80 2354 167 2398 vite
189 2352 416 2412 templum,
441 2352 599 2412 inquit,
619 2353 719 2406 hoc,
745 2362 788 2396 et
808 2353 853 2396 in
875 2353 1014 2397 tribus
1037 2354 1192 2399 diebus
1208 2357 1408 2402 excitabo

26 2442 46 2466 »
80 2423 204 2468 illud.
236 2426 292 2468 Et
318 2422 381 2466 illi
403 2423 602 2467 dixerunt
625 2443 633 2468 :
659 2423 953 2482 Quadraginta
984 2434 1026 2469 et
1053 2441 1125 2469 sex
1154 2428 1277 2471 annis
1303 2428 1407 2472 aedi-

70 2529 80 2544 ¹
113 2521 226 2554 Matth.
261 2533 328 2560 xu,
365 2521 424 2563 39,
459 2519 513 2562 4ο.
547 2537 588 2543 -
621 2527 633 2543 2
658 2520 770 2564 Philip.
794 2532 851 2562 ιιι,
891 2532 941 2554 ιο.
966 2539 1007 2543 -
1039 2520 1051 2545 3
1075 2532 1093 2554 2
1113 2525 1185 2556 Cor.
1212 2534 1288 2565 xm,
1311 2523 1343 2566 4.
1365 2541 1406 2548 —-

25 2574 41 2602 4
57 2579 146 2611 Joanv
164 2588 197 2619 ιι,
223 2577 275 2608 18.

210 2640 332 2672 cxv¹⁸
1168 2630 1215 2670 15
