1889 3285
406 252 487 290 112
840 258 873 286 S·
910 258 1139 287 Acous‘rmt
1172 259 1353 287 Erlscom

401 329 514 370 Ecce
531 325 576 368 in
598 340 683 385 qua
705 324 905 368 firmitate
927 332 970 368 tc
988 323 1127 368 voluit
1147 323 1351 368 stabilire.
1378 322 1533 367 Merito
1554 335 1643 367 non
1659 331 1782 367 vacat

401 411 482 441 vox
497 404 664 451 nostra,
688 394 764 439 sed
786 393 1014 439 exauditur
1036 412 1045 438 ι
1069 393 1115 437 in
1135 408 1292 453 magna
1313 391 1429 438 enim
1452 407 1525 453 spe
1556 392 1686 452 positi
1705 408 1781 437 su-

400 481 495 510 mus
517 484 525 510 :
555 484 576 508 «
601 468 653 510 In
675 474 796 524 petra
813 463 1006 508 exaltasti
1028 478 1113 507 me.
1141 481 1162 505 »

460 537 537 579 IV.
564 554 586 578 «
602 534 827 579 Deduxisti
848 549 953 589 me,
966 533 1069 593 quia
1085 532 1225 578 factus
1255 548 1299 577 es
1317 548 1412 592 spes
1432 535 1573 578 mea1.
1601 550 1622 575 »
1645 532 1724 577 Ille
1744 532 1779 577 si

400 614 549 651 nostra
571 619 664 665 spes
687 603 826 650 factus
845 619 934 649 non
956 612 1067 648 esset
1081 638 1092 660 ,
1113 619 1202 649 non
1223 618 1301 649 nos
1323 603 1575 648 deduceret.
1598 602 1783 648 Deducit
1850 598 1853 640 ἰ

399 685 608 736 tanquam
631 675 743 731 dux,
763 684 806 719 et
823 675 868 718 in
882 690 925 719 se
939 673 1061 719 ducit
1081 683 1289 734 tanquam
1309 674 1376 718 via
1394 708 1404 729 ,
1429 683 1473 718 et
1494 673 1605 718 adse
1620 672 1786 733 perdu-
1850 650 1853 708 l

397 747 456 791 cit
478 756 686 807 tanquam
708 746 861 805 patria.
886 744 1072 790 Deducit
1088 760 1190 804 ergo
1211 760 1304 790 nos.
1332 744 1486 789 Unde?
1508 744 1619 797 Quia
1642 742 1783 789 factus
1849 775 1852 800 =

397 827 460 862 est
478 833 573 877 spes
594 826 753 862 nostra.
780 816 905 861 Unde
923 815 1064 861 factus
1079 825 1141 860 est
1161 831 1255 877 spes
1271 816 1442 860 nostra?
1455 818 1570 860 Ecce
1590 815 1650 860 sic
1671 830 1784 877 quo-
1850 872 1851 876 Ἰ

398 887 529 931 modo
560 885 738 931 audistis
769 887 870 946 quia
904 895 1096 931 tentatus
1124 895 1215 941 est,
1247 886 1348 946 quia
1375 900 1523 946 passus
1555 893 1646 941 est,
1681 886 1784 945 quia
1850 907 1851 918 π

398 958 650 1013 resurrexit,
676 956 815 1002 factus
839 966 903 1002 est
930 972 1024 1016 spes
1046 966 1208 1002 nostra.
1236 956 1354 1010 Quid
1374 956 1490 1000 enim
1518 955 1642 1001 nobis
1671 955 1781 1000 dici-

397 1043 494 1073 mus
517 1028 694 1088 quando
713 1028 808 1072 haec
834 1026 1047 1086 legimns?
1080 1030 1178 1073 Non
1207 1027 1323 1071 enim
1353 1027 1508 1087 perdet
1539 1041 1617 1071 nos
1638 1028 1781 1082 Deus,

398 1107 576 1158 propter
596 1114 705 1159 quos
726 1097 886 1142 Filium
903 1112 1031 1143 suum
1052 1097 1169 1141 misit
1189 1097 1346 1142 tentari
1364 1132 1375 1152 ,
1399 1096 1621 1156 crucifigi,
1647 1096 1780 1152 mori,

399 1184 619 1227 resurgere
642 1188 651 1214 :
677 1185 767 1214 non
788 1169 904 1213 enim
918 1184 1018 1214 vere
1032 1184 1111 1213 nos
1133 1168 1314 1228 despicit
1335 1171 1465 1224 Deus,
1481 1177 1659 1228 propter
1674 1183 1783 1229 quos
1848 1164 1850 1194 ³

399 1239 511 1284 Filio
533 1239 708 1298 proprio
730 1254 817 1283 non
850 1239 1068 1298 pepercit,
1094 1238 1170 1284 sed
1198 1254 1278 1298 pro
1300 1239 1427 1284 nobis
1459 1238 1663 1283 omnibus
1694 1247 1783 1283 tra·
1847 1237 1851 1262 ÷

398 1308 510 1353 didit
531 1324 632 1353 eum
644 1310 676 1353 2.
699 1309 766 1354 Sic
781 1324 883 1367 ergo
905 1308 1046 1353 factus
1064 1317 1128 1352 est
1149 1323 1242 1368 spes
1263 1317 1424 1353 nostra.
1447 1312 1498 1352 In
1514 1307 1589 1354 illo
1604 1307 1724 1354 vides
1740 1317 1784 1354 et

397 1378 594 1424 laborem
617 1388 742 1423 tuum
754 1413 764 1433 ,
784 1387 828 1422 et
843 1377 1089 1422 mercedem
1110 1380 1256 1422 tuam?
1271 1378 1468 1423 laborem
1489 1379 1535 1422 in
1553 1379 1752 1439 passione
1767 1413 1780 1435 ‚

396 1450 642 1494 mercedem
663 1450 709 1494 in
730 1449 1059 1493 resurrectione.
1087 1448 1155 1494 Sic
1177 1463 1280 1507 ergo
1300 1448 1440 1493 iaetus
1468 1458 1532 1494 est
1555 1465 1650 1509 spes
1679 1464 1782 1494 nos-

396 1529 476 1564 tra.
498 1520 723 1565 Habemus
744 1519 860 1564 enim
881 1518 988 1563 duas
1009 1520 1116 1563 vitas
1138 1537 1146 1564 z
1173 1518 1248 1563 sed
1265 1533 1400 1563 unam
1425 1518 1472 1563 in
1498 1535 1586 1580 qua
1607 1535 1779 1576 sumus,

397 1590 576 1635 alteram
599 1605 732 1650 quam
753 1605 990 1650 speramus.
1018 1592 1070 1634 In
1091 1604 1178 1650 qua
1199 1605 1348 1634 sumus
1363 1623 1374 1644 ,
1404 1598 1508 1634 nota
1529 1590 1655 1648 nobis
1681 1599 1744 1634 est
1769 1609 1779 1635 ε

396 1676 529 1720 quam
542 1675 760 1720 speramus
775 1695 785 1715 ,
805 1661 955 1719 ignota
968 1659 1093 1705 nobis
1111 1668 1189 1704 est.
1217 1658 1370 1704 Tolera
1386 1660 1431 1705 in
1449 1676 1536 1720 qua
1554 1675 1597 1704 es
1612 1695 1622 1715 ,
1648 1669 1692 1704 et
1707 1661 1782 1705 ha-

395 1731 520 1774 bebis
557 1746 690 1790 quam
726 1733 925 1774 nondum
946 1730 1094 1773 habes.
1124 1729 1354 1782 Quomodo
1389 1729 1570 1774 toleras?
1604 1732 1660 1775 Ut
1691 1746 1781 1776 non

397 1800 580 1845 vincaris
609 1816 633 1844 a
654 1809 884 1845 tentatore.
910 1799 1154 1845 Laboribus
1176 1800 1284 1855 suis,
1318 1800 1657 1856 tentationibus,
1682 1816 1782 1861 pas-

396 1871 611 1926 sionibus,
650 1880 791 1916 morte
821 1887 898 1915 sua
919 1864 1230 1916 demonstravit
1257 1871 1338 1915 tibi
1367 1871 1499 1916 vitam
1521 1872 1715 1917 Christus
1733 1872 1780 1916 in

395 1958 482 2002 qua
503 1958 546 1987 es
565 1962 576 1998 3
600 1942 914 1988 resurrectione
937 1956 1013 1986 sua
1034 1940 1346 1987 demonstravit
1360 1942 1441 1986 tibi
1461 1942 1595 1987 vitam
1623 1942 1670 1985 in
1693 1958 1779 2002 qua

395 2013 491 2056 eris.
516 2015 603 2057 Nos
617 2013 731 2056 enim
747 2027 836 2057 non
855 2027 1112 2056 noveramus
1128 2012 1209 2055 nisi
1222 2012 1339 2056 nasci
1352 2012 1574 2056 hominem
1590 2021 1633 2056 et
1644 2012 1776 2070 mori3

396 2097 616 2141 resurgere
632 2083 855 2127 hominem
874 2092 918 2127 et
932 2083 1076 2127 vivere
1092 2082 1138 2126 in
1154 2091 1368 2126 aeternum
1383 2098 1474 2127 non
1489 2098 1749 2128 noveramus
1765 2101 1775 2128 ε

396 2155 581 2212 suscepit
602 2153 722 2214 quod
749 2169 929 2199 noveras
947 2189 957 2209 ,
983 2162 1026 2198 et
1047 2152 1358 2198 demonstravit
1386 2154 1507 2214 quod
1533 2169 1623 2198 non
1644 2169 1779 2199 nove-

395 2238 476 2267 ras.
500 2223 604 2268 Ideo
622 2239 724 2284 ergo
746 2223 885 2268 faetus
905 2233 968 2268 est
984 2239 1078 2284 spes
1099 2232 1245 2268 nostra
1265 2224 1312 2268 in
1332 2223 1707 2279 tribulationibus,
1731 2224 1779 2268 in

398 2294 723 2338 tentationibus.
749 2297 786 2338 V
790 2294 859 2339 ide
890 2293 1149 2354 Apostolum
1182 2292 1398 2338 dicentem
1425 2313 1433 2338 :
1463 2296 1604 2340 «Non
1635 2294 1777 2339 solum

400 2383 420 2406 »
437 2373 598 2417 autem,
615 2365 690 2408 sed
701 2374 744 2409 et
756 2365 1005 2422 gloriamur,
1021 2366 1178 2425 inquit,
1198 2365 1243 2410 in
1260 2364 1628 2421 tribulationibus,
1644 2366 1776 2410 scien-

399 2453 420 2477 »
445 2444 508 2479 tes
530 2436 631 2495 quia
661 2435 880 2480 tribulatio
908 2437 1161 2496 patientiam
1188 2446 1391 2497 operatur
1406 2471 1417 2492 ,
1442 2437 1650 2496 patientia
1670 2451 1775 2496 pro-

398 2523 421 2547 »
444 2505 689 2561 bationem,
715 2506 913 2565 probatio
934 2522 1052 2566 spem
1071 2528 1081 2565 3
1109 2523 1201 2567 spes
1230 2516 1374 2553 autem
1397 2523 1486 2553 non
1505 2506 1736 2553 confundit
1761 2526 1771 2552 ι

443 2597 451 2615 ¹
474 2589 553 2624 Psal.
573 2601 624 2633 tx,
648 2590 679 2632 [4.
701 2597 768 2616 —2
789 2593 879 2624 Rom.
901 2602 968 2632 vni,
989 2591 1042 2624 32.
