1889 3285
405 217 488 256 418
839 224 873 252 s.
908 226 1139 254 AUGUSTIM
1171 225 1353 253 Emscom

401 311 422 334 »
457 290 751 336 obedientiam
779 289 909 334 unius
929 289 1119 334 hominis
1134 289 1240 349 justi
1264 287 1586 334 constituentur
1606 285 1734 330 multi
1749 287 1781 329 ².

403 380 423 403 »
461 360 702 420 Suscipiant
728 375 832 419 ergo
859 369 1030 405 montes
1057 375 1210 420 pacem
1232 358 1396 419 populo
1412 393 1422 413 ,
1457 367 1500 401 et
1531 355 1662 401 colles
1690 356 1786 416 jus-

404 450 425 473 »
459 431 600 476 titiam
632 451 641 475 :
669 449 690 473 »
715 440 767 475 ut
790 432 874 476 hoc
901 429 1034 475 modo
1065 431 1262 490 utrisque
1290 427 1677 482 concordantibus,
1711 426 1790 470 fiat

404 501 524 562 quod
546 502 755 561 scriptum
772 510 834 545 est
857 520 866 546 :
893 520 914 542 «
930 500 1104 545 Justitia
1126 509 1169 544 et
1189 516 1274 560 pax
1295 499 1499 544 oseulatae
1536 506 1638 542 sunt
1663 511 1707 546 se
1717 499 1750 540 2.
1764 514 1786 537 »

400 571 533 625 Quod
553 587 657 616 vero
678 571 748 615 alii
769 571 940 616 codices
961 571 1143 626 habent,
1165 590 1185 613 «
1200 570 1441 629 Suscipiant
1454 577 1625 614 montes
1640 581 1793 627 pacem

408 660 428 684 »
464 642 629 702 populo
656 651 700 687 et
725 641 856 687 colles
882 660 892 686 :
915 659 937 683 1)
963 651 1172 702 utrosque
1204 640 1509 701 praedicatores
1532 637 1795 697 evangelicae

407 714 524 774 pacis
553 713 860 773 intelligendos
879 722 1012 773 puto,
1050 713 1140 758 sive
1169 713 1459 773 praecedentes
1476 748 1487 768 ,
1526 711 1615 756 sive
1642 710 1796 754 subse-

407 794 604 845 quentes.
621 788 673 829 In
696 786 761 829 his
784 794 932 828 autem
956 785 1179 829 codicibus
1200 783 1312 829 illud
1341 784 1556 843 sequitur:
1587 800 1608 824 «
1633 784 1685 826 In
1703 781 1799 842 jus-

414 873 434 896 »
468 855 560 899 titia
579 854 797 915 judicabit
818 870 1028 915 pauperes
1047 854 1215 915 populi.
1233 873 1254 897 »
1283 853 1368 899 Sed
1382 854 1446 898 1111
1471 852 1606 912 magis
1628 851 1799 896 codices

412 926 728 986 approbantur,
742 926 819 986 qui
840 926 1005 971 habent
1021 925 1144 987 quod
1160 941 1288 986 supra
1311 923 1606 985 exposuimus,
1626 941 1647 965 «
1660 921 1802 967 Susci-

415 1014 437 1038 »
472 997 595 1057 piant
615 1007 784 1042 montes
805 1013 955 1057 pacem
979 997 1144 1057 populo
1159 1033 1169 1053 ,
1195 1006 1237 1041 et
1259 996 1390 1041 001103
1405 995 1636 1056 justitiam.
1662 1011 1683 1034 »
1709 992 1802 1037 Ali-

410 1068 488 1128 qui
520 1077 666 1112 autem
694 1068 859 1112 habent
891 1087 912 1111 «
942 1068 1113 1128 Populo
1141 1077 1250 1125 tuo,
1277 1086 1300 1109 »
1337 1066 1472 1128 aliqui
1508 1080 1599 1111 non
1633 1064 1803 1109 habent

418 1157 440 1180 «
468 1141 583 1195 Tuo,
610 1156 631 1180 »
659 1137 735 1183 sed
757 1139 1066 1184 tantummodo
1092 1157 1114 1181 (4
1133 1137 1319 1197 Populo.
1347 1155 1369 1178 »

473 1211 573 1253 VII.
598 1227 620 1251 «
638 1209 860 1254 ,Iudicabit
884 1224 1095 1269 pauperes
1116 1208 1270 1269 populi
1284 1243 1295 1263 ,
1325 1217 1368 1252 et
1385 1207 1524 1252 salvos
1543 1206 1675 1251 faciet
1693 1204 1804 1250 filios

417 1298 437 1320 »
471 1295 716 1339 pauperum
736 1280 768 1323 3.
796 1298 817 1321 n
844 1283 1061 1339 Pauperes
1093 1288 1138 1323 et
1171 1278 1250 1322 filii
1280 1293 1527 1338 pauperum
1562 1276 1695 1321 iidem
1724 1275 1805 1335 ipsi

416 1352 523 1395 mihi
553 1351 760 1396 videntur
776 1387 788 1407 ,
818 1352 929 1397 sicut
952 1350 1103 1396 eadem
1125 1351 1274 1395 civitas
1297 1360 1360 1395 est
1379 1351 1482 1396 Sion
1507 1359 1551 1394 et
1572 1349 1664 1393 filia
1683 1347 1805 1393 Sion.

418 1421 462 1466 Si
495 1431 641 1465 autem
660 1421 905 1466 distinctius
922 1420 1261 1480 intelligendum
1281 1430 1366 1478 est,
1389 1435 1625 1480 pauperes,
1651 1417 1810 1477 accipi-

417 1507 529 1545 mus,
550 1500 743 1549 montes,
760 1490 871 1535 filios
894 1501 1041 1536 autem
1064 1506 1306 1551 pauperum
1325 1527 1336 1545 ,
1366 1489 1498 1535 001103
1523 1510 1532 1534 :
1557 1488 1680 1534 velut
1701 1491 1810 1532 Pro-

420 1562 573 1620 phetas
605 1571 736 1621 atque
759 1561 989 1621 Apostolos
1006 1597 1016 1617 ,
1048 1576 1286 1620 pauperes,
1310 1559 1420 1604 filios
1444 1569 1592 1604 autem
1624 1574 1777 1603 eorum
1792 1593 1810 1614 ,

420 1631 469 1675 id
488 1641 551 1676 est
568 1667 579 1687 ,
612 1632 689 1692 qui
712 1632 793 1676 sub
815 1647 968 1676 eorum
991 1632 1249 1676 auctoritate
1268 1630 1504 1690 proficiunt
1520 1665 1531 1684 ,
1555 1629 1666 1674 filios
1696 1644 1811 1689 pau-

422 1717 591 1762 perum.
617 1701 749 1755 Quod
771 1717 874 1745 vero
903 1716 1033 1760 supra
1065 1700 1233 1745 dictum
1257 1711 1320 1746 est
1354 1721 1365 1745 ε
1393 1719 1414 1743 «
1439 1699 1690 1756 Judicabit3
1721 1717 1743 1740 »
1768 1707 1812 1743 et

423 1782 594 1833 postea,
635 1791 656 1813 «
684 1772 831 1816 Salvos
867 1769 1026 1817 faciet:
1055 1790 1075 1813 »
1115 1773 1317 1832 quaedam
1339 1770 1460 1815 velut
1488 1769 1695 1830 expositio
1721 1778 1811 1824 est,

426 1843 650 1904 quomodo
666 1842 897 1902 judicabit.
923 1841 993 1886 Ad
1006 1843 1091 1886 hoc
1112 1842 1228 1885 enim
1246 1841 1463 1902 judicabit
1477 1876 1488 1896 ,
1513 1849 1562 1884 ut
1586 1839 1724 1885 salvos
1745 1838 1816 1884 fa-

427 1914 528 1969 ciat,
553 1913 600 1957 id
621 1923 686 1958 est
701 1949 711 1966 ,
733 1929 756 1957 a
778 1911 1011 1973 perdendis
1033 1911 1378 1973 damnandisque
1401 1912 1630 1967 discernat,
1656 1911 1817 1971 quibus

427 1985 563 2030 donat
598 1985 780 2029 salutem
802 1993 996 2044 paratam
1024 1983 1205 2029 revelari
1235 1985 1282 2028 in
1303 1993 1498 2043 tempore
1532 1983 1765 2027 novissimo
1779 1983 1812 2026 4.

427 2060 467 2102 Α
487 2056 649 2101 talibus
670 2057 832 2117 quippe
854 2055 917 2099 illi
939 2055 1100 2100 dicitur
1120 2075 1128 2100 :
1154 2075 1174 2097 «
1199 2057 1262 2100 Ne
1279 2053 1533 2115 comperdas
1551 2070 1652 2098 cum
1674 2053 1817 2114 impiis

431 2145 452 2169 »
488 2128 677 2171 animam
698 2128 868 2170 meam⁵
892 2146 901 2172 2
929 2145 948 2167 »
973 2135 1037 2181 et,
1073 2145 1093 2168 «
1124 2129 1147 2169 J
1153 2126 1277 2170 udica
1299 2141 1384 2180 me,
1409 2128 1540 2179 Deus,
1560 2133 1603 2168 et
1621 2123 1817 2168 discerne

435 2217 456 2238 »
491 2213 665 2242 causam
688 2213 829 2241 meam
851 2197 906 2241 de
925 2206 1053 2256 gente
1074 2212 1164 2240 non
1187 2197 1375 2240 33110136.
1403 2192 1821 2240 »Considerandum

434 2268 566 2312 etiam
589 2268 708 2327 quod
731 2283 821 2312 non
843 2267 902 2311 ait
922 2287 931 2311 ε
958 2265 1179 2310 Judicabit
1199 2280 1433 2325 pauperem
1452 2263 1694 2324 populum3
1718 2263 1817 2320 sed,

440 2357 461 2380 «
495 2342 710 2398 Pauperes
741 2338 906 2398 populi.
938 2355 959 2378 »
996 2340 1133 2396 Supra
1157 2337 1272 2380 enim
1308 2335 1386 2381 ubi
1409 2335 1545 2380 dixit:
1575 2354 1595 2377 «
1621 2334 1823 2379 Judicare

438 2408 651 2468 populum
670 2418 795 2452 tuum
813 2408 859 2452 in
874 2407 1040 2468 justitia
1052 2416 1095 2451 et
1106 2422 1316 2467 pauperes
1332 2416 1428 2451 tuos
1443 2406 1490 2449 in
1508 2405 1690 2466 judicio,
1707 2420 1823 2450 eum-

483 2512 491 2527 ¹
511 2508 591 2536 Rom
619 2515 653 2545 v,
677 2515 727 2546 19-
746 2521 787 2526 -—
819 2511 831 2526 ²
851 2504 929 2535 Psal.
945 2514 1073 2544 Lxxxxv,
1096 2514 1146 2534 ιι.
1168 2520 1199 2526 —-
1228 2500 1241 2524 3
1260 2503 1305 2535 Id.
1326 2514 1421 2545 Lxxi,
1443 2501 1476 2545 4.
1503 2519 1546 2525 -
1570 2497 1586 2525 ⁴
1616 2514 1628 2533 1
1649 2504 1734 2535 Petr.
1750 2507 1773 2543 i,
1789 2501 1820 2533 5.

438 2576 478 2582 -
498 2559 511 2582 5
532 2560 611 2591 Psal.
630 2570 706 2601 xxv,
725 2570 757 2602 9.
776 2556 845 2581 ..6
868 2559 914 2591 Id.
935 2570 983 2601 ιν,
1004 2569 1030 2591 1.
