1889 3285
390 213 472 251 338
819 223 852 248 s.
889 219 1120 249 Auens‘nm
1153 222 1334 248 EPISCOPI

393 308 410 331 »
444 302 534 331 non
568 285 729 331 inveni.
759 305 778 327 ι)
812 285 1095 332 Intendamus
1134 284 1383 344 diligentius
1399 319 1410 338 ,
1447 292 1492 328 et
1526 281 1769 331 videbimus

386 370 488 402 eum
515 354 767 402 sustinuisse
788 355 865 415 qui
897 354 1026 399 simul
1057 355 1405 409 contristaretur,
1434 362 1479 397 et
1507 367 1598 399 non
1619 349 1767 396 fuisse.

382 425 766 473 Contristabantur
787 426 904 469 enim
925 424 988 470 illi
1010 424 1241 470 carnaliter
1262 424 1317 470 de
1341 425 1429 469 vita
1451 420 1651 476 mortali,
1671 435 1772 480 (suae

383 495 595 544 mutanda
614 495 758 544 fuerat
781 506 920 541 morte
938 531 950 551 ,
974 505 1018 540 et
1039 496 1278 556 reparanda
1304 493 1616 539 resurrectione
1640 511 1650 537 ε
1669 492 1772 538 hinc

379 576 471 614 erat
492 566 566 610 illa
582 566 771 610 tristitia.
789 570 851 611 De
864 565 948 611 illis
963 566 1080 610 enim
1098 582 1188 611 esse
1210 565 1365 611 debuit
1379 600 1390 621 ‚
1410 565 1487 625 qui
1504 563 1607 611 caeci
1628 560 1772 611 Medi-

379 652 482 681 cum
505 635 777 692 occiderunt,
801 636 877 696 qui
898 644 1107 696 tanquam
1122 636 1360 696 perniciose
1382 634 1619 680 febrientes
1640 632 1773 692 phre-

382 707 516 752 netici
527 742 538 762 ,
554 706 775 751 faciebant
795 706 997 766 injuriam
1010 707 1066 762 ei,
1082 722 1107 751 a
1119 723 1208 768 quo
1224 706 1308 751 illis
1324 705 1469 750 fuerat
1489 704 1603 749 salus
1624 702 1770 748 allata.

382 779 462 825 Ille
475 779 653 824 volebat
665 794 833 832 curare,
847 778 911 823 illi
923 779 1074 823 saevire
1087 798 1096 824 :
1114 779 1216 823 hinc
1229 777 1398 823 tristitia
1417 776 1602 824 medico.
1617 776 1776 827 Quaere

386 858 538 894 utrum
565 850 779 896 invenerit
808 849 937 909 hujus
959 849 1144 893 tristitiae
1170 849 1388 893 comitem.
1415 850 1515 893 Non
1539 845 1656 892 enim
1681 843 1771 888 ait:

391 939 411 962 «
446 920 638 965 Sustinui
655 919 733 979 qui
745 920 1085 974 contristaretur,
1098 927 1141 964 et
1153 917 1338 964 nonfuit
1350 939 1361 975 3
1375 935 1397 960 ι»
1413 915 1504 972 sed,
1521 935 1538 956 «
1552 916 1633 968 Qui
1648 911 1779 957 simul

394 1010 412 1033 »
448 990 794 1044 contristaretur,
814 988 860 1033 id
880 998 972 1045 est,
998 1005 1049 1033 ex
1071 1006 1121 1034 ea
1149 1005 1221 1045 re,
1247 1005 1335 1050 qua
1365 1004 1447 1047 ego
1464 1023 1475 1043 ,
1501 985 1780 1031 contristare-

392 1080 410 1102 »
446 1069 518 1107 tur
535 1095 546 1114 ,
582 1070 626 1104 et
646 1075 736 1104 non
760 1060 923 1104 inveni.
949 1079 967 1101 »
989 1063 1142 1104 Petrus
1178 1068 1294 1103 certe
1323 1058 1562 1118 plurimum
1596 1054 1776 1108 amavit,

393 1139 437 1175 et
457 1130 502 1174 in
518 1131 679 1174 fluctus
700 1128 930 1174 calcandos
951 1145 996 1173 se
1017 1131 1109 1173 sine
1130 1128 1403 1173 dubitatione
1425 1126 1606 1187 projecit
1623 1160 1634 1180 ,
1662 1133 1705 1168 et
1726 1122 1782 1167 ad

392 1217 544 1247 vocem
572 1200 745 1245 Domini
766 1200 974 1245 liberatus
997 1209 1060 1244 est
1074 1202 1087 1225 ¹
1116 1219 1126 1244 ι
1152 1209 1196 1244 et
1213 1215 1314 1244 eum
1336 1199 1519 1243 ductum
1542 1196 1597 1240 ad
1619 1194 1781 1255 passio-

393 1287 495 1316 nem
535 1271 692 1314 amoris
729 1269 907 1314 audacia
946 1279 1206 1314 consecutus
1228 1305 1239 1324 ,
1276 1279 1422 1313 tamen
1455 1267 1657 1312 turbatus
1673 1300 1684 1320 ,
1718 1273 1783 1309 ter

346 1339 359 1352 ⁰
391 1341 581 1400 negavit.
621 1340 746 1385 Unde
761 1375 772 1395 ,
794 1340 875 1385 nisi
906 1340 1010 1399 quia
1032 1339 1198 1384 malum
1228 1338 1292 1383 illi
1321 1339 1552 1384 videbatur
1573 1335 1708 1380 mori?
1730 1333 1783 1378 Id

393 1413 510 1456 enim
533 1411 756 1455 devitabat
777 1410 899 1470 quod
920 1410 1083 1455 malum
1105 1410 1304 1470 putabat.
1327 1412 1421 1454 Hoc
1443 1424 1546 1467 ergo
1567 1407 1672 1451 etin
1694 1409 1783 1449 Do-

393 1497 515 1526 mmo
551 1480 759 1534 dolebat,
796 1479 919 1539 quod
954 1481 1044 1539 ipse
1074 1479 1310 1524 devitabat.
1347 1483 1583 1538 Propterea
1612 1485 1656 1520 et
1686 1484 1785 1519 ante
1852 1470 1853 1475 ¹

394 1552 563 1596 dixerat
585 1569 593 1594 :
623 1550 785 1594 «Absit
808 1565 832 1592 a
854 1558 896 1592 te
914 1584 925 1603 ,
957 1549 1168 1604 Domine,
1197 1549 1410 1608 propitius
1437 1548 1518 1592 tibi
1548 1556 1639 1592 esto
1659 1580 1670 1601 ‚
1696 1561 1786 1590 non
1852 1569 1854 1612 ξ

400 1642 417 1664 »
454 1622 528 1665 fiet
548 1619 666 1664 istud
691 1635 699 1660 :
731 1641 748 1661 »
776 1620 952 1679 quando
981 1620 1139 1662 meruit
1165 1618 1315 1662 audire
1341 1638 1350 1663 t
1380 1638 1398 1659 «
1427 1621 1612 1673 Satana3
1645 1636 1662 1658 »
1689 1631 1787 1676 pos·-
1852 1617 1853 1622 ’

396 1701 600 1751 teaquam
627 1689 823 1733 audierat
849 1708 858 1733 2
888 1707 905 1728 «
933 1691 1090 1732 Beatus
1113 1703 1156 1731 es
1175 1689 1325 1733 Simon
1340 1690 1596 1732 Bar-Jona2.
1625 1706 1643 1728 »
1668 1689 1786 1745 Ergo
1852 1710 1854 1716 v

396 1762 442 1806 in
470 1760 642 1805 tristitia
674 1774 806 1818 quam
834 1758 1028 1802 habebat
1060 1758 1270 1802 Dominus
1299 1758 1354 1801 de
1376 1758 1485 1811 illis,
1512 1773 1591 1818 pro
1627 1757 1786 1816 quibus
1852 1789 1854 1807 ἰ

398 1833 556 1878 oravit:
573 1850 589 1870 «
608 1834 750 1884 Pater,
768 1831 942 1888 ignosce
955 1829 1054 1885 illis,
1070 1829 1172 1889 quia
1194 1829 1395 1873 nesciunt
1410 1829 1517 1890 quid
1531 1829 1696 1874 faciunt
1711 1829 1748 1873 ³:
1765 1847 1782 1869 »

398 1903 572 1948 nullum
589 1901 795 1946 comitem
816 1901 996 1944 invenit.
1022 1919 1039 1940 «
1068 1903 1125 1944 Et
1147 1900 1331 1944 sustinui
1352 1901 1428 1959 qui
1454 1900 1583 1944 simul
1602 1898 1787 1943 contris-

404 1995 422 2016 »
458 1982 638 2026 taretur,
660 1980 703 2015 et
717 1986 806 2015 non
823 1970 922 2015 fuit.
953 1990 971 2010 »
1001 1973 1179 2016 Prorsus
1206 1970 1412 2014 nonfuit.
1443 1989 1459 2009 «
1488 1973 1545 2014 Et
1564 1971 1789 2014 consolan-
1853 2006 1855 2010 ,

406 2066 423 2085 »
458 2053 538 2098 tes,
563 2052 607 2087 et
622 2058 712 2086 non
729 2040 889 2085 inveni.
912 2061 930 2082 »
945 2040 1029 2093 Qui
1051 2049 1153 2083 sunt
1170 2039 1473 2084 consolantes?
1490 2040 1785 2084 Proficientes.
1852 2026 1854 2074 Ϊ

404 2114 491 2174 Ipsi
512 2114 629 2157 enim
650 2128 728 2157 nos
749 2110 1043 2165 consolantur,
1068 2110 1147 2169 ipsi
1162 2118 1264 2154 sunt
1285 2109 1439 2155 solatio
1457 2109 1659 2154 omnibus
1680 2124 1790 2168 prae·
1852 2129 1855 2154 ·,

403 2183 666 2229 dicatoribus
687 2182 893 2227 veritatis.
1852 2226 1854 2238 ,

462 2258 539 2299 VI.
570 2274 587 2295 «
614 2257 671 2298 Et
698 2253 916 2298 dederunt
941 2252 988 2295 in
1008 2266 1149 2295 escam
1171 2265 1312 2295 meam
1333 2247 1419 2305 fel,
1451 2258 1495 2294 et
1519 2250 1564 2294 in
1597 2249 1666 2294 siti
1693 2264 1788 2293 mea
1852 2283 1854 2288 .

409 2347 429 2371 n
462 2334 726 2387 potaverunt
752 2340 821 2368 me
852 2324 1013 2372 aceto4.
1045 2343 1062 2363 »
1088 2325 1272 2367 Factum
1299 2330 1363 2365 est
1393 2321 1571 2381 quidem
1593 2320 1649 2364 ad
1670 2320 1788 2367 litte-

406 2413 522 2453 ram,
548 2405 592 2440 et
609 2394 898 2454 Evangelium
918 2395 1002 2441 hoc
1018 2392 1140 2436 nobis
1157 2391 1334 2436 indicat.
1363 2389 1790 2448 Sedintelligendum
1852 2423 1854 2426 -

459 2501 467 2517 ¹
495 2492 608 2526 Matth.
626 2503 679 2524 x1v
695 2517 704 2533 ,
723 2501 766 2534 29
783 2495 816 2523 et
835 2491 889 2524 31.
907 2507 950 2514 --
970 2495 983 2513 ²
999 2489 1046 2522 Id.
1067 2499 1134 2531 xvi,
1157 2499 1210 2530 17,
1229 2492 1262 2520 et
1275 2497 1331 2530 22,
1352 2488 1407 2521 23.
1427 2504 1467 2511 -
1494 2485 1507 2510 3
1524 2489 1602 2519 Luc.
1624 2497 1712 2528 xxm,
1732 2484 1786 2528 34,
1852 2498 1854 2505 r
1871 2489 1873 2500 ¹

407 2568 452 2574 —
468 2549 484 2580 4
503 2550 581 2582 Psal.
597 2559 709 2588 txvm,
723 2556 777 2580 22.
