1889 3285
363 198 449 238 526
776 209 811 236 s.
845 204 1078 236 Aueusnm
1108 207 1291 235 Enscom

360 275 481 320 sione
498 281 574 317 tua
588 306 599 327 ‚
621 270 739 316 aliud
762 287 813 316 ex
838 272 1053 333 adjutorio
1075 272 1153 317 Dei
1179 271 1443 332 perficietur.
1467 271 1624 330 Aspice
1645 284 1746 314 eum

358 344 435 405 qui
452 353 494 387 te
513 342 635 387 ducit
650 378 662 398 ,
687 351 730 387 et
751 358 840 387 non
864 342 1060 402 respicies
1089 351 1227 397 retro,
1260 341 1378 386 unde
1407 350 1451 385 te
1473 340 1634 386 educit.
1661 339 1747 394 Qui

359 423 402 459 te
437 413 581 469 ducit,
607 422 707 457 ante
739 421 783 457 te
805 412 1029 471 ambulat,
1053 412 1172 456 unde
1199 421 1240 456 te
1274 411 1447 467 educit,
1467 420 1565 472 post
1594 420 1636 455 te
1664 418 1743 454 est.

359 488 470 531 Ama
492 484 740 539 ducentem,
756 492 800 527 et
812 498 902 528 non
918 493 959 528 te
978 482 1156 527 damnat
1170 491 1284 527 retro
1302 482 1616 542 respicientem.
1628 499 1648 523 a
1663 482 1748 525 Vo-

364 576 383 598 »
418 564 514 600 vete
535 564 579 600 et
595 554 764 600 reddite
780 555 966 600 Domino
987 558 1077 600 Deo
1094 564 1257 600 nostro.
1282 573 1302 596 »

418 630 561 673 XVII.
592 647 611 669 «
636 629 798 672 Omnes
819 627 896 688 qui
918 627 964 671 in
985 627 1173 671 circuitu
1195 627 1284 687 ejus
1309 634 1410 670 sunt
1439 626 1626 669 offerent
1650 638 1749 667 mu-

365 719 384 742 »
419 715 538 743 nera.
571 720 588 741 »
615 700 699 752 Qui
721 708 824 744 sunt
860 699 905 743 in
928 699 1113 743 circuitu
1137 699 1259 759 ejus?
1280 697 1365 742 Ubi
1397 697 1513 740 enim
1548 704 1612 740 est
1643 695 1745 750 iste,

358 779 410 815 ut
429 769 568 823 dicat,
609 788 626 810 «
653 771 815 814 Omnes
844 770 919 830 qui
942 770 988 813 in
1020 769 1205 814 circuitu
1230 770 1319 829 ejus
1339 769 1471 812 sunt?
1497 788 1513 808 1>
1549 767 1591 811 Si
1614 772 1750 809 Deum

361 844 534 886 Patrem
550 841 734 900 cogites»,
757 840 835 885 ubi
866 856 957 885 non
988 849 1051 885 est
1082 842 1158 901 qui
1179 840 1345 900 ubique
1377 853 1563 899 praesens
1591 837 1682 880 est?
1705 834 1750 880 Si

360 910 522 956 Filium
543 912 705 970 cogites
726 910 969 956 secundum
985 910 1170 956 formam
1186 909 1424 954 Divinitatis
1439 944 1450 963 ,
1471 917 1515 952 et
1536 908 1626 968 ipse
1649 920 1751 951 cum

361 986 491 1027 Patre
512 983 679 1043 ubique
701 991 765 1028 est
798 1001 808 1027 ε
843 983 947 1043 quia
967 983 1058 1043 ipse
1093 991 1158 1027 est
1191 981 1408 1041 Sapientia
1441 980 1545 1035 Dei,
1577 978 1632 1023 de
1664 993 1752 1038 qua

362 1053 531 1098 dictum
553 1062 617 1099 est
640 1073 649 1099 z
685 1072 702 1093 «
729 1053 918 1113 Attingit
930 1063 1077 1098 autem
1099 1053 1265 1109 ubique
1285 1061 1463 1113 propter
1475 1065 1598 1095 suam
1624 1065 1752 1093 mun-

366 1144 384 1166 »
419 1123 571 1168 ditiam
585 1126 617 1168 ¹.
654 1145 673 1167 »
702 1124 744 1169 Si
767 1133 912 1168 autem
942 1124 1103 1168 Filium
1137 1124 1196 1168 sic
1230 1122 1445 1180 intelligas
1460 1157 1470 1177 ,
1508 1119 1752 1165 secundum

360 1195 481 1255 quod
499 1195 729 1255 assumpsit
746 1210 938 1251 carnem,
955 1204 997 1239 et
1008 1195 1124 1240 visus
1139 1204 1202 1239 est
1222 1194 1335 1237 inter
1352 1192 1567 1247 homines,
1593 1200 1637 1235 et
1657 1206 1754 1235 cru-

360 1265 512 1310 cifixus
527 1274 606 1320 est,
632 1275 676 1309 et
691 1266 936 1320 resurrexit,
958 1266 1158 1310 novimus
1175 1265 1275 1325 quia
1294 1263 1488 1308 ascendit
1505 1264 1551 1306 in
1568 1261 1748 1307 coelum.

361 1336 446 1389 Qui
463 1344 565 1380 sunt
579 1336 623 1379 in
647 1336 832 1380 circuitu
853 1337 975 1395 ejus?
998 1335 1167 1394 Angeli.
1185 1338 1301 1394 Ergo
1323 1351 1401 1379 nos
1423 1350 1513 1378 non
1530 1333 1753 1378 offerimus

361 1407 579 1449 munera?
601 1405 702 1465 quia
728 1425 745 1445 «
778 1407 939 1450 Omnes
961 1406 1038 1466 qui
1059 1406 1105 1449 in
1131 1406 1317 1450 circuitu
1349 1407 1440 1465 ejus
1467 1414 1593 1460 sunt,
1619 1404 1749 1459 dixit,

366 1496 384 1518 »
422 1475 609 1519 offerent
630 1490 825 1519 munera.
856 1495 875 1517 »
895 1476 936 1520 Si
957 1475 1151 1535 sepultus
1172 1476 1382 1520 Dominus
1397 1485 1542 1519 noster
1559 1475 1629 1518 hic
1645 1483 1755 1518 esset

361 1545 407 1589 in
429 1555 565 1600 terra,
592 1554 635 1588 et
649 1546 812 1604 jaceret
829 1561 986 1602 corpus
1007 1546 1162 1602 ipsius,
1192 1543 1415 1603 quomodo
1438 1545 1620 1604 alicujus
1641 1547 1756 1589 Mar-

362 1616 469 1673 tyris
489 1614 559 1659 vel
579 1613 804 1673 Apostoli,
835 1613 1157 1657 attenderemus
1184 1629 1256 1657 eos
1280 1614 1356 1674 qui
1382 1614 1429 1657 in
1453 1613 1639 1659 circuitu
1662 1616 1752 1675 ejus

362 1694 505 1730 essent
523 1719 534 1740 ,
559 1699 851 1745 quaecumque
872 1682 939 1727 vel
961 1693 1109 1741 gentes
1138 1692 1279 1727 essent
1301 1683 1413 1728 circa
1434 1684 1577 1744 ipsum
1607 1684 1753 1729 locum

362 1755 558 1815 undiqne
574 1789 584 1809 ,
604 1753 675 1799 vel
696 1754 1003 1798 convenientes
1026 1753 1081 1797 ad
1109 1752 1229 1797 illam
1250 1753 1519 1813 sepulturam
1541 1771 1642 1799 cum
1659 1770 1753 1799 mu—

363 1825 540 1870 neribus
567 1843 576 1869 :
607 1840 724 1868 nunc
742 1832 888 1867 autem
906 1822 1122 1878 ascendit,
1147 1839 1319 1867 sursum
1330 1834 1408 1869 est.
1430 1824 1548 1878 Quid
1569 1834 1633 1869 est
1649 1826 1749 1881 hoc,

368 1914 386 1936 «
422 1896 584 1939 Omnes
599 1894 678 1955 qui
690 1895 733 1937 in
751 1894 936 1938 circuitu
952 1895 1042 1954 ejus
1059 1903 1177 1949 sunt,
1193 1894 1380 1939 offerent
1396 1897 1609 1939 munera?
1628 1898 1751 1942 »Hoc

362 1966 538 2010 interim
560 1964 680 2025 quod
697 1971 806 2009 Deus
827 1964 1035 2009 admonet
1057 1965 1198 2008 dicam
1217 1964 1356 2020 vobis,
1373 1964 1480 2025 quid
1500 1981 1550 2010 ex
1570 1966 1634 2010 his
1655 1982 1751 2011 vern

363 2037 454 2091 bis,
486 2036 594 2080 mihi
617 2037 706 2096 ipse
734 2035 940 2095 inspirare
970 2035 1172 2094 dignatus
1202 2034 1257 2078 sit
1292 2054 1301 2080 ι
1341 2035 1375 2079 si
1406 2035 1558 2080 melius
1586 2035 1752 2098 aliquid

363 2116 513 2166 postea
528 2107 669 2151 visum
692 2105 845 2161 fuerit,
878 2115 920 2149 et
942 2106 1025 2149 hoc
1049 2114 1242 2149 vestrum
1260 2114 1345 2162 est,
1370 2106 1471 2166 quia
1509 2108 1751 2152 communis

364 2187 428 2221 est
450 2177 651 2221 omnibus
671 2177 843 2221 veritas.
877 2179 975 2221 Non
997 2185 1060 2219 est
1081 2192 1160 2220 nec
1183 2191 1278 2220 mea
1293 2211 1303 2231 ,
1341 2192 1422 2221 nec
1446 2186 1542 2234 tua3
1567 2194 1658 2222 non
1688 2188 1753 2222 est

363 2248 500 2302 illius,
526 2257 601 2291 aut
621 2247 735 2291 illius
757 2267 765 2291 :
787 2247 985 2291 omnibus
1007 2248 1249 2291 communis
1278 2256 1356 2291 est.
1382 2250 1439 2292 Et
1457 2247 1637 2293 fortasse
1652 2249 1752 2294 ideo

365 2320 507 2364 media
529 2328 613 2374 est,
640 2319 749 2363 utin
769 2319 953 2363 circuitu
977 2319 1066 2378 ejus
1089 2320 1173 2363 sint
1195 2334 1342 2363 omnes
1360 2320 1435 2380 qui
1467 2319 1653 2379 diligunt
1673 2337 1751 2366 ve-

365 2391 553 2437 ritatem.
580 2389 804 2450 Quidquid
821 2391 937 2434 enim
959 2390 1161 2434 omnibus
1183 2405 1416 2434 commune
1434 2400 1524 2447 est,
1544 2392 1590 2435 in
1607 2392 1750 2437 medio

365 2471 444 2507 est.
470 2464 614 2515 Quare
635 2461 681 2506 in
712 2460 856 2506 medio
879 2460 1062 2506 dicitur?
1084 2463 1141 2505 Ut
1172 2469 1344 2505 tantum
1365 2460 1495 2506 distet
1524 2462 1579 2506 ab
1601 2463 1745 2508 omni-

414 2552 424 2570 ¹
447 2547 523 2588 Sap.
542 2555 602 2588 vn,
620 2543 677 2587 24.
