1889 3285
393 232 477 273 174
828 236 863 264 s.
898 235 1129 265 Auousnm
1160 236 1342 265 Emscom

389 307 507 363 Quid
522 304 655 350 modo
669 302 854 365 jubebat
873 301 1110 347 Dominus?
1124 301 1297 348 «Nolite
1318 301 1470 346 timere
1491 314 1562 344 eos
1583 299 1659 360 qui
1675 314 1772 345 cor-

390 398 412 421 »
445 393 527 438 pus
558 373 788 429 occidunt,
813 373 1002 417 animam
1032 381 1178 417 autem
1209 388 1299 417 non
1336 379 1516 431 possunt
1551 368 1769 427 oecidere3

390 469 413 494 »
446 447 523 495 sed
555 461 657 492 eum
683 445 828 506 potius
857 443 1033 499 timete,
1059 444 1137 504 qui
1166 443 1302 488 habet
1330 451 1588 503 potestatem
1615 450 1659 486 et
1679 440 1774 485 ani-

390 540 411 563 »
445 534 562 564 mam
582 526 626 562 et
646 532 802 577 eorpus
824 514 1020 561 occidere
1053 515 1099 558 in
1121 515 1318 574 gehenna
1340 514 1451 573 ignis
1467 515 1498 557 1.
1521 531 1542 554 »
1568 515 1626 557 Et
1645 526 1773 571 repe-

389 590 487 636 tivit
520 609 530 635 :
565 606 586 630 «
620 591 687 633 Ita
715 586 814 632 dico
853 585 998 642 vobis3
1038 600 1140 629 eum
1169 585 1318 629 timete
1333 587 1366 628 ¹2.
1393 602 1414 625 »
1449 583 1532 636 Qui
1562 591 1666 627 sunt
1697 582 1798 642 qui·

389 676 542 720 eorpus
566 657 796 704 occidunt?
815 656 999 701 Inimici.
1025 654 1142 708 Quid
1163 655 1348 715 jubebat
1369 653 1614 699 Dominus?
1634 654 1698 697 Ne
1714 651 1774 696 ti-

388 740 625 776 merentur.
647 731 805 774 Oretur
826 742 927 785 ergo
948 735 999 770 ut
1019 735 1194 785 praestet
1210 725 1332 786 quod
1353 724 1496 784 jubet.
1519 743 1541 766 «
1560 726 1599 768 A
1620 723 1775 767 timore

389 820 411 844 »
447 801 610 845 inimici
637 814 740 843 erue
764 798 953 842 animam
974 811 1132 840 meam.
1161 814 1181 837 »
1207 799 1324 840 Erue
1354 811 1424 840 me
1451 812 1476 840 a
1512 795 1662 839 timore
1688 793 1774 837 ini-

388 871 489 916 mici
521 880 566 915 et
592 868 730 914 subde
763 868 910 913 timori
941 876 1033 911 tuo.
1057 869 1156 912 Non
1188 867 1364 910 timeam
1387 881 1488 910 eum
1521 864 1598 925 qui
1618 879 1776 924 eorpus

388 941 569 997 occidit,
595 939 670 985 sed
697 940 873 984 timeam
897 953 999 983 eum
1022 938 1096 998 qui
1121 937 1256 981 habet
1277 945 1536 997 potestatem
1555 945 1597 980 et
1618 950 1776 994 corpus

389 1023 433 1058 et
453 1012 641 1057 animam
663 1009 860 1055 occidere
882 1009 929 1053 in
951 1009 1149 1068 gehenna
1171 1008 1295 1066 ignis.
1319 1011 1418 1053 Non
1439 1008 1556 1052 enim
1576 1022 1600 1051 a
1621 1006 1776 1051 timore

387 1082 490 1129 volo
511 1097 600 1127 esse
619 1080 853 1138 immunis3
873 1078 950 1124 sed
966 1095 990 1124 a
1012 1078 1166 1124 timore
1188 1078 1352 1123 inimici
1366 1077 1493 1134 liber,
1518 1077 1600 1122 sub
1625 1077 1777 1121 timore

388 1154 563 1200 Domini
581 1169 743 1198 servus.

447 1227 532 1266 III.
560 1243 582 1266 «
601 1223 829 1268 Protexisti
850 1237 919 1266 me
941 1238 965 1266 a
989 1231 1210 1266 conventu
1232 1220 1588 1280 malignantium,
1614 1235 1638 1264 a
1658 1218 1777 1264 mul-

391 1311 413 1335 »
446 1291 635 1337 titudine
657 1293 933 1352 operantium
953 1293 1274 1353 iniquitatemss.
1303 1310 1323 1333 »
1345 1295 1442 1336 Jam
1474 1292 1617 1351 ipsum
1646 1297 1779 1348 capnt

389 1372 585 1408 nostrum
614 1362 879 1408 intueamur.
905 1362 1036 1409 Multi
1056 1366 1270 1416 Martyres
1290 1362 1391 1403 talia
1414 1363 1525 1419 passi
1545 1369 1648 1404 sunt
1674 1360 1779 1405 :sed

390 1434 499 1479 nihil
521 1434 580 1478 sic
600 1432 743 1476 elucet
763 1429 987 1491 quomodo
1006 1439 1137 1489 eaput
1154 1433 1397 1488 Martyrum
1418 1450 1430 1489 3
1449 1430 1511 1474 ibi
1537 1431 1692 1475 melius
1707 1431 1777 1475 in-

390 1514 565 1548 tuemur
586 1502 709 1564 quod
728 1500 791 1544 ilh·
807 1500 971 1559 experti
992 1509 1108 1544 sunt.
1135 1504 1362 1545 Proteetus
1381 1510 1479 1546 esta
1496 1501 1778 1546 multitudine

389 1573 720 1630 malignantium
738 1605 748 1625 ,
791 1579 1046 1629 protegente
1086 1586 1131 1614 se
1160 1574 1250 1616 Deo
1265 1606 1276 1625 ‚
1314 1580 1569 1630 protegente
1603 1588 1778 1617 earnem

389 1656 511 1687 suam
529 1641 622 1700 ipso
645 1639 756 1684 Filio
778 1649 821 1684 et
839 1640 1015 1684 homine
1037 1656 1167 1700 quem
1192 1641 1369 1700 gerebat
1395 1661 1404 1686 2
1429 1643 1530 1702 quia
1550 1642 1683 1687 Filius
1693 1643 1777 1687 ho-

389 1712 518 1756 minis
547 1719 638 1766 est,
670 1719 714 1754 et
735 1709 869 1754 Filius
894 1711 972 1755 Dei
1000 1720 1094 1768 est3
1120 1711 1256 1756 Filius
1278 1712 1356 1757 Dei
1387 1723 1566 1772 propter
1590 1712 1778 1757 formam

386 1782 479 1837 Dei,
497 1780 632 1825 Filius
653 1781 841 1825 hominis
862 1790 1041 1841 propter
1061 1782 1247 1826 formam
1264 1783 1374 1827 servi
1388 1784 1404 1808 4
1423 1802 1433 1828 ι
1452 1783 1619 1828 habens
1638 1783 1684 1828 in
1705 1799 1779 1843 po-

388 1860 542 1896 testate
564 1867 727 1911 ponere
752 1852 941 1895 animam
964 1868 1085 1896 suam
1106 1888 1117 1907 ,
1141 1862 1185 1897 et
1206 1853 1396 1913 recipere
1419 1856 1556 1897 eamf’.
1589 1854 1708 1907 Quid
1740 1854 1780 1899 ei

389 1930 630 1982 potuerunt
666 1920 808 1966 faeere
844 1922 1040 1966 inimici?
1067 1921 1335 1968 Occiderunt
1366 1939 1522 1983 eorpus
1537 1959 1548 1979 ,
1588 1923 1780 1968 animam

389 2009 480 2038 non
501 1992 770 2037 oeciderunt.
788 1991 1023 2035 Intendite.
1045 1996 1203 2036 Parum
1226 2009 1330 2051 ergo
1351 2003 1442 2036 erat
1466 1994 1652 2038 Domino
1672 1994 1779 2038 hor-

390 2062 473 2108 tari
506 2065 719 2120 Martyres
747 2062 879 2106 verbo
894 2097 905 2117 ,
940 2062 1022 2105 nisi
1056 2062 1248 2106 firmaret
1273 2061 1488 2122 exemplo.
1524 2064 1666 2108 Nostis
1702 2064 1780 2124 qui

390 2143 629 2178 conventus
643 2142 734 2176 erat
747 2132 1081 2191 malignantium
1090 2134 1113 2176 J
1118 2131 1343 2176 udaeorum
1351 2167 1362 2187 ‚
1374 2141 1418 2176 et
1427 2148 1527 2193 quae
1541 2133 1780 2180 multitudo

392 2213 484 2248 erat
501 2203 774 2262 operantium
792 2202 1082 2262 iniquitatem.
1107 2205 1248 2255 Quam
1265 2203 1566 2263 iniquitatem?
1587 2207 1683 2257 Qua
1700 2220 1779 2250 vo-

390 2274 571 2320 luerunt
608 2274 806 2320 occidere
842 2274 1076 2319 Dominum
1115 2277 1137 2317 J
1143 2290 1263 2318 esum
1305 2275 1543 2319 Christum.
1586 2295 1607 2317 «
1643 2279 1779 2320 Tanta

394 2364 415 2388 »
450 2361 582 2406 opera
603 2346 741 2400 bona,
776 2344 940 2404 inquit,
979 2344 1149 2389 ostendi
1176 2345 1298 2389 vobis
1316 2380 1327 2400 ‚
1358 2355 1535 2405 propter
1556 2345 1676 2405 quod
1698 2346 1779 2391 ho-

393 2435 414 2458 »
449 2431 548 2461 rum
568 2431 638 2460 me
658 2415 790 2460 vultis
812 2414 1087 2460 oeeidere⁰?»
1113 2414 1298 2459 Pertulit
1318 2431 1468 2460 omnes
1489 2416 1683 2461 infirmos
1704 2432 1779 2461 eo-

443 2519 452 2536 ¹
469 2512 585 2546 Matth.
603 2522 638 2551 x,
659 2513 714 2545 28.
734 2528 776 2535 —
796 2518 809 2535 2
832 2513 909 2543 Luc.
932 2522 989 2553 xn,
1008 2510 1040 2545 5.
1057 2525 1096 2535 -ἐ-
1114 2510 1139 2535 ’3
1158 2511 1237 2544 Psal.
1255 2523 1342 2554 mn,
1362 2512 1393 2545 3.
1413 2529 1454 2535 —
1473 2511 1488 2540 4
1509 2513 1620 2556 Philip.
1641 2525 1675 2555 11,
1689 2513 1724 2555 6,
1744 2524 1773 2555 7.

397 2585 438 2592 —·
456 2566 471 2592 5
489 2570 578 2602 Joan.
600 2578 632 2610 x,
654 2567 703 2600 18.
725 2585 766 2592 —-
784 2566 800 2590 6
817 2567 901 2600 Ibid.
922 2567 975 2600 32.
