1889 3285
473 241 715 273 ENAnrtArrro
748 245 793 272 nv
827 241 1028 272 PSALML'M
1063 245 1147 272 Lvr.
1425 232 1475 270 13

93 318 182 353 tem
205 309 487 369 opprobrium
507 318 570 353 est
585 344 595 364 ,
628 308 805 363 fratres,
837 318 886 353 ut
907 310 1026 353 hunc
1049 322 1220 353 versum
1237 306 1408 366 legant,
1435 317 1479 352 ct

94 379 175 438 ipsi
197 380 300 423 caeci
323 379 549 423 attendant
571 378 627 422 ad
659 378 885 438 speculum
912 381 1065 423 suum?
1098 378 1165 422 Sic
1188 377 1303 421 enim
1342 393 1478 437 appa-

0 445 5 459 *
29 444 33 478 s
94 459 190 493 rent
216 452 240 493 J
245 450 357 494 udaei
379 449 433 493 de
457 450 676 509 Scriptura
704 459 851 494 sancta
873 466 1003 510 quam
1026 458 1228 508 portant,
1255 449 1478 508 quomodo

28 556 31 563 Α
95 529 271 579 apparet
293 519 421 564 facies
443 520 547 563 caeci
579 519 634 563 de
655 519 832 578 speculo
856 539 864 564 ;
891 520 945 563 ab
968 519 1059 563 aliis
1081 518 1253 563 videtur
1273 553 1283 573 ,
1309 518 1363 561 ab
1385 518 1476 577 ipso

0 629 3 636 .
30 632 31 636 ,
95 604 183 633 non
206 588 392 633 videtur.
423 608 442 631 α
463 589 592 633 Dedit
614 589 659 632 in
681 589 966 649 opprobrium
989 588 1293 633 conculcantes
1313 603 1396 631 me.
1426 606 1446 628 »

152 663 208 704 X.
236 647 464 713 Quae'rebas
499 659 613 703 forte
635 675 736 703 cum
775 659 938 705 diceret
964 679 972 703 z
999 678 1018 700 α
1045 659 1161 703 Misit
1194 657 1247 702 de
1270 656 1409 713 coelo,
1437 667 1481 702 et

97 747 118 773 >›
152 730 317 775 salvum
337 747 405 775 me
428 729 532 774 fecit
556 749 564 775 :
585 749 603 771 η
630 729 747 783 Quid
765 730 880 774 misit
897 729 951 773 de
972 728 1116 774 coelo?
1133 725 1263 789 quem
1288 728 1405 772 misit
1426 727 1481 773 de

94 800 235 846 coelo?
265 801 479 859 Angelum
514 801 653 855 misit,
685 810 736 845 ut
768 799 935 845 salvum
964 800 1125 844 faceret
1159 800 1404 854 Christum,
1439 808 1482 842 et

94 888 171 932 per
193 888 364 917 servum
386 872 528 917 salvus
548 873 597 915 fit
622 873 856 917 Dominus?
879 874 1040 915 Omnes
1059 871 1172 914 enim
1190 870 1343 928 Angeli
1367 886 1483 914 crea-

96 953 190 987 tura
211 944 397 988 serviens
419 943 590 988 Christo
617 952 694 987 est.
729 943 799 987 Act
827 942 1086 1002 obsequium
1109 941 1222 985 mitti
1244 949 1482 1000 potuerunt

94 1014 264 1073 Angeli,
287 1014 341 1058 ad
359 1015 578 1058 servitium
595 1014 707 1057 mitti
725 1022 978 1073 potuerunt,
1003 1029 1091 1057 non
1112 1012 1167 1056 ad
1190 1011 1477 1072 adjutorium:

94 1086 204 1131 sicut
219 1086 427 1146 scriptum
449 1095 527 1141 est,
547 1085 667 1146 qnod
680 1084 834 1144 Angeli
850 1084 1155 1128 ministrabant
1173 1084 1210 1127 ei
1224 1086 1253 1139 ¹,
1269 1100 1358 1128 non
1380 1093 1481 1128 tan-

94 1172 224 1218 quam
248 1156 542 1201 misericordes
564 1155 794 1214 indigenti,
811 1154 887 1199 sed
908 1165 1114 1215 tanquam
1139 1154 1321 1214 subjecti
1345 1153 1482 1198 omni-

18 1243 32 1275 ’,
94 1227 276 1287 potenti.
298 1227 414 1280 Quid
437 1243 539 1286 ergo
561 1226 712 1271 «Misit
731 1225 784 1269 de
807 1224 936 1280 ccelo,
964 1235 1006 1269 ct
1028 1225 1194 1269 salvum
1217 1224 1320 1268 fecit
1343 1227 1440 1268 me‘?
1458 1243 1477 1266 n

94 1297 226 1343 Modo
247 1298 448 1342 audimus
475 1298 520 1342 in
542 1297 625 1342 alio
648 1313 773 1341 versu
798 1297 903 1357 quid
939 1296 993 1340 dc
1021 1295 1132 1340 coelo
1154 1295 1331 1338 miserit.
1357 1314 1377 1337 «
1398 1295 1482 1339 Mi-

97 1387 117 1410 »
152 1369 204 1413 sit
233 1369 287 1413 de
319 1369 431 1414 coelo
464 1366 801 1413 misericordiam
833 1382 954 1411 suam
978 1376 1021 1410 ct
1041 1365 1268 1411 veritatem
1292 1381 1428 1409 suam.
1457 1383 1478 1406 »

29 1447 31 1449 ‚
94 1439 162 1484 Ad
190 1456 321 1500 qUaln
345 1442 466 1485 Tem?
492 1459 511 1482 (t
540 1443 597 1483 Εἰ
616 1439 728 1482 CPUit
746 1437 934 1482 anissssslss
956 1452 1097 1481 111631Ἱῖ
1116 1436 1170 1480 de
1188 1435 1333 1480 medio
1360 1446 1483 1480 Catu·-

96 1527 116 1551 »
151 1508 295 1554 lorum
328 1509 522 1554 leonum.
553 1510 697 1564 Misit,
729 1508 900 1568 inquit,
927 1507 981 1551 dc
1007 1506 1120 1552 coeio
1143 1506 1482 1551 miscricordiam

97 1597 118 1621 »
152 1595 271 1623 suam
291 1589 333 1624 et
354 1580 579 1623 veritatem
601 1594 723 1623 suam
739 1580 754 1603 2
776 1597 785 1623 :
813 1597 833 1619 >›
855 1587 898 1622 et
916 1578 1005 1637 ipse
1030 1578 1226 1622 Christus
1244 1577 1303 1620 ait
1323 1597 1331 1621 :
1357 1579 1481 1635 «Ego

96 1667 117 1692 »
152 1665 247 1694 sum
266 1649 421 1693 veritas
438 1652 453 1675 3
499 1668 518 1691 »
548 1650 675 1694 Missa
700 1657 763 1693 est
785 1664 886 1706 ergo
909 1648 1086 1703 veritas,
1122 1657 1172 1692 ut
1195 1656 1365 1691 erueret
1387 1646 1482 1690 ani-

93 1735 210 1764 mam
232 1736 373 1764 meam
397 1720 501 1764 hinc
524 1720 578 1763 de
604 1719 747 1763 medio
772 1719 1016 1763 catulorum
1039 1718 1216 1762 leonum
1236 1739 1247 1775 3
1271 1718 1397 1762 missa
1420 1726 1484 1762 cst

94 1790 399 1834 misericordia.
437 1793 584 1850 Ipsum
618 1789 837 1834 Christum
882 1788 1126 1833 invenimus
1160 1798 1202 1832 et
1238 1787 1483 1832 misericor-

95 1860 211 1904 diam
239 1870 282 1904 et
301 1862 557 1918 veritatem,
586 1859 920 1904 misericordiam
953 1859 1080 1902 nobis
1113 1860 1449 1918 compatientem
1468 1893 1479 1914 ,

96 1940 138 1975 et
178 1932 404 1975 veritatem
445 1930 569 1975 nobis
608 1930 936 1974 retribuentem.
980 1932 1074 1974 Hoc
1112 1939 1176 1973 est
1224 1945 1325 1987 ergo
1362 1927 1484 1989 quod

95 2001 226 2060 paulo
258 1991 357 2045 ante
395 2000 505 2056 dixi,
544 2000 647 2060 quia
679 2009 722 2043 ct
753 2001 843 2059 ipse
880 2016 924 2043 se
958 1999 1260 2044 resuscitavit?
1296 1999 1338 2044 Si
1367 1999 1484 2043 enim

95 2073 251 2117 veritas
273 2072 541 2117 resuscitavit
562 2072 800 2122 Christum,
826 2080 869 2115 et
888 2071 922 2115 si
943 2072 1099 2116 veritas
1117 2072 1303 2115 animam
1323 2070 1482 2116 Christi

97 2143 209 2186 eruit
241 2143 295 2186 de
331 2142 475 2186 medio
509 2141 754 2186 catulorum
787 2140 964 2186 leonum
992 2163 1003 2199 3
1038 2151 1088 2186 ut
1124 2142 1362 2186 misericors
1397 2141 1482 2202 fuit

96 2215 205 2259 mori
242 2230 322 2274 pro
350 2214 502 2269 nobis,
532 2214 591 2258 ita
623 2229 752 2257 verax
784 2211 868 2256 suit
903 2228 1123 2271 resurgere
1156 2213 1211 2257 ad
1241 2213 1483 2273 justifican-

57 2295 60 2298 ’
97 2285 173 2331 dos
195 2302 288 2330 nos.
315 2287 489 2330 Dixerat
506 2287 620 2329 enim
643 2301 686 2329 se
707 2293 1048 2329 resurrecturum
1068 2320 1078 2340 ,
1113 2294 1156 2329 et
1184 2285 1340 2329 veritas
1362 2300 1481 2328 men-

96 2357 166 2401 tiri
187 2374 277 2402 non
298 2358 459 2417 potuit,
485 2366 529 2401 et
556 2357 655 2417 quia
686 2356 841 2401 veritas
871 2365 914 2400 et
940 2372 1091 2411 verax,
1118 2365 1347 2416 propterea
1366 2356 1481 2400 cica-

97 2429 223 2473 trices
262 2444 380 2472 vcras
420 2427 638 2483 ostendit,
683 2428 783 2487 quia
819 2444 920 2473 vera
958 2427 1135 2471 vulnera
1162 2427 1354 2486 pertulit.
1394 2429 1480 2470 Has

98 2499 314 2543 cicatrices
359 2508 594 2543 tenuerunt
628 2498 855 2558 Discipuli,
887 2497 1200 2557 palpaverunt,
1237 2496 1479 2542 manifesta-

147 2591 153 2605 ¹
175 2585 286 2616 Matth.
308 2596 350 2625 iv,
375 2596 422 2616 ι’.
452 2603 491 2606 -
513 2591 523 2606 r
545 2586 566 2615 l'
583 2583 608 2614 a!
642 2595 702 2624 rw,
729 2582 752 2625 ᾗ,
775 2582 807 2614 .’3.
830 2601 869 2605 —«
896 2581 908 2605 3
931 2586 1156 2623 J‹‚·.·1n.xiv,‹5.
