1889 3285
396 251 637 280 ENARRATIO
669 255 713 280 nv
747 253 947 282 PSALMUM
980 256 1128 282 Lxxw.
1360 244 1441 283 493

67 315 250 373 gelium3
274 324 318 359 et
333 317 408 360 fiat
428 332 568 361 unum
589 334 745 378 corpus
767 321 848 363 sub
871 335 960 364 uno
982 320 1142 380 capite,
1174 321 1219 364 in
1253 336 1342 366 uno
1363 322 1445 381 spi-

65 394 174 440 ritu,
195 402 240 429 in
261 402 349 430 una
369 396 473 431 vlta.

126 457 180 499 V.
214 458 272 500 Et
291 456 399 516 quid
421 457 480 500 ait
497 459 515 501 Ρ
531 476 551 500 «
568 459 680 502 Cum
699 473 905 518 accepero
920 493 931 514 ‚
961 459 1129 519 inquit,
1148 468 1319 520 tempus
1336 494 1348 516 ,
1368 475 1448 519 ego

68 542 89 566 »
119 525 308 585 justitias
339 526 589 587 judicab01.
615 547 635 569 »
660 529 847 582 Quando
864 530 1080 590 judicabit
1095 530 1316 590 justitias?
1338 533 1449 576 Cum

68 597 282 655 acceperit
295 606 480 657 tempus.
505 598 709 644 Nondum
733 601 958 659 estipsum
981 610 1165 661 tempus.
1187 602 1353 645 Gratias
1369 601 1452 645 mi-

67 666 311 712 sericordiae
339 670 430 729 ejus
459 689 467 713 :
494 671 612 729 prius
641 671 849 729 praedicat
875 671 1063 731 justitias
1081 706 1093 726 ‚
1130 680 1173 716 et
1201 672 1260 716 sic
1286 671 1454 732 judicat

62 737 263 793 Justitias.
294 740 404 784 Nam
438 739 473 782 si
504 749 603 783 ante
636 739 768 785 vellet
791 742 987 801 judicare
1020 757 1153 802 quam
1186 741 1448 801 praedicare,

67 807 164 867 quis
197 808 465 852 inveniretur
489 808 740 855 liberandus
770 813 788 854 P
820 813 917 871 quis
943 811 1233 856 absolvendus
1255 827 1454 857 occurre-

68 888 135 923 ret
154 880 172 920 ’ἒ
188 880 322 924 Modo
342 896 445 939 ergo
462 880 781 940 praedicationis
801 892 973 942 tempus
995 892 1059 927 est
1081 902 1089 927 :
1115 901 1131 923 «
1148 883 1358 938 Narrabo,
1382 883 1453 926 in-

73 967 93 991 »
127 951 248 1010 quit,
290 952 435 996 omnia
473 952 689 997 mirabilia
721 962 810 996 tua.
842 971 863 994 »
899 953 1015 998 Audi
1042 963 1317 1009 narrantem,
1352 953 1455 997 audi

69 1019 380 1079 praedicantem
404 1040 412 1066 :
438 1036 536 1066 nam
551 1022 584 1066 si
601 1024 908 1082 contempseris
929 1042 938 1068 :
955 1042 972 1064 «
990 1025 1102 1068 Cum
1121 1039 1327 1083 accepero
1343 1032 1455 1066 tcm-

73 1108 94 1132 »
128 1105 210 1150 pus
229 1126 240 1146 ,
272 1092 442 1151 inquit,
482 1107 561 1150 ego
588 1093 775 1152 justitias
803 1093 1024 1153 judicabo.
1053 1112 1073 1135 »
1099 1097 1245 1148 Dono,
1281 1094 1454 1153 inquit,

70 1177 189 1206 nunc
211 1171 388 1221 peecata
413 1163 662 1217 confitenti,
688 1179 778 1207 non
795 1179 967 1222 parcam
984 1163 1453 1222 posteacontemnenti.

76 1250 96 1273 «
129 1231 469 1276 Misericordiam
492 1241 536 1275 et
551 1232 769 1291 judicium
799 1234 983 1277 cantabo
1014 1233 1124 1286 tibi,
1161 1233 1404 1277 Domine2:
1434 1251 1454 1274 »

72 1302 233 1346 dicitur
255 1302 301 1345 in
324 1302 509 1346 Psalmo.
543 1320 563 1343 «
589 1302 929 1347 Misericordiam
947 1312 990 1346 et
1006 1302 1217 1361 judicium
1248 1319 1256 1342 :
1287 1322 1306 1344 »
1327 1303 1458 1348 modo

72 1372 432 1427 misericordiam,
456 1381 605 1432 postca
616 1373 847 1432 judicium,
875 1374 920 1417 in
941 1390 1026 1433 qua
1047 1373 1337 1418 misericordia
1354 1390 1457 1433 pec-

74 1453 169 1489 cata
191 1443 426 1497 donantur,
446 1443 492 1487 in
514 1459 602 1503 quo
618 1442 785 1503 judicio
808 1453 983 1504 peccata
1007 1445 1262 1503 puniuntur.
1281 1445 1354 1488 Vis
1371 1461 1461 1489 non

74 1515 226 1559 timere
247 1523 526 1574 peccatorum
549 1514 821 1572 punitorem?
834 1517 942 1557 Ama
964 1514 1218 1558 donatorem
1236 1550 1246 1569 ‚
1270 1514 1359 1558 noli
1378 1530 1462 1559 res-

73 1600 234 1645 puere,
259 1583 349 1629 noli
377 1593 420 1628 te
452 1583 685 1638 extollere,
718 1582 808 1627 noli
840 1583 982 1627 dicere
1012 1603 1020 1627 :
1049 1587 1147 1628 Non
1176 1585 1315 1628 habeo
1343 1584 1463 1644 quod

74 1655 180 1700 mihi
216 1655 352 1699 donet
378 1673 386 1698 :
413 1653 516 1698 audi
547 1653 662 1697 enim
690 1652 810 1713 quod
833 1654 1058 1712 sequitur:
1087 1656 1232 1698 «Cum
1257 1671 1462 1714 accepero

79 1743 100 1767 »
135 1734 323 1785 tempus,
350 1739 432 1783 ego
450 1724 634 1784 justitias
645 1723 864 1783 judicabo.
889 1741 908 1763 »
930 1723 1110 1783 Accepit
1127 1733 1297 1783 tempus
1311 1725 1461 1769 Chris-

76 1798 178 1840 tus?
208 1795 388 1854 Accepit
416 1804 587 1853 tempus
623 1793 758 1837 Filius
792 1793 892 1837 Dei?
915 1793 1050 1837 Filius
1081 1794 1156 1837 Dei
1187 1809 1276 1838 non
1299 1795 1465 1854 accepit

77 1875 275 1925 tempus:
301 1864 378 1909 sed
398 1863 513 1908 filius
535 1862 723 1908 hominis
745 1862 911 1921 accepit
931 1871 1117 1922 tempus.
1137 1863 1259 1907 Idem
1273 1865 1362 1923 ipse
1384 1881 1464 1908 au-

79 1946 168 1981 tem
187 1945 231 1980 et
254 1935 392 1979 Filius
418 1935 495 1979 Dei
517 1949 594 1994 per
615 1949 746 1994 quem
767 1933 872 1977 facti
888 1948 1036 1977 sumus
1053 1968 1064 1986 ,
1089 1943 1132 1977 et
1153 1933 1266 1978 filius
1277 1935 1466 1980 hominis

79 2022 157 2068 per
178 2021 308 2067 quem
325 2004 476 2049 refecti
497 2020 661 2049 sumus.
684 2004 870 2049 Homine
896 2014 1116 2064 assumpto
1131 2040 1142 2060 ‚
1167 2005 1257 2064 ipse
1278 2022 1367 2050 non
1397 2022 1466 2050 as-

82 2087 279 2138 sumptus
299 2098 310 2135 3
333 2076 513 2121 homine
535 2084 703 2126 mutato
724 2077 769 2119 in
784 2075 938 2119 melius
953 2111 963 2130 ,
985 2075 1108 2120 nullo
1142 2076 1274 2121 modo
1302 2077 1392 2136 ipse
1419 2078 1466 2121 in

82 2147 271 2193 deterius
294 2154 586 2191 commutatus
609 2159 723 2189 :non
744 2143 908 2187 destitit
930 2160 1019 2188 esse
1037 2145 1157 2205 quod
1177 2155 1290 2201 erat,
1311 2146 1386 2190 sed
1400 2163 1466 2191 ac-

82 2219 197 2279 cepit
211 2216 331 2278 quod
350 2232 438 2261 non
460 2215 689 2268 erat.Quid
710 2217 863 2258 erat?«
881 2217 990 2259 Cum
1016 2215 1061 2259 in
1085 2215 1225 2261 forma
1241 2218 1317 2261 Dei
1337 2226 1459 2272 esset,

86 2309 107 2332 »
141 2305 231 2334 non
248 2289 442 2348 rapinam
466 2287 697 2331 arbitratus
717 2295 781 2330 est
795 2302 885 2330 esse
907 2286 1084 2346 aequalis
1103 2290 1207 2332 Deo.
1227 2309 1243 2329 »
1269 2289 1466 2348 Apostoli

84 2360 216 2405 verba
228 2368 344 2404 sunt.
376 2362 432 2403 Et
454 2357 559 2418 quid
581 2358 774 2416 accepit?
799 2375 815 2396 «
842 2356 924 2401 Sed
946 2358 1221 2417 semetipsum
1236 2359 1468 2402 exinanivit

91 2451 109 2474 »
144 2430 327 2476 formam
349 2429 459 2473 servi
482 2427 734 2487 accipiens3.
766 2446 783 2467 »
812 2427 931 2471 Sicut
951 2425 1134 2471 sormam
1156 2428 1265 2472 servi
1283 2429 1465 2487 accepit,

85 2502 209 2546 ita-et
230 2511 398 2560 tempus
414 2499 591 2559 accepit.
604 2502 859 2543 Demutatus
876 2500 1080 2557 estergo?
1103 2497 1354 2543 deminutus
1376 2495 1467 2543 est?

137 2593 143 2608 ¹
168 2585 248 2618 Psal.
268 2596 378 2626 Lxxxv,
401 2585 430 2617 3.
454 2600 494 2606 --
517 2590 528 2605 ²
544 2583 590 2615 Id.
611 2594 639 2624 c,
664 2594 689 2614 1.
708 2599 749 2604 ——-
769 2580 781 2604 3
804 2581 914 2624 Philip.
931 2592 965 2622 ιι,
984 2582 1018 2621 6,
1039 2592 1068 2623 7.
