1889 3285
375 207 457 246 424
813 220 846 245 S.
883 218 1111 246 AUGUSTINI
1144 219 1324 246 EPISCOPI

372 283 535 326 talitate
555 280 734 325 liberata
753 317 763 336 ‚
784 282 842 325 ita
864 282 1032 325 dictum
1053 281 1352 341 accipiendum
1368 290 1446 336 est,
1476 299 1496 323 «
1511 281 1685 326 orietur
1705 283 1752 327 in

374 373 394 393 >›
430 352 583 395 dicbus
607 353 695 411 ejus
715 352 878 412 justitia
907 362 950 396 et
969 352 1234 396 abundantia
1268 352 1383 412 pacis
1410 353 1550 396 donec
1571 353 1752 397 extolla-

373 442 393 464 >›
429 431 500 465 tur
520 421 624 466 luna
643 457 653 476 ‚
690 431 897 482 tanquam
930 421 1145 466 diceretur
1168 442 1176 466 2
1202 423 1375 467 Orietur
1408 423 1453 466 in
1485 421 1639 467 diebus
1661 425 1754 483 ejus

365 494 546 554 justitia,
565 509 662 552 quae
678 493 1067 538 contradictionem
1090 509 1137 537 ac
1160 492 1485 538 rebellationem
1509 494 1647 538 carnis
1664 494 1756 538 vin-

370 573 439 609 cat
454 600 464 619 ‚
490 573 534 608 et
572 565 646 608 fiet
667 580 749 624 pax
769 565 814 607 in
853 573 1024 608 tantum
1044 580 1237 608 crescens
1269 574 1312 608 et
1333 564 1560 609 abundans
1579 600 1590 620 ‚
1615 565 1755 610 donec

368 635 473 680 luna
501 635 757 690 extollatur,
789 634 835 679 id
870 644 960 691 est,
1001 634 1194 680 elevetur
1222 635 1412 679 Ecclesia
1429 671 1440 691 ,
1476 651 1553 694 per
1575 635 1756 694 gloriam

369 706 694 751 resurrectionis
723 721 824 750 cum
845 705 921 750 illo
941 715 1174 765 regnatura
1192 741 1202 761 ,
1234 706 1309 766 qui
1332 721 1428 750 eam
1447 706 1494 749 in
1517 707 1598 750 bac
1621 705 1755 765 gloria

370 776 684 836 primogenitus
702 792 725 819 a
748 777 928 820 mortuis
946 776 1189 830 antecessit,
1205 785 1256 819 ut
1277 775 1444 820 sederet
1463 775 1520 819 ad
1535 774 1757 822 dexteram

372 848 509 892 Patris
523 851 534 871 ¹
560 867 568 891 :
589 847 649 891 ita
671 863 772 892 cum
794 847 882 891 sole
903 862 1158 907 permanens
1177 856 1275 891 ante
1295 846 1470 904 lunam,
1495 863 1584 907 quo
1606 857 1756 906 postea

372 917 652 961 extolleretur
675 927 718 961 et
734 918 853 962 luna.

432 990 511 1030 XI.
542 1007 562 1029 α
583 991 640 1031 Et
661 987 958 1032 dominabitur
980 1003 1002 1032 a
1025 988 1134 1031 mari
1155 1003 1293 1048 usque
1322 987 1377 1031 ad
1398 1003 1515 1031 mare
1533 1023 1543 1042 ‚
1567 996 1649 1031 eta
1671 987 1759 1031 flu-

376 1077 396 1100 »
433 1058 549 1101 mine
571 1074 710 1118 usque
729 1058 782 1102 ad
806 1059 1011 1103 terminos
1034 1058 1150 1102 orbis
1172 1067 1298 1101 terrae
1317 1061 1349 1100 2.
1378 1076 1397 1099 »
1420 1060 1481 1101 De
1498 1073 1586 1117 quo
1607 1058 1761 1118 utique

373 1127 539 1171 dixerat
563 1147 571 1173 :
608 1148 627 1171 «
653 1129 825 1173 Orietur
858 1129 904 1172 in
925 1128 1080 1172 diebus
1102 1129 1192 1188 ejus
1221 1128 1388 1188 justitia
1411 1137 1455 1172 et
1491 1127 1760 1172 abundantia

376 1217 397 1240 »
433 1198 569 1258 pacis,
594 1198 734 1243 donec
756 1198 987 1243 extollatur
1003 1198 1123 1243 luna.
1144 1217 1164 1240 »
1183 1199 1225 1243 Si
1242 1198 1434 1243 Ecclesia
1456 1199 1526 1243 hic
1548 1207 1663 1243 recte
1677 1199 1762 1257 sig-

373 1269 577 1313 nificatur
593 1269 808 1314 vocabulo
829 1270 962 1324 lunae,
979 1279 1295 1330 consequenter
1319 1270 1509 1314 ostendit
1530 1285 1663 1331 quam
1676 1270 1763 1314 late

375 1339 572 1384 eamdem
595 1339 831 1385 Ecclesiam
854 1340 999 1385 fuerat
1020 1340 1257 1384 diffusurus
1272 1376 1284 1396 ‚
1318 1356 1418 1385 cum
1449 1340 1632 1400 adjecit,
1657 1360 1677 1383 «
1704 1344 1765 1385 Et

377 1429 397 1451 »
434 1410 733 1454 dominabitur
773 1427 796 1455 a
827 1411 935 1454 mari
971 1427 1110 1472 usque
1143 1411 1200 1455 ad
1230 1427 1363 1455 mare.
1399 1429 1419 1452 »
1455 1412 1566 1456 Mari
1601 1411 1764 1471 quippe

375 1495 534 1538 magno
558 1481 747 1539 cingitur
768 1490 881 1525 terra
900 1517 910 1536 ,
936 1482 1012 1541 qui
1038 1491 1219 1526 vocatur
1246 1483 1445 1525 Oceanus
1465 1501 1474 1526 ε
1499 1481 1555 1526 de
1576 1497 1665 1542 quo
1693 1481 1764 1525 in—

376 1551 476 1596 fluit
511 1551 721 1612 quiddam
749 1551 951 1610 exiguum
985 1553 1030 1595 in
1052 1552 1197 1596 medio
1218 1561 1431 1596 terrarum
1448 1587 1459 1607 ‚
1497 1561 1540 1596 et
1562 1550 1666 1596 facit
1686 1552 1766 1596 ista

379 1622 514 1666 maria
536 1631 638 1665 nota
662 1621 808 1677 nobis,
847 1638 945 1682 quae
980 1623 1161 1681 navigiis
1192 1621 1543 1682 frequentantur.
1579 1616 1767 1666 Proinde

383 1712 404 1735 «
439 1696 475 1736 A
499 1693 605 1735 mari
621 1708 758 1751 usque
781 1691 836 1735 ad
860 1707 976 1735 mare
993 1726 1003 1746 ‚
1032 1710 1052 1732 »
1079 1708 1101 1735 a
1128 1693 1326 1752 quolibet
1343 1694 1430 1736 fine
1452 1702 1577 1737 terrae
1593 1727 1603 1747 ‚
1628 1707 1767 1753 usque

381 1763 435 1807 ad
458 1763 699 1823 quemlibet
725 1763 856 1806 finem
881 1762 1212 1807 dominaturum
1235 1763 1364 1818 dixit,
1395 1765 1518 1823 cujus
1541 1779 1702 1807 nomen
1725 1772 1769 1807 et

378 1842 568 1893 potestas
596 1841 689 1876 toto
712 1832 817 1876 orbe
849 1832 1022 1876 fuerant
1045 1832 1321 1892 praedicanda
1357 1832 1633 1894 multumque
1656 1832 1767 1878 vali-

381 1913 492 1947 tura.
521 1902 650 1956 Quod
677 1918 731 1946 ne
764 1901 886 1946 aliter
909 1912 1051 1962 posset
1072 1902 1283 1960 intelligi,
1319 1922 1338 1945 «
1364 1906 1401 1947 A
1424 1900 1530 1947 mari
1551 1919 1690 1964 usque
1713 1905 1768 1948 ad

384 1991 405 2014 »
442 1989 588 2017 mare:
619 1991 638 2013 »
666 1972 874 2017 continuo
913 1973 1097 2032 subjecit
1116 2008 1126 2028 ,
1156 1992 1176 2014 «
1203 1976 1257 2017 Et
1285 1990 1308 2017 a
1333 1974 1514 2017 flumine
1549 1989 1689 2034 usque
1714 1973 1768 2018 ad

386 2062 406 2085 >›
443 2043 650 2087 terminos
673 2044 786 2087 orbis
809 2052 950 2086 terrae.
971 2061 990 2085 »
1012 2043 1141 2095 Quod
1168 2059 1271 2102 ergo
1291 2044 1349 2087 ait
1370 2063 1379 2088 :
1409 2062 1428 2085 «
1446 2046 1590 2103 Usque
1612 2044 1667 2088 ad
1683 2053 1770 2088 ter-

388 2132 408 2155 »
444 2114 583 2157 minos
606 2114 720 2158 orbis
743 2123 868 2158 terrae
887 2135 898 2171 3
916 2132 935 2154 »
956 2114 1039 2158 hoc
1063 2123 1162 2157 ante
1185 2113 1349 2158 dixerat
1371 2133 1379 2158 ;
1409 2118 1481 2158 «A
1502 2114 1611 2158 mari
1631 2130 1770 2175 usque

390 2203 410 2226 »
447 2186 499 2228 ad
524 2201 655 2229 mare.
687 2185 851 2239 »Quod
872 2202 974 2230 vero
991 2202 1109 2229 nunc
1127 2186 1185 2229 ait
1207 2205 1215 2230 ε
1241 2205 1261 2228 (ι
1280 2188 1318 2230 Α
1335 2186 1542 2241 ssumine3
1565 2185 1772 2229 »eviden-

387 2265 452 2299 ter
474 2256 677 2315 expressit
699 2256 799 2300 inde
821 2256 1004 2300 voluisse
1017 2257 1238 2301 Christum
1260 2265 1517 2315 potestatem
1540 2271 1662 2299 suam
1680 2257 1770 2315 jam

387 2326 708 2382 commendare,
733 2327 851 2370 unde
871 2337 914 2370 et
938 2327 1176 2386 Discipulos
1194 2327 1328 2386 coepit
1344 2326 1518 2385 eligere,
1545 2342 1566 2370 a
1589 2327 1771 2370 flumine

388 2396 549 2441 scilicet
584 2396 799 2454 Jordane3
839 2397 915 2441 ubi
949 2412 1078 2457 super
1109 2398 1377 2457 baptizatum
1401 2397 1634 2444 Dominum
1671 2412 1770 2440 cum

387 2466 668 2511 descenderet
698 2467 879 2526 Spiritus
901 2476 1094 2522 sanctus,
1119 2467 1265 2512 sonuit
1284 2483 1365 2512 vox
1393 2466 1447 2511 de
1469 2466 1608 2511 coelo:
1639 2485 1659 2508 ‹<
1688 2465 1770 2511 Hic

440 2559 447 2574 ¹
471 2555 568 2584 Marc.
591 2563 656 2593 xvr,
686 2564 791 2594 19.—-
818 2559 829 2575 ²
850 2553 928 2584 Psal.
956 2565 1037 2592 an,
1061 2553 1090 2584 S.
