1889 3285
0 1501 1 1505 Α
0 1429 11 1474 ..ε-τ

298 222 539 251 ENARRATIO
571 224 586 249 1
616 222 664 249 m
694 221 898 250 PsALMUM.
928 220 1036 258 LXX,
1070 218 1208 248 SERMO
1239 219 1270 245 1.
1394 205 1477 244 375

103 303 159 333 ne
194 302 295 332 cum
318 287 462 342 saevit,
503 285 691 330 adducat
722 286 777 330 ad
797 285 1147 341 consensionem,
1179 298 1235 328 ne
1255 297 1356 328 cum
1375 282 1482 326 insi-

103 358 272 413 diatur,
300 356 555 418 persuadeat
576 356 865 416 iniquitatem.
896 374 914 397 «
940 359 1003 400 De
1034 369 1169 399 manu
1191 358 1350 412 Legem
1363 368 1480 412 prae-

106 449 126 470 »
160 428 370 472 tereuntis
404 436 447 470 et
477 427 633 486 iniqui.
665 446 683 467 »
708 426 940 485 Responde
976 425 1066 469 illi:
1103 423 1219 478 Quid
1246 433 1289 467 te
1325 423 1483 482 quaeris

99 497 274 542 liberari
290 497 345 541 de
365 512 499 540 manu
522 499 682 555 Legem
704 495 1004 554 praetereuntis
1020 503 1063 537 et
1083 493 1250 553 iniqui?
1267 492 1365 537 Noli
1382 508 1486 536 con-

99 568 257 613 sentire
277 589 288 624 3
309 568 384 611 sed
406 568 440 611 si
471 567 589 610 saevit
596 602 612 622 ,
636 567 803 625 patiens
826 575 938 620 esto,
964 564 1115 609 tolera.
1144 564 1229 608 Sed
1252 563 1348 623 quis
1369 562 1482 607 tole-

98 647 187 693 rat,
212 638 247 681 si
263 638 433 681 deserat
446 636 520 680 ille
540 636 617 696 qui
635 637 684 679 fit
701 635 822 679 locus
838 635 1212 686 munitus?Quare
1234 647 1335 690 ergo
1357 632 1478 677 dico:

103 726 122 749 «
157 708 312 752 Libera
340 722 410 751 me
432 706 487 750 de
518 722 654 750 manu
684 709 843 764 Legem
870 703 1169 765 praetereuntis
1191 711 1234 747 et
1254 702 1426 762 iniqui?
1460 723 1478 744 »

99 778 210 832 Quia
241 793 332 822 non
353 786 417 822 est
437 777 483 820 in
503 792 574 820 me
596 786 646 820 ut
665 776 834 836 patiens
864 776 966 831 sim,
991 773 1067 819 sed
1098 773 1145 818 in
1172 781 1215 817 te
1248 773 1326 833 qui
1347 773 1484 817 donas

97 848 366 908 patientiam.

157 920 256 962 VII.
284 917 482 977 Denique
504 916 702 974 sequitur
721 931 856 976 quare
872 915 956 960 hoc
979 913 1077 959 dico
1098 934 1107 959 :
1137 932 1154 954 «
1178 913 1410 969 Quoniam,
1435 922 1485 957 tu

103 1007 123 1030 »
158 1003 202 1032 es
231 988 440 1047 patientia
462 1003 573 1031 mea.
604 1007 622 1028 »
648 989 745 1030 Jam
772 987 805 1030 si
825 985 1033 1045 patientia
1048 1019 1059 1039 ,
1084 994 1200 1028 recte
1218 993 1261 1027 et
1277 983 1399 1043 quod
1419 998 1486 1027 se-

98 1059 274 1118 quitur,
312 1075 330 1097 «
357 1058 570 1111 Domine,
601 1071 696 1115 spes
729 1071 825 1099 mea
853 1071 876 1098 a
904 1057 1136 1114 juventute
1167 1055 1303 1097 mea¹.
1334 1073 1352 1094 »
1384 1052 1489 1097 Ideo

98 1127 307 1188 patientia
329 1142 448 1182 mea,
475 1127 578 1186 quia
601 1141 695 1185 spes
716 1141 811 1168 mea
838 1144 846 1169 :
873 1141 927 1168 an
950 1124 1095 1183 potius
1116 1123 1214 1167 ideo
1237 1138 1332 1182 spes
1359 1139 1454 1167 mea
1471 1158 1482 1179 ,

98 1198 202 1258 quia
223 1198 432 1256 patientia
455 1198 580 1240 mea?
605 1214 622 1235 «
653 1194 916 1245 Tribulafflo,
953 1195 1012 1238 ait
1033 1194 1288 1254 Apostolus,
1312 1195 1486 1254 patien-

103 1285 125 1310 ›>
157 1267 263 1311 tiam
288 1275 493 1325 operatur
508 1300 518 1319 ,
543 1265 750 1323 patientia
770 1265 1098 1323 probationem,
1118 1263 1318 1323 probatio
1341 1273 1486 1308 autem

103 1356 123 1378 s>
157 1353 277 1396 spem
296 1372 306 1391 ,
335 1351 430 1396 spes
462 1351 566 1380 vero
603 1350 692 1378 non
732 1333 1007 1378 confundit2.
1038 1354 1055 1375 »
1082 1334 1238 1378 Merito
1251 1335 1304 1381 <in
1326 1343 1368 1378 te
1390 1350 1488 1394 spe-

98 1407 214 1462 ravi,
252 1407 458 1460 Domine,
494 1421 584 1449 nou
623 1403 869 1449 conlundar
890 1404 936 1448 in
957 1413 1186 1448 aeternum.
1228 1423 1245 1445 «
1272 1405 1483 1460 Domine,

102 1498 122 1520 »
156 1493 251 1537 spes
268 1493 363 1521 mea
386 1493 410 1520 a
422 1478 655 1536 juventute
677 1491 786 1519 mea.
805 1495 822 1517 »
836 1479 874 1519 A
887 1477 1120 1535 juventute
1141 1484 1232 1529 tua,
1257 1478 1371 1519 Deus
1391 1491 1487 1535 spes

97 1550 204 1593 tua?
225 1550 380 1593 Nonne
405 1557 448 1591 et
471 1564 491 1590 a
515 1547 700 1606 pueritia
721 1556 797 1590 tua
813 1581 822 1595 ,
848 1555 891 1590 et
915 1546 969 1589 ab
990 1545 1173 1589 infantia
1194 1548 1303 1590 tua?
1325 1546 1482 1602 Plane,

97 1619 256 1679 inquit.
294 1621 404 1663 Nam
439 1617 540 1661 vide
567 1616 674 1677 quid
712 1617 908 1676 sequitur
925 1651 935 1670 ‚
960 1631 1016 1659 ne
1037 1616 1121 1660 hoc
1142 1625 1317 1674 putares
1337 1617 1395 1660 ita
1415 1632 1487 1660 me

99 1688 253 1732 dixisse
281 1707 290 1732 :
318 1706 335 1727 «
373 1690 476 1746 Spes
498 1702 593 1729 mea
617 1702 640 1730 a
658 1687 892 1745 juventute
913 1700 1008 1728 mea
1025 1719 1036 1739 ,
1065 1704 1082 1726 »
1109 1686 1231 1744 quasi
1251 1685 1358 1729 nihil
1382 1702 1486 1745 pro-

98 1757 231 1802 fuerit
253 1761 367 1802 Deus
388 1756 584 1800 infantiae
606 1756 675 1800 vel
694 1755 894 1815 pueritiae
914 1771 1051 1806 meae3
1077 1754 1179 1799 audi
1201 1756 1322 1815 quod
1339 1757 1487 1816 sequi-

100 1837 172 1871 tur
194 1847 204 1872 ;
235 1846 251 1867 «
286 1830 339 1870 In
360 1836 404 1870 te
433 1826 713 1869 confirmatus
736 1841 831 1868 sum
865 1840 915 1868 ex
937 1834 1077 1868 utero.
1109 1845 1126 1866 »
1167 1824 1283 1869 Audi
1308 1825 1451 1870 adhuc
1474 1846 1484 1871 ε

105 1915 126 1939 ιι
159 1899 222 1941 De
249 1904 401 1940 ventre
431 1896 578 1939 matris
600 1910 707 1938 meae
728 1903 778 1938 tu
799 1909 842 1937 es
863 1903 1083 1954 protector
1103 1895 1267 1938 meus3.
1296 1912 1316 1936 ·1›
1343 1897 1488 1948 Quare

101 1982 228 2025 ergo,
258 1984 276 2006 ε(
306 1969 344 2009 Α
370 1966 602 2025 juventute
636 1980 732 2009 mea
750 2001 761 2020 ,
791 1985 809 2007 »
835 1966 917 2009 nisi
947 1980 998 2008 ex
1017 1981 1105 2025 quo
1127 1966 1173 2008 in
1196 1974 1237 2009 te
1259 1966 1375 2025 coepi
1397 1982 1491 2025 spe-

101 2038 226 2081 rare?
249 2039 362 2080 Ante
390 2036 507 2079 enim
543 2051 633 2080 non
654 2036 701 2079 in
722 2045 766 2080 te
788 2036 1015 2095 sperabam
1030 2071 1045 2092 ,
1070 2035 1267 2095 quamvis
1288 2045 1338 2079 tu
1360 2035 1492 2080 fueris

102 2115 323 2167 protector
362 2120 507 2160 meus,
549 2106 625 2166 qui
661 2121 731 2149 me
766 2105 934 2149 salvum
956 2104 1195 2165 perduxisti
1218 2105 1273 2149 ad
1293 2115 1486 2166 tempus,

102 2192 193 2236 quo
213 2176 260 2220 in
276 2185 319 2219 te
338 2175 548 2220 discerem
570 2191 755 2235 sperare.
781 2180 818 2221 Α
833 2178 1065 2236 juventute
1088 2185 1232 2220 autem
1259 2193 1357 2221 mea
1376 2178 1492 2237 coepi

102 2247 150 2290 in
170 2255 214 2290 te
244 2260 414 2304 sperare
429 2281 440 2300 ,
466 2262 516 2289 ex
548 2261 637 2305 quo
657 2261 728 2289 me
751 2246 954 2290 adversus
977 2245 1202 2291 diabolum
1221 2247 1416 2302 armasti,
1438 2257 1488 2291 ut

103 2317 150 2360 in
180 2316 409 2375 procinctu
437 2317 648 2360 exercitus
678 2317 744 2360 tui
784 2326 973 2361 armatus
997 2316 1084 2360 fide
1120 2326 1217 2372 tua,
1252 2318 1483 2372 charitate,

104 2401 193 2445 spe,
215 2385 467 2445 eaeterisque
490 2387 614 2430 donis
634 2388 718 2431 tuis
736 2387 1013 2444 confligerem
1032 2386 1235 2431 adversus
1250 2387 1486 2431 invisibiles

105 2457 299 2500 inimicos
322 2465 441 2510 tuos,
468 2456 750 2517 audiremque
773 2457 826 2501 ab
849 2456 1058 2516 Apostolo
1073 2494 1083 2513 ,
1115 2478 1131 2497 e<
1158 2461 1255 2504 Non
1278 2468 1341 2502 est
1362 2457 1485 2501 nobis

154 2547 162 2562 ¹
181 2540 262 2572 Psal.
283 2551 356 2582 Lxx,
377 2551 407 2581 7.
429 2557 469 2562 —-
490 2547 503 2562 2
529 2543 618 2572 Bom.
639 2552 673 2582 v,
692 2541 722 2572 3.
743 2558 783 2562 —-
806 2540 818 2562 3
836 2541 915 2572 Psal.
932 2552 1003 2580 Lxx,
1019 2543 1051 2572 (5.
