1889 3285
377 190 459 226 512
806 199 839 225 s.
876 197 1108 226 AUGUSTIM
1141 199 1324 226 Emscom

379 284 397 304 n
434 273 527 307 tum
549 262 596 305 in
623 270 764 305 vestro
785 261 959 305 mortali
983 277 1180 321 corpore.
1205 280 1225 304 »
1252 261 1369 315 Quid
1391 271 1470 317 est,
1494 281 1514 305 «
1539 265 1639 309 Non
1661 279 1763 322 reg-

377 352 397 374 »
432 334 539 377 net?
563 351 583 373 »
612 335 708 392 Ipse
731 332 929 392 exposuit
955 351 964 376 :
994 351 1015 374 «
1042 331 1111 377 Ad
1137 331 1450 388 obediendum,
1475 332 1634 393 inquit,
1660 332 1768 378 desi-

376 421 397 444 »
432 402 561 446 deriis
587 403 677 462 ejus
694 404 724 445 ¹.
758 420 779 443 »
802 405 913 447 Sunt
941 400 1169 457 desideria,
1197 402 1390 447 existunt
1411 401 1652 461 desideria;
1675 418 1769 448 non

375 482 424 517 tu
447 473 631 517 obaudis
649 471 872 517 desideriis
886 473 988 528 tuis,
1005 487 1096 517 non
1107 473 1298 532 sequeris
1319 472 1409 531 ipsa
1432 471 1661 528 desideria,
1677 488 1770 517 non

373 542 458 587 illis
489 544 704 588 consentis
739 562 749 588 :
779 552 844 587 est
872 542 954 587 tibi
975 551 1204 603 peccatum
1222 576 1233 597 ‚
1270 540 1348 585 sed
1378 541 1521 586 amisit
1553 557 1764 600 regnum,

374 613 552 675 quando
570 615 661 675 jam
680 614 728 658 in
751 623 796 658 tc
814 629 904 658 non
929 622 1084 673 regnat
1102 621 1350 673 peccatum,
1380 615 1570 657 «Postea
1591 612 1770 657 inimica

377 703 398 726 »
432 684 665 729 novissima
697 682 947 728 destruetur
978 686 1136 728 mors2.
1162 701 1183 724 »
1222 681 1336 735 Quid
1363 682 1481 726 enim
1509 681 1636 727 nobis
1663 697 1770 742 pro-

374 754 589 810 mittitur,
624 753 834 815 quoniam
863 752 1029 798 dictum
1065 760 1129 796 est
1153 770 1163 796 z
1191 754 1339 797 Mente
1369 752 1507 797 servio
1548 750 1633 810 legi
1660 751 1764 808 Dei,

375 840 504 870 carne
522 833 669 870 autern
689 824 775 883 legi
796 823 964 884 peccati
977 824 1026 867 ³?
1050 821 1167 867 Audi
1183 821 1527 881 promissionem,
1558 822 1661 882 quia
1677 837 1770 867 non

374 912 544 957 semper
565 905 695 940 erunt
713 896 759 940 in
785 900 915 940 carne
937 893 1148 939 desideria
1167 892 1332 937 illicita.
1359 892 1535 937 Etenim
1556 900 1768 951 resurget,

375 977 418 1012 et
441 967 709 1024 mutabitur,
739 975 782 1011 et
803 980 905 1011 cum
932 973 1101 1009 mutata
1126 962 1259 1008 fuerit
1278 979 1377 1008 caro
1408 964 1488 1008 ista
1511 963 1706 1008 mortalis
1725 964 1772 1007 in

376 1039 570 1098 spiritale
594 1054 751 1099 corpus
767 1074 778 1094 ,
807 1039 898 1098 jam
920 1036 1052 1081 nullis
1085 1035 1450 1095 concupiscentiis
1470 1034 1769 1089 saecularibus,

372 1111 465 1169 jam
485 1110 617 1154 nullis
638 1109 821 1155 terrenis
844 1107 1208 1153 delectationibus
1229 1105 1426 1151 titillabit
1453 1107 1659 1161 animam,
1690 1121 1772 1150 nec

376 1188 542 1224 avertet
565 1194 588 1222 a
609 1179 980 1237 contemplatione
1002 1178 1095 1220 Dei.
1133 1177 1206 1218 Fit
1232 1192 1336 1233 ergo
1357 1177 1404 1217 in
1428 1190 1480 1218 eo
1509 1176 1632 1234 quod
1665 1175 1772 1219 dicit

376 1249 611 1310 Apostolus
639 1268 681 1294 2«
714 1250 883 1308 Corpus
906 1245 1086 1307 quidem
1108 1254 1336 1289 mortuum
1358 1253 1437 1300 est,
1463 1254 1644 1304 propter
1665 1260 1771 1305 pec-

381 1340 398 1362 »
434 1329 581 1365 catum
607 1338 616 1364 :
642 1318 816 1378 spiritus
851 1326 996 1361 autem
1031 1317 1118 1360 vita
1149 1325 1214 1360 est
1247 1324 1426 1375 propter
1451 1316 1678 1375 justitiam.
1728 1316 1771 1361 Si

379 1409 400 1433 »
436 1400 582 1436 autem
604 1390 681 1450 qui
703 1388 925 1433 suscitavit
941 1390 965 1432 J
970 1402 1091 1431 esum
1109 1403 1133 1431 a
1149 1386 1348 1442 mortuis,
1373 1386 1544 1431 habitat
1564 1386 1612 1430 in
1628 1386 1769 1444 vobis,

380 1479 400 1502 »
436 1461 513 1521 qui
534 1459 756 1505 suscitavit
778 1461 927 1503 Jesum
954 1457 1178 1502 Christum
1205 1472 1229 1500 a
1247 1456 1448 1511 mortuis,
1472 1456 1712 1501 vivificabit
1728 1464 1772 1500 et

381 1550 401 1573 »
437 1530 635 1576 mortalia
666 1544 848 1588 corpora
883 1536 1041 1582 vestra,
1077 1535 1256 1586 propter
1297 1526 1504 1585 Spiritum
1537 1541 1666 1570 suum
1694 1526 1772 1586 qui

379 1620 400 1642 ³>
435 1601 607 1644 habitat
627 1600 672 1643 in
693 1599 818 1644 vobis
835 1600 866 1641 4.
896 1618 914 1639 »
943 1598 1178 1642 Vivificatis
1202 1611 1303 1654 ergo
1325 1596 1585 1656 corporibus.
1596 1596 1768 1652 nostris,

378 1671 460 1714 erit
481 1686 563 1730 pax
583 1685 700 1723 vera,
729 1669 808 1712 ubi
826 1668 949 1712 locus
979 1677 1044 1712 est
1065 1667 1142 1712 Dei
1166 1685 1174 1711 ε
1201 1666 1277 1711 sed
1299 1665 1518 1726 praecedat
1534 1665 1766 1712 confessio.

382 1761 401 1783 «
436 1744 573 1786 Notus
600 1740 647 1784 in
681 1738 835 1783 Judaea
872 1741 1018 1783 Deus:
1045 1756 1064 1779 >1
1107 1738 1327 1783 Confitere
1361 1753 1462 1796 ergo
1496 1738 1631 1797 prius.
1672 1757 1693 1781 «
1718 1741 1772 1782 In

383 1832 401 1853 »
438 1810 572 1855 Israe'l
592 1825 801 1869 magnum
833 1824 996 1854 nomen
1024 1809 1115 1868 ejus
1142 1827 1151 1853 :
1178 1825 1199 1849 »
1234 1807 1433 1852 nondum
1455 1808 1575 1853 vides
1603 1808 1650 1852 in
1680 1823 1771 1868 spe-

377 1883 457 1937 cie⁷
481 1880 582 1926 vide
604 1896 656 1924 ex
682 1879 792 1937 fide3
819 1888 862 1923 et
882 1879 959 1923 flet
978 1879 1025 1923 in
1047 1887 1089 1922 te
1111 1876 1233 1938 quod
1254 1878 1451 1938 sequitur
1476 1898 1485 1923 ε
1511 1898 1532 1921 «
1552 1881 1610 1924 Et
1630 1878 1771 1921 factus

381 1971 401 1993 »
437 1960 500 1995 est
520 1951 567 1994 in
589 1965 695 2010 pace
716 1950 837 1994 locus
856 1950 965 2009 ejus,
990 1957 1032 1992 et
1053 1949 1265 1994 habitatio
1287 1950 1378 2009 ejus
1400 1950 1446 1991 in
1473 1947 1591 1992 Sion.
1615 1965 1635 1989 »
1665 1947 1770 1993 Sion

376 2022 687 2081 interpretatur
739 2019 1079 2079 Contemplatio.
1131 2018 1246 2072 Quid
1304 2024 1368 2060 est
1426 2016 1770 2077 contemplatio?

377 2091 786 2151 Contemplabimur
807 2090 924 2134 enim
947 2093 1086 2134 Deum
1111 2086 1220 2130 facie
1240 2084 1294 2130 ad
1315 2084 1469 2130 faciem
1483 2089 1514 2130 ⁵.
1544 2087 1626 2132 Hic
1642 2088 1769 2133 nobis

377 2162 670 2222 promittitur,
694 2163 740 2206 in
757 2176 888 2222 quem
910 2155 1042 2201 modo
1063 2172 1152 2201 non
1175 2155 1372 2201 videntes
1390 2157 1621 2202 credimus.
1644 2161 1768 2212 Quo-

376 2233 510 2278 modo
532 2233 814 2291 gaudebimus
836 2244 938 2274 cum
957 2227 1194 2273 viderimus
1212 2229 1343 2272 eum?
1360 2231 1531 2273 Fratres
1546 2263 1558 2283 ,
1583 2228 1618 2273 si
1634 2229 1768 2276 modo

376 2313 550 2350 tantum
572 2302 780 2360 gaudium
802 2301 847 2344 in
881 2299 1007 2344 nobis
1044 2296 1148 2343 facit
1179 2298 1430 2358 promissio,
1464 2309 1682 2359 quantum
1703 2309 1767 2346 est

376 2375 547 2420 factura
569 2371 787 2417 redditio?
805 2368 1033 2416 Reddetur
1055 2368 1170 2412 enirn
1193 2368 1320 2414 nobis
1337 2369 1460 2430 quod
1480 2371 1692 2429 promisit.
1708 2374 1766 2417 Et

424 2478 433 2494 ¹
455 2473 547 2504 Rom.
567 2481 628 2511 vt,
661 2477 712 2501 12.
732 2484 776 2492 —
795 2474 808 2491 ²
830 2478 843 2500 1
867 2469 943 2501 Cor.
961 2476 1025 2508 xv,
1053 2464 1109 2498 26.
1136 2481 1179 2489 —
1204 2463 1218 2489 3
1240 2467 1332 2499 Rom.
1356 2476 1424 2509 vu,
1454 2466 1505 2500 15.
1528 2483 1570 2492 —-
1591 2465 1671 2502 41d.
1691 2479 1764 2511 viu,

382 2538 431 2568 10,
451 2539 501 2559 11.
517 2544 558 2550 -
577 2525 592 2550 5
613 2538 624 2558 1
643 2527 715 2559 Cor.
736 2535 803 2567 xm,
832 2531 883 2556 12.
