1889 3285
401 247 454 282 52
823 254 854 282 S.
893 255 1122 284 Accus'rim
1158 256 1338 282 El‘vcorl

399 335 496 362 rum
527 318 683 361 malam
713 319 841 362 vitam
861 355 870 373 ,
898 321 1015 379 prius
1037 336 1168 379 quam
1191 320 1329 378 pariat
1351 317 1501 361 eadem
1533 317 1620 361 vita
1648 317 1783 360 niani-

397 389 528 431 festos
551 389 592 429 in
617 389 701 430 tine
723 390 960 445 cruciatus3
992 390 1067 433 sed
1090 390 1133 432 in
1158 390 1217 432 ira
1246 389 1318 432 Dei
1342 385 1532 431 occultat
1551 388 1782 429 rhamnum

397 457 506 514 ignis
530 457 622 500 iste.
649 460 744 501 Non
771 459 885 501 enini
916 474 1046 518 parva
1071 473 1200 517 poena
1223 466 1286 501 cst
1309 456 1429 516 quod
1450 455 1583 500 modo
1606 471 1697 499 non
1717 456 1784 499 vi-

399 525 505 570 dent
520 526 670 580 solem,
688 543 767 570 nec
784 529 925 587 spinas
943 542 1174 587 poenarum
1188 523 1374 571 credunt
1392 542 1442 569 ex
1465 527 1545 569 hac
1562 526 1650 569 vita
1672 524 1785 568 mala

399 596 481 640 sibi
503 606 648 656 postea
661 611 945 655 processuras.
973 600 1059 642 Vos
1081 598 1213 651 enim,
1242 596 1400 656 inquit,
1427 597 1635 639 rhamnus
1657 594 1783 650 estis;

401 682 532 726 quem
556 668 786 711 rhamnum
803 702 813 722 ‚
839 668 885 711 id
906 677 991 722 est,
1016 683 1092 711 vos
1110 667 1246 726 ipsos,
1270 667 1464 711 viventes
1474 701 1490 721 ,
1514 665 1560 709 id
1589 674 1680 719 est,
1706 664 1785 708 ad-

399 737 487 782 huc
513 737 558 780 in
581 738 660 781 hac
678 738 765 781 vita
788 738 1044 782 constitutos
1062 772 1073 792 ‚
1094 738 1212 797 prius
1230 753 1361 797 quam
1383 737 1429 780 in
1452 735 1602 780 futuro
1619 734 1785 796 judicio

399 806 542 866 spinas
563 822 794 866 poenarum
814 817 1051 852 vestrarum
1074 807 1320 852 manifestas
1344 805 1579 866 producat,
1601 821 1719 849 nunc
1741 805 1786 848 in

399 875 460 920 ira
483 876 719 932 combibit,
747 876 793 921 id
815 887 905 933 est,
936 878 1059 938 quasi
1082 876 1357 922 absorbendo
1379 892 1586 937 apparere
1608 892 1697 920 non
1726 875 1785 919 si-

399 947 479 991 nit.
507 948 585 991 Hic
608 948 754 1007 itaque
777 947 884 992 ordo
911 949 1147 992 verborum
1167 983 1178 1003 ‚
1211 956 1427 1007 quantum
1455 956 1584 1006 puto,
1615 945 1786 1005 planius

398 1018 456 1061 ita
486 1018 729 1062 contexitur
754 1037 762 1062 :
793 1037 811 1059 «
831 1018 1126 1078 Supercecidit
1153 1018 1264 1077 ignis
1280 1052 1290 1072 ,
1321 1027 1363 1061 et
1381 1033 1470 1061 non
1492 1017 1698 1061 viderunt
1719 1032 1788 1061 εο-

401 1107 421 1130 »
455 1087 541 1131 lem
568 1107 578 1134 :
606 1109 620 1129 »
657 1089 733 1147 qui
754 1089 862 1146 ignis
889 1092 1150 1149 «Tanquam
1171 1089 1217 1131 in
1247 1089 1330 1143 ira,
1362 1097 1573 1148 tanquam
1595 1088 1788 1131 viventes

400 1176 421 1200 »
456 1173 531 1203 vos
564 1159 794 1203 rhamnum
824 1160 1059 1215 combibit,
1089 1160 1208 1218 prius
1237 1174 1369 1219 quam
1401 1157 1616 1218 producat
1647 1158 1788 1217 spinas

401 1245 422 1269 »
458 1237 616 1272 vestras
642 1248 649 1273 :
679 1247 698 1269 n
734 1228 778 1272 id
816 1239 900 1284 est,
932 1245 1007 1273 vos
1036 1229 1149 1288 ipsos
1186 1245 1295 1288 quos
1327 1229 1560 1272 rhamnum
1590 1227 1784 1282 invenit,

399 1299 612 1343 combibit
663 1309 762 1343 ante
803 1309 987 1344 mortem
1011 1334 1021 1354 ‚
1068 1299 1187 1359 prius
1241 1314 1370 1359 quam
1416 1297 1532 1342 idem
1575 1299 1784 1342 rhamnus

399 1371 541 1430 spinas
571 1380 729 1414 vestras
766 1381 863 1431 post
889 1380 1073 1415 mortem
1103 1371 1147 1413 in
1179 1369 1252 1414 illa
1285 1368 1447 1430 poenali
1475 1370 1788 1420 resurrectione

397 1440 625 1501 producat.
647 1443 789 1495 Quare
807 1450 951 1485 autem
968 1456 1058 1484 non
1076 1439 1183 1484 dixit
1199 1441 1411 1496 viventes,
1435 1439 1512 1484 sed
1535 1442 1788 1501 «Tanquam

401 1529 422 1553 »
457 1512 675 1566 viventes,
702 1533 719 1554 »
755 1513 834 1556 nisi
855 1513 956 1573 quia
978 1511 1082 1555 falsa
1107 1521 1169 1555 est
1191 1512 1284 1555 haec
1306 1512 1394 1555 vita
1416 1511 1652 1570 impiorum
1662 1514 1679 1553 ’ἶ
1700 1514 1788 1556 Ne·

399 1597 486 1641 que
509 1583 624 1624 enim
641 1583 815 1635 vivunt,
837 1583 911 1626 sed
937 1583 1080 1626 vivere
1098 1582 1179 1624 sibi
1200 1581 1419 1625 videntnr.
1440 1585 1496 1625 Et
1517 1598 1651 1642 quare
1674 1597 1784 1636 non,

399 1652 446 1696 in
469 1652 528 1695 ira
551 1687 561 1707 ‚
596 1652 672 1696 sed
696 1656 953 1712 «Tanquam
977 1653 1021 1696 in
1043 1653 1104 1696 ira
1120 1687 1131 1707 ,
1147 1671 1166 1693 1)
1196 1653 1275 1696 nisi
1299 1653 1400 1713 quia
1418 1653 1681 1713 tranquillus
1705 1654 1788 1698 hoc

399 1722 502 1767 facit
528 1724 667 1766 Deus?
703 1725 810 1767 Nam
839 1732 881 1766 et
912 1723 996 1767 hoc
1020 1723 1230 1782 scriptum
1256 1733 1318 1767 est
1346 1743 1354 1767 ;
1386 1727 1487 1767 «Tu
1505 1732 1651 1767 autem
1668 1759 1678 1778 ,
1707 1727 1788 1768 Do-

403 1810 426 1834 »
461 1793 577 1836 mine
597 1793 830 1848 virtutum,
856 1808 956 1837 cum
981 1793 1293 1852 tranquillitate
1311 1792 1480 1854 judicas
1498 1796 1561 1837 ¹.»
1586 1793 1663 1837 llle
1685 1809 1788 1853 ergo

399 1871 443 1906 et
464 1878 564 1906 cum
588 1863 791 1917 minatur,
817 1878 906 1907 non
935 1863 1145 1907 irascitur.
1172 1866 1323 1923 Neque
1347 1863 1461 1906 enim
1485 1863 1782 1923 perturbatur,

398 1931 475 1977 sed
497 1941 705 1992 tanquam
722 1933 932 1986 irascitur,
959 1932 1061 1992 quia
1084 1933 1211 1991 punit
1225 1942 1268 1976 et
1289 1932 1494 1977 vindicat.
1517 1935 1575 1976 Et
1594 1934 1669 1993 qui
1691 1949 1788 1977 cor-

399 2003 481 2062 rigi
511 2002 688 2057 nolunt,
721 2012 928 2064 tanquam
950 2004 1126 2057 vivunt,
1160 2003 1235 2048 sed
1266 2020 1356 2048 non
1384 2004 1554 2048 vivunt.
1581 2004 1787 2049 Vindicta

400 2074 516 2117 enim
541 2074 666 2132 primi
689 2074 868 2133 peccati,
890 2084 932 2118 et
954 2089 1103 2118 eorum
1121 2090 1219 2134 quae
1242 2073 1522 2129 addiderunt,
1539 2085 1688 2119 manet
1710 2091 1786 2119 su-

398 2158 478 2202 per
495 2158 565 2187 eos
588 2163 596 2187 :
618 2144 765 2202 etipsa
783 2153 962 2188 vocatur
983 2144 1044 2187 ira
1063 2144 1162 2198 Dei,
1185 2144 1286 2203 quia
1308 2145 1362 2187 de
1373 2143 1538 2203 judicio
1558 2145 1633 2188 Dei
1646 2145 1782 2190 venit.

400 2213 527 2259 [nde
548 2214 756 2259 Dominus
780 2215 834 2259 de
857 2231 943 2260 non
967 2215 1171 2260 credente
1195 2215 1255 2259 ait
1281 2235 1288 2259 :
1321 2234 1336 2255 «
1353 2216 1437 2260 Sed
1454 2216 1516 2260 ira
1540 2217 1617 2260 Dei
1639 2227 1787 2262 manet

402 2303 424 2327 »
458 2301 586 2345 super
609 2290 748 2329 eum'2.
775 2305 793 2327 η
835 2288 947 2331 Cum
979 2287 1040 2330 ira
1071 2287 1185 2330 enim
1211 2287 1287 2330 Dei
1311 2285 1514 2331 mortales
1549 2289 1780 2332 nascimur.

399 2354 524 2399 Unde
546 2354 648 2399 dicit
670 2356 900 2415 Apostolus
928 2376 935 2400 :
961 2375 980 2398 «
1006 2357 1186 2400 Fuimus
1210 2365 1253 2400 et
1270 2372 1347 2400 nos
1370 2357 1603 2417 aliquando
1630 2367 1785 2402 natura

401 2443 423 2466 »
457 2424 534 2469 filii
554 2425 628 2469 irae
644 2461 654 2480 ‚
676 2427 785 2470 sicut
802 2436 844 2470 et
862 2427 1005 2470 caeteri
1020 2428 1051 2469 ³.
1077 2446 1096 2467 »
1123 2426 1237 2479 Quid
1261 2436 1351 2481 est,
1379 2437 1532 2471 natura
1555 2427 1631 2471 filii
1649 2429 1739 2484 irae,
1761 2448 1779 2470 »

398 2495 479 2539 nisi
503 2495 602 2554 quia
633 2505 854 2555 portamus
882 2497 1107 2541 nobiscum
1132 2512 1307 2555 poenam
1331 2498 1457 2556 primi
1481 2499 1671 2557 peccati?
1696 2498 1779 2544 Sed
1842 2520 1843 2560 j

450 2599 458 2614 ¹
478 2595 627 2633 53111111,
652 2596 688 2623 18
724 2611 760 2613 -
783 2600 792 2614 '1
809 2596 897 2624 ι10111.
916 2605 960 2633 iu,
982 2593 1032 2624 345,
1057 2611 1094 2615 ·—
1118 2592 1322 2635 31·11·!w.<.11,
1346 2595 1374 2625 3.

1855 1693 1857 1711 l

1854 1763 1856 1772 >

1854 1785 1855 1805 1

1852 1837 1855 1869 i

1852 1873 1855 1892 ι

1852 1908 1854 1924 Ι

1851 1935 1853 1972 ἔ

1850 2046 1852 2062 l
