<?xml version="1.0" encoding="UTF-8"?>
<!DOCTYPE html PUBLIC "-//W3C//DTD XHTML 1.0 Transitional//EN"
    "http://www.w3.org/TR/xhtml1/DTD/xhtml1-transitional.dtd">
<html xmlns="http://www.w3.org/1999/xhtml" xml:lang="en" lang="en">
 <head>
  <title>
</title>
<meta http-equiv="Content-Type" content="text/html;charset=utf-8" />
  <meta name='ocr-system' content='tesseract 3.04.00' />
  <meta name='ocr-capabilities' content='ocr_page ocr_carea ocr_par ocr_line ocrx_word'/>
</head>
<body>
  <div class='ocr_page' id='page_1' title='image "./operaomniaaccura09auguuoft_0135.png"; bbox 0 0 1889 3285; ppageno 0'>
   <div class='ocr_carea' id='block_1_1' title="bbox 401 224 1427 262">
    <p class='ocr_par' dir='ltr' id='par_1_1' title="bbox 401 224 1427 262">
     <span class='ocr_line' id='line_1_1' title="bbox 401 224 1427 262; baseline 0.002 -3"><span class='ocrx_word' id='word_1_1' title='bbox 401 231 639 260; x_wconf 65' lang='lat' dir='ltr'>ENARRATio</span> <span class='ocrx_word' id='word_1_2' title='bbox 672 234 716 260; x_wconf 81' lang='lat' dir='ltr'>IN</span> <span class='ocrx_word' id='word_1_3' title='bbox 750 232 952 261; x_wconf 75' lang='lat' dir='ltr'>PsALMUM</span> <span class='ocrx_word' id='word_1_4' title='bbox 984 235 1072 261; x_wconf 76' lang='lat' dir='ltr'>in.</span> <span class='ocrx_word' id='word_1_5' title='bbox 1346 224 1427 262; x_wconf 82' lang='lat'>1-25</span> 
     </span>
    </p>
   </div>
   <div class='ocr_carea' id='block_1_2' title="bbox 0 296 1439 2544">
    <p class='ocr_par' dir='ltr' id='par_1_2' title="bbox 50 296 1430 429">
     <span class='ocr_line' id='line_1_2' title="bbox 50 296 1430 358; baseline 0.001 -18"><span class='ocrx_word' id='word_1_6' title='bbox 50 296 132 340; x_wconf 78' lang='lat' dir='ltr'>iltis</span> <span class='ocrx_word' id='word_1_7' title='bbox 164 296 336 352; x_wconf 75' lang='lat' dir='ltr'>meiius,</span> <span class='ocrx_word' id='word_1_8' title='bbox 363 297 470 357; x_wconf 75' lang='lat' dir='ltr'>quid</span> <span class='ocrx_word' id='word_1_9' title='bbox 500 297 671 353; x_wconf 80' lang='lat' dir='ltr'>utilius,</span> <span class='ocrx_word' id='word_1_10' title='bbox 697 314 826 358; x_wconf 81' lang='lat' dir='ltr'>quam</span> <span class='ocrx_word' id='word_1_11' title='bbox 849 308 898 343; x_wconf 90' lang='lat' dir='ltr'>ut</span> <span class='ocrx_word' id='word_1_12' title='bbox 919 299 1021 343; x_wconf 85' lang='lat' dir='ltr'>inde</span> <span class='ocrx_word' id='word_1_13' title='bbox 1043 298 1200 343; x_wconf 75' lang='lat' dir='ltr'>cadant</span> <span class='ocrx_word' id='word_1_14' title='bbox 1222 298 1296 342; x_wconf 83' lang='lat' dir='ltr'>ubi</span> <span class='ocrx_word' id='word_1_15' title='bbox 1317 299 1430 342; x_wconf 78' lang='lat' dir='ltr'>male</span> 
     </span>
     <span class='ocr_line' id='line_1_3' title="bbox 50 368 1430 429; baseline 0.001 -18"><span class='ocrx_word' id='word_1_16' title='bbox 50 371 195 412; x_wconf 75' lang='lat' dir='ltr'>stant?</span> <span class='ocrx_word' id='word_1_17' title='bbox 220 376 269 412; x_wconf 82' lang='lat' dir='ltr'>ut</span> <span class='ocrx_word' id='word_1_18' title='bbox 299 368 465 428; x_wconf 72' lang='lat' dir='ltr'>possint</span> <span class='ocrx_word' id='word_1_19' title='bbox 494 369 573 428; x_wconf 79' lang='lat' dir='ltr'>ipsi</span> <span class='ocrx_word' id='word_1_20' title='bbox 596 371 778 414; x_wconf 86' lang='lat' dir='ltr'>correcti</span> <span class='ocrx_word' id='word_1_21' title='bbox 812 370 982 415; x_wconf 84' lang='lat' dir='ltr'>dicere:</span> <span class='ocrx_word' id='word_1_22' title='bbox 1008 389 1027 412; x_wconf 85' lang='lat'>«</span> <span class='ocrx_word' id='word_1_23' title='bbox 1071 369 1264 414; x_wconf 81' lang='lat' dir='ltr'>Statuisti</span> <span class='ocrx_word' id='word_1_24' title='bbox 1300 370 1430 429; x_wconf 79' lang='lat' dir='ltr'>pedes</span> 
     </span>
    </p>

    <p class='ocr_par' dir='ltr' id='par_1_3' title="bbox 0 441 1439 2544">
     <span class='ocr_line' id='line_1_4' title="bbox 53 441 654 498; baseline -0.002 -18"><span class='ocrx_word' id='word_1_25' title='bbox 53 455 74 480; x_wconf 90' lang='lat'>»</span> <span class='ocrx_word' id='word_1_26' title='bbox 108 454 225 482; x_wconf 87' lang='lat' dir='ltr'>meos</span> <span class='ocrx_word' id='word_1_27' title='bbox 247 454 375 498; x_wconf 81' lang='lat' dir='ltr'>supra</span> <span class='ocrx_word' id='word_1_28' title='bbox 395 448 562 498; x_wconf 82' lang='lat' dir='ltr'>petram</span> <span class='ocrx_word' id='word_1_29' title='bbox 577 441 607 482; x_wconf 76' lang='lat'>¹.</span> <span class='ocrx_word' id='word_1_30' title='bbox 635 458 654 480; x_wconf 89' lang='lat'>»</span> 
     </span>
     <span class='ocr_line' id='line_1_5' title="bbox 107 510 1430 571; baseline 0.002 -19"><span class='ocrx_word' id='word_1_31' title='bbox 107 511 184 553; x_wconf 79' lang='lat' dir='ltr'>vl.</span> <span class='ocrx_word' id='word_1_32' title='bbox 213 528 232 551; x_wconf 93' lang='lat'>«</span> <span class='ocrx_word' id='word_1_33' title='bbox 259 512 569 553; x_wconf 80' lang='lat' dir='ltr'>Verumtamen</span> <span class='ocrx_word' id='word_1_34' title='bbox 583 510 884 569; x_wconf 74' lang='lat' dir='ltr'>cogitaverunt</span> <span class='ocrx_word' id='word_1_35' title='bbox 896 511 1107 571; x_wconf 81' lang='lat' dir='ltr'>honorem</span> <span class='ocrx_word' id='word_1_36' title='bbox 1122 525 1268 554; x_wconf 89' lang='lat' dir='ltr'>meum</span> <span class='ocrx_word' id='word_1_37' title='bbox 1287 511 1430 570; x_wconf 74' lang='lat' dir='ltr'>repel—</span> 
     </span>
     <span class='ocr_line' id='line_1_6' title="bbox 52 578 1431 639; baseline 0.003 -18"><span class='ocrx_word' id='word_1_38' title='bbox 52 597 72 621; x_wconf 90' lang='lat'>»</span> <span class='ocrx_word' id='word_1_39' title='bbox 107 578 211 623; x_wconf 81' lang='lat' dir='ltr'>lere.</span> <span class='ocrx_word' id='word_1_40' title='bbox 240 598 260 622; x_wconf 87' lang='lat'>»</span> <span class='ocrx_word' id='word_1_41' title='bbox 287 582 446 624; x_wconf 80' lang='lat' dir='ltr'><strong>Omnes</strong></span> <span class='ocrx_word' id='word_1_42' title='bbox 463 590 613 624; x_wconf 78' lang='lat' dir='ltr'>contra</span> <span class='ocrx_word' id='word_1_43' title='bbox 636 597 773 624; x_wconf 86' lang='lat' dir='ltr'>unum</span> <span class='ocrx_word' id='word_1_44' title='bbox 787 617 796 633; x_wconf 92' lang='lat'>‚</span> <span class='ocrx_word' id='word_1_45' title='bbox 814 597 869 625; x_wconf 85' lang='lat' dir='ltr'>an</span> <span class='ocrx_word' id='word_1_46' title='bbox 891 597 1003 625; x_wconf 77' lang='lat' dir='ltr'>unus</span> <span class='ocrx_word' id='word_1_47' title='bbox 1021 590 1169 625; x_wconf 83' lang='lat' dir='ltr'>contra</span> <span class='ocrx_word' id='word_1_48' title='bbox 1188 597 1360 639; x_wconf 78' lang='lat' dir='ltr'>omnes3</span> <span class='ocrx_word' id='word_1_49' title='bbox 1376 597 1431 625; x_wconf 84' lang='lat' dir='ltr'>an</span> 
     </span>
     <span class='ocr_line' id='line_1_7' title="bbox 51 652 1431 698; baseline 0.001 -4"><span class='ocrx_word' id='word_1_50' title='bbox 51 665 199 694; x_wconf 81' lang='lat' dir='ltr'>omnes</span> <span class='ocrx_word' id='word_1_51' title='bbox 221 659 370 694; x_wconf 78' lang='lat' dir='ltr'>contra</span> <span class='ocrx_word' id='word_1_52' title='bbox 393 666 540 694; x_wconf 86' lang='lat' dir='ltr'>omnes</span> <span class='ocrx_word' id='word_1_53' title='bbox 552 685 562 698; x_wconf 82' lang='lat'>,</span> <span class='ocrx_word' id='word_1_54' title='bbox 589 667 643 694; x_wconf 82' lang='lat' dir='ltr'>an</span> <span class='ocrx_word' id='word_1_55' title='bbox 660 667 771 694; x_wconf 82' lang='lat' dir='ltr'>unus</span> <span class='ocrx_word' id='word_1_56' title='bbox 787 661 937 696; x_wconf 76' lang='lat' dir='ltr'>contra</span> <span class='ocrx_word' id='word_1_57' title='bbox 955 654 1119 696; x_wconf 80' lang='lat' dir='ltr'>unum?</span> <span class='ocrx_word' id='word_1_58' title='bbox 1137 652 1313 695; x_wconf 78' lang='lat' dir='ltr'><strong>Interim</strong></span> <span class='ocrx_word' id='word_1_59' title='bbox 1331 667 1431 695; x_wconf 90' lang='lat' dir='ltr'>cum</span> 
     </span>
     <span class='ocr_line' id='line_1_8' title="bbox 50 720 1428 783; baseline 0.001 -18"><span class='ocrx_word' id='word_1_60' title='bbox 50 720 175 775; x_wconf 83' lang='lat' dir='ltr'>dicit,</span> <span class='ocrx_word' id='word_1_61' title='bbox 197 740 216 762; x_wconf 87' lang='lat'>«</span> <span class='ocrx_word' id='word_1_62' title='bbox 233 721 460 780; x_wconf 78' lang='lat' dir='ltr'>Apponitis</span> <span class='ocrx_word' id='word_1_63' title='bbox 481 737 608 781; x_wconf 81' lang='lat' dir='ltr'>super</span> <span class='ocrx_word' id='word_1_64' title='bbox 621 723 843 766; x_wconf 84' lang='lat' dir='ltr'>hominem</span> <span class='ocrx_word' id='word_1_65' title='bbox 858 732 1064 783; x_wconf 82' lang='lat' dir='ltr'>tanquam</span> <span class='ocrx_word' id='word_1_66' title='bbox 1083 738 1210 782; x_wconf 83' lang='lat' dir='ltr'>super</span> <span class='ocrx_word' id='word_1_67' title='bbox 1227 739 1390 766; x_wconf 85' lang='lat' dir='ltr'>unum:</span> <span class='ocrx_word' id='word_1_68' title='bbox 1407 741 1428 763; x_wconf 76' lang='grc'>&gt;&gt;</span> 
     </span>
     <span class='ocr_line' id='line_1_9' title="bbox 51 791 1432 853; baseline 0.001 -18"><span class='ocrx_word' id='word_1_69' title='bbox 51 800 94 835; x_wconf 88' lang='lat' dir='ltr'>et</span> <span class='ocrx_word' id='word_1_70' title='bbox 114 807 213 835; x_wconf 91' lang='lat' dir='ltr'>cum</span> <span class='ocrx_word' id='word_1_71' title='bbox 247 791 371 846; x_wconf 89' lang='lat' dir='ltr'>dicit,</span> <span class='ocrx_word' id='word_1_72' title='bbox 402 811 422 834; x_wconf 90' lang='lat'>«</span> <span class='ocrx_word' id='word_1_73' title='bbox 449 792 683 836; x_wconf 72' lang='lat' dir='ltr'>interficite</span> <span class='ocrx_word' id='word_1_74' title='bbox 705 809 876 848; x_wconf 84' lang='lat' dir='ltr'>omnes,</span> <span class='ocrx_word' id='word_1_75' title='bbox 915 811 934 834; x_wconf 86' lang='lat'>»</span> <span class='ocrx_word' id='word_1_76' title='bbox 961 794 1082 853; x_wconf 81' lang='lat' dir='ltr'>quasi</span> <span class='ocrx_word' id='word_1_77' title='bbox 1111 809 1260 837; x_wconf 84' lang='lat' dir='ltr'>omnes</span> <span class='ocrx_word' id='word_1_78' title='bbox 1282 802 1432 838; x_wconf 84' lang='lat' dir='ltr'>contra</span> 
     </span>
     <span class='ocr_line' id='line_1_10' title="bbox 50 861 1431 924; baseline 0.001 -19"><span class='ocrx_word' id='word_1_79' title='bbox 50 877 188 905; x_wconf 85' lang='lat' dir='ltr'>unum</span> <span class='ocrx_word' id='word_1_80' title='bbox 213 881 221 906; x_wconf 77' lang='grc' dir='ltr'>ε</span> <span class='ocrx_word' id='word_1_81' title='bbox 242 861 317 906; x_wconf 85' lang='lat' dir='ltr'>sed</span> <span class='ocrx_word' id='word_1_82' title='bbox 339 871 484 906; x_wconf 79' lang='lat' dir='ltr'>tamen</span> <span class='ocrx_word' id='word_1_83' title='bbox 502 872 544 906; x_wconf 88' lang='lat' dir='ltr'>et</span> <span class='ocrx_word' id='word_1_84' title='bbox 560 879 708 907; x_wconf 86' lang='lat' dir='ltr'>omnes</span> <span class='ocrx_word' id='word_1_85' title='bbox 731 873 882 908; x_wconf 80' lang='lat' dir='ltr'>contra</span> <span class='ocrx_word' id='word_1_86' title='bbox 902 879 1072 918; x_wconf 83' lang='lat' dir='ltr'>omnes,</span> <span class='ocrx_word' id='word_1_87' title='bbox 1098 865 1198 924; x_wconf 83' lang='lat' dir='ltr'>quia</span> <span class='ocrx_word' id='word_1_88' title='bbox 1216 874 1258 908; x_wconf 85' lang='lat' dir='ltr'>et</span> <span class='ocrx_word' id='word_1_89' title='bbox 1279 864 1431 909; x_wconf 84' lang='lat' dir='ltr'>Chris-</span> 
     </span>
     <span class='ocr_line' id='line_1_11' title="bbox 51 932 1434 986; baseline 0.002 -11"><span class='ocrx_word' id='word_1_90' title='bbox 51 932 154 975; x_wconf 85' lang='lat' dir='ltr'>tiani</span> <span class='ocrx_word' id='word_1_91' title='bbox 173 947 321 976; x_wconf 84' lang='lat' dir='ltr'>omnes</span> <span class='ocrx_word' id='word_1_92' title='bbox 343 933 416 976; x_wconf 79' lang='lat' dir='ltr'>scd</span> <span class='ocrx_word' id='word_1_93' title='bbox 435 933 480 975; x_wconf 87' lang='lat' dir='ltr'>in</span> <span class='ocrx_word' id='word_1_94' title='bbox 501 949 605 977; x_wconf 81' lang='lat' dir='ltr'>uno.</span> <span class='ocrx_word' id='word_1_95' title='bbox 625 932 740 986; x_wconf 86' lang='lat' dir='ltr'>Quid</span> <span class='ocrx_word' id='word_1_96' title='bbox 759 943 902 977; x_wconf 83' lang='lat' dir='ltr'>autem</span> <span class='ocrx_word' id='word_1_97' title='bbox 922 933 981 977; x_wconf 83' lang='lat' dir='ltr'>illi</span> <span class='ocrx_word' id='word_1_98' title='bbox 999 935 1155 978; x_wconf 73' lang='lat' dir='ltr'>diversi</span> <span class='ocrx_word' id='word_1_99' title='bbox 1173 950 1335 978; x_wconf 82' lang='lat' dir='ltr'>errores</span> <span class='ocrx_word' id='word_1_100' title='bbox 1350 934 1434 977; x_wconf 82' lang='lat' dir='ltr'>ini-</span> 
     </span>
     <span class='ocr_line' id='line_1_12' title="bbox 51 1003 1433 1057; baseline 0.001 -11"><span class='ocrx_word' id='word_1_101' title='bbox 51 1003 149 1046; x_wconf 85' lang='lat' dir='ltr'>mici</span> <span class='ocrx_word' id='word_1_102' title='bbox 171 1003 351 1057; x_wconf 76' lang='lat' dir='ltr'>Christi,</span> <span class='ocrx_word' id='word_1_103' title='bbox 373 1019 520 1047; x_wconf 81' lang='lat' dir='ltr'>omnes</span> <span class='ocrx_word' id='word_1_104' title='bbox 541 1013 708 1047; x_wconf 84' lang='lat' dir='ltr'>tantum</span> <span class='ocrx_word' id='word_1_105' title='bbox 727 1003 898 1048; x_wconf 85' lang='lat' dir='ltr'>dicendi</span> <span class='ocrx_word' id='word_1_106' title='bbox 920 1007 1046 1048; x_wconf 78' lang='lat' dir='ltr'>sunt?</span> <span class='ocrx_word' id='word_1_107' title='bbox 1068 1021 1213 1049; x_wconf 89' lang='lat' dir='ltr'>nonne</span> <span class='ocrx_word' id='word_1_108' title='bbox 1234 1015 1277 1048; x_wconf 90' lang='lat' dir='ltr'>et</span> <span class='ocrx_word' id='word_1_109' title='bbox 1294 1007 1433 1048; x_wconf 79' lang='lat' dir='ltr'>unus?</span> 
     </span>
     <span class='ocr_line' id='line_1_13' title="bbox 54 1072 1434 1134; baseline 0.002 -18"><span class='ocrx_word' id='word_1_110' title='bbox 54 1072 185 1117; x_wconf 86' lang='lat' dir='ltr'>Plane</span> <span class='ocrx_word' id='word_1_111' title='bbox 214 1073 353 1117; x_wconf 80' lang='lat' dir='ltr'>audeo</span> <span class='ocrx_word' id='word_1_112' title='bbox 377 1083 420 1117; x_wconf 90' lang='lat' dir='ltr'>et</span> <span class='ocrx_word' id='word_1_113' title='bbox 442 1090 578 1117; x_wconf 83' lang='lat' dir='ltr'>unum</span> <span class='ocrx_word' id='word_1_114' title='bbox 602 1074 746 1118; x_wconf 82' lang='lat' dir='ltr'>dicere</span> <span class='ocrx_word' id='word_1_115' title='bbox 766 1094 774 1118; x_wconf 91' lang='lat'>:</span> <span class='ocrx_word' id='word_1_116' title='bbox 796 1075 896 1134; x_wconf 82' lang='lat' dir='ltr'>quia</span> <span class='ocrx_word' id='word_1_117' title='bbox 923 1090 1008 1118; x_wconf 78' lang='lat' dir='ltr'>una</span> <span class='ocrx_word' id='word_1_118' title='bbox 1027 1075 1173 1119; x_wconf 79' lang='lat' dir='ltr'>civitas</span> <span class='ocrx_word' id='word_1_119' title='bbox 1201 1084 1243 1119; x_wconf 89' lang='lat' dir='ltr'>et</span> <span class='ocrx_word' id='word_1_120' title='bbox 1264 1091 1349 1118; x_wconf 80' lang='lat' dir='ltr'>una</span> <span class='ocrx_word' id='word_1_121' title='bbox 1373 1075 1434 1119; x_wconf 90' lang='lat' dir='ltr'>ci-</span> 
     </span>
     <span class='ocr_line' id='line_1_14' title="bbox 52 1144 1432 1204; baseline 0.001 -16"><span class='ocrx_word' id='word_1_122' title='bbox 52 1144 180 1199; x_wconf 77' lang='lat' dir='ltr'>vitas,</span> <span class='ocrx_word' id='word_1_123' title='bbox 213 1161 326 1188; x_wconf 86' lang='lat' dir='ltr'>unus</span> <span class='ocrx_word' id='word_1_124' title='bbox 362 1144 550 1204; x_wconf 83' lang='lat' dir='ltr'>populus</span> <span class='ocrx_word' id='word_1_125' title='bbox 581 1155 623 1189; x_wconf 93' lang='lat' dir='ltr'>et</span> <span class='ocrx_word' id='word_1_126' title='bbox 645 1161 757 1188; x_wconf 86' lang='lat' dir='ltr'>unus</span> <span class='ocrx_word' id='word_1_127' title='bbox 792 1144 1006 1204; x_wconf 77' lang='lat' dir='ltr'>populus,</span> <span class='ocrx_word' id='word_1_128' title='bbox 1041 1161 1113 1189; x_wconf 82' lang='lat' dir='ltr'>rex</span> <span class='ocrx_word' id='word_1_129' title='bbox 1135 1155 1179 1189; x_wconf 81' lang='lat' dir='ltr'>et</span> <span class='ocrx_word' id='word_1_130' title='bbox 1202 1161 1290 1189; x_wconf 78' lang='lat' dir='ltr'>rex.</span> <span class='ocrx_word' id='word_1_131' title='bbox 1317 1145 1432 1199; x_wconf 82' lang='lat' dir='ltr'>Quid</span> 
     </span>
     <span class='ocr_line' id='line_1_15' title="bbox 53 1216 1434 1274; baseline 0.001 -15"><span class='ocrx_word' id='word_1_132' title='bbox 53 1225 140 1270; x_wconf 81' lang='lat' dir='ltr'>est,</span> <span class='ocrx_word' id='word_1_133' title='bbox 161 1232 247 1260; x_wconf 83' lang='lat' dir='ltr'>una</span> <span class='ocrx_word' id='word_1_134' title='bbox 266 1216 413 1260; x_wconf 65' lang='lat' dir='ltr'>civitas</span> <span class='ocrx_word' id='word_1_135' title='bbox 437 1227 478 1260; x_wconf 82' lang='lat' dir='ltr'>et</span> <span class='ocrx_word' id='word_1_136' title='bbox 493 1232 579 1260; x_wconf 79' lang='lat' dir='ltr'>una</span> <span class='ocrx_word' id='word_1_137' title='bbox 604 1217 776 1260; x_wconf 79' lang='lat' dir='ltr'>civitas?</span> <span class='ocrx_word' id='word_1_138' title='bbox 796 1216 1037 1274; x_wconf 63' lang='lat' dir='ltr'>Babylonia</span> <span class='ocrx_word' id='word_1_139' title='bbox 1060 1233 1167 1271; x_wconf 82' lang='lat' dir='ltr'>una,</span> <span class='ocrx_word' id='word_1_140' title='bbox 1194 1216 1434 1261; x_wconf 68' lang='lat' dir='ltr'>Jerusalem</span> 
     </span>
     <span class='ocr_line' id='line_1_16' title="bbox 51 1285 1435 1346; baseline 0.001 -17"><span class='ocrx_word' id='word_1_141' title='bbox 51 1302 151 1330; x_wconf 79' lang='lat' dir='ltr'>una.</span> <span class='ocrx_word' id='word_1_142' title='bbox 184 1285 461 1339; x_wconf 79' lang='lat' dir='ltr'>Quibuslibet</span> <span class='ocrx_word' id='word_1_143' title='bbox 493 1286 583 1330; x_wconf 82' lang='lat' dir='ltr'>aliis</span> <span class='ocrx_word' id='word_1_144' title='bbox 615 1287 744 1331; x_wconf 83' lang='lat' dir='ltr'>etiam</span> <span class='ocrx_word' id='word_1_145' title='bbox 774 1287 962 1344; x_wconf 49' lang='lat' dir='ltr'>mybticis</span> <span class='ocrx_word' id='word_1_146' title='bbox 1000 1287 1250 1331; x_wconf 86' lang='lat' dir='ltr'>nominibus</span> <span class='ocrx_word' id='word_1_147' title='bbox 1284 1286 1435 1346; x_wconf 86' lang='lat' dir='ltr'>appel-</span> 
     </span>
     <span class='ocr_line' id='line_1_17' title="bbox 49 1353 1430 1417; baseline 0 -15"><span class='ocrx_word' id='word_1_148' title='bbox 49 1357 180 1410; x_wconf 83' lang='lat' dir='ltr'>letur,</span> <span class='ocrx_word' id='word_1_149' title='bbox 201 1374 287 1402; x_wconf 77' lang='lat' dir='ltr'>una</span> <span class='ocrx_word' id='word_1_150' title='bbox 311 1367 457 1402; x_wconf 71' lang='lat' dir='ltr'>tamen</span> <span class='ocrx_word' id='word_1_151' title='bbox 474 1359 628 1402; x_wconf 80' lang='lat' dir='ltr'>&#39;civitas</span> <span class='ocrx_word' id='word_1_152' title='bbox 647 1368 689 1401; x_wconf 85' lang='lat' dir='ltr'>et</span> <span class='ocrx_word' id='word_1_153' title='bbox 711 1374 797 1401; x_wconf 81' lang='lat' dir='ltr'>una</span> <span class='ocrx_word' id='word_1_154' title='bbox 816 1358 989 1414; x_wconf 60' lang='lat' dir='ltr'>civitas,</span> <span class='ocrx_word' id='word_1_155' title='bbox 1015 1357 1087 1401; x_wconf 76' lang='lat' dir='ltr'>illa</span> <span class='ocrx_word' id='word_1_156' title='bbox 1110 1374 1209 1417; x_wconf 77' lang='lat' dir='ltr'>rege</span> <span class='ocrx_word' id='word_1_157' title='bbox 1231 1353 1405 1402; x_wconf 82' lang='lat' dir='ltr'>diabolo</span> <span class='ocrx_word' id='word_1_158' title='bbox 1420 1394 1430 1413; x_wconf 86' lang='lat'><strong>‚</strong></span> 
     </span>
     <span class='ocr_line' id='line_1_18' title="bbox 50 1427 1431 1488; baseline 0 -16"><span class='ocrx_word' id='word_1_159' title='bbox 50 1428 128 1473; x_wconf 85' lang='lat' dir='ltr'>ista</span> <span class='ocrx_word' id='word_1_160' title='bbox 150 1444 248 1487; x_wconf 83' lang='lat' dir='ltr'>rege</span> <span class='ocrx_word' id='word_1_161' title='bbox 267 1429 453 1473; x_wconf 84' lang='lat' dir='ltr'>Christo.</span> <span class='ocrx_word' id='word_1_162' title='bbox 481 1428 667 1472; x_wconf 87' lang='lat' dir='ltr'>Intendo</span> <span class='ocrx_word' id='word_1_163' title='bbox 689 1429 804 1471; x_wconf 86' lang='lat' dir='ltr'>enim</span> <span class='ocrx_word' id='word_1_164' title='bbox 827 1427 1064 1486; x_wconf 75' lang='lat' dir='ltr'>Evangelio</span> <span class='ocrx_word' id='word_1_165' title='bbox 1094 1428 1284 1488; x_wconf 80' lang='lat' dir='ltr'>quodam</span> <span class='ocrx_word' id='word_1_166' title='bbox 1308 1427 1404 1472; x_wconf 91' lang='lat' dir='ltr'>loco</span> <span class='ocrx_word' id='word_1_167' title='bbox 1419 1463 1431 1481; x_wconf 85' lang='lat'>‚</span> 
     </span>
     <span class='ocr_line' id='line_1_19' title="bbox 51 1498 1434 1557; baseline -0.001 -15"><span class='ocrx_word' id='word_1_168' title='bbox 51 1508 94 1542; x_wconf 85' lang='lat' dir='ltr'>et</span> <span class='ocrx_word' id='word_1_169' title='bbox 114 1508 259 1542; x_wconf 83' lang='lat' dir='ltr'>movet</span> <span class='ocrx_word' id='word_1_170' title='bbox 276 1513 343 1542; x_wconf 86' lang='lat' dir='ltr'>me</span> <span class='ocrx_word' id='word_1_171' title='bbox 355 1534 370 1553; x_wconf 76' lang='lat'>,</span> <span class='ocrx_word' id='word_1_172' title='bbox 394 1507 501 1557; x_wconf 81' lang='lat' dir='ltr'>puto</span> <span class='ocrx_word' id='word_1_173' title='bbox 516 1498 635 1557; x_wconf 80' lang='lat' dir='ltr'>quod</span> <span class='ocrx_word' id='word_1_174' title='bbox 652 1507 695 1541; x_wconf 89' lang='lat' dir='ltr'>et</span> <span class='ocrx_word' id='word_1_175' title='bbox 716 1513 806 1541; x_wconf 80' lang='lat' dir='ltr'>vos.</span> <span class='ocrx_word' id='word_1_176' title='bbox 829 1501 1115 1557; x_wconf 75' lang='lat' dir='ltr'>Posteaquam</span> <span class='ocrx_word' id='word_1_177' title='bbox 1142 1498 1310 1541; x_wconf 83' lang='lat' dir='ltr'>invitati</span> <span class='ocrx_word' id='word_1_178' title='bbox 1333 1506 1434 1541; x_wconf 82' lang='lat' dir='ltr'>sunt</span> 
     </span>
     <span class='ocr_line' id='line_1_20' title="bbox 50 1567 1436 1628; baseline -0.001 -15.035"><span class='ocrx_word' id='word_1_179' title='bbox 50 1569 176 1613; x_wconf 81' lang='lat' dir='ltr'>multi</span> <span class='ocrx_word' id='word_1_180' title='bbox 197 1569 252 1612; x_wconf 77' lang='lat' dir='ltr'>ad</span> <span class='ocrx_word' id='word_1_181' title='bbox 274 1569 446 1628; x_wconf 76' lang='lat' dir='ltr'>nuptias</span> <span class='ocrx_word' id='word_1_182' title='bbox 468 1569 572 1613; x_wconf 83' lang='lat' dir='ltr'>boni</span> <span class='ocrx_word' id='word_1_183' title='bbox 590 1578 632 1612; x_wconf 89' lang='lat' dir='ltr'>et</span> <span class='ocrx_word' id='word_1_184' title='bbox 650 1567 774 1622; x_wconf 75' lang='lat' dir='ltr'>mali,</span> <span class='ocrx_word' id='word_1_185' title='bbox 801 1577 843 1611; x_wconf 91' lang='lat' dir='ltr'>et</span> <span class='ocrx_word' id='word_1_186' title='bbox 862 1567 1051 1627; x_wconf 74' lang='lat' dir='ltr'>impletae</span> <span class='ocrx_word' id='word_1_187' title='bbox 1069 1578 1169 1612; x_wconf 83' lang='lat' dir='ltr'>sunt</span> <span class='ocrx_word' id='word_1_188' title='bbox 1190 1568 1354 1627; x_wconf 83' lang='lat' dir='ltr'>nuptiae</span> <span class='ocrx_word' id='word_1_189' title='bbox 1375 1584 1436 1612; x_wconf 84' lang='lat' dir='ltr'>re-</span> 
     </span>
     <span class='ocr_line' id='line_1_21' title="bbox 0 1631 1434 1702; baseline -0.001 -18"><span class='ocrx_word' id='word_1_190' title='bbox 0 1631 2 1702; x_wconf 60' lang='lat'><em>}</em></span> <span class='ocrx_word' id='word_1_191' title='bbox 52 1640 350 1684; x_wconf 86' lang='lat' dir='ltr'>cumbentium</span> <span class='ocrx_word' id='word_1_192' title='bbox 374 1639 513 1683; x_wconf 82' lang='lat' dir='ltr'>:servi</span> <span class='ocrx_word' id='word_1_193' title='bbox 542 1639 656 1682; x_wconf 85' lang='lat' dir='ltr'>enim</span> <span class='ocrx_word' id='word_1_194' title='bbox 685 1639 822 1690; x_wconf 78' lang='lat' dir='ltr'>missi,</span> <span class='ocrx_word' id='word_1_195' title='bbox 848 1648 898 1682; x_wconf 88' lang='lat' dir='ltr'>ut</span> <span class='ocrx_word' id='word_1_196' title='bbox 925 1648 1191 1698; x_wconf 76' lang='lat' dir='ltr'>praeceptum</span> <span class='ocrx_word' id='word_1_197' title='bbox 1216 1648 1329 1694; x_wconf 76' lang='lat' dir='ltr'>erat⁷</span> <span class='ocrx_word' id='word_1_198' title='bbox 1364 1639 1434 1682; x_wconf 89' lang='lat' dir='ltr'>in-</span> 
     </span>
     <span class='ocr_line' id='line_1_22' title="bbox 0 1709 1434 1781; baseline -0.001 -25"><span class='ocrx_word' id='word_1_199' title='bbox 0 1709 2 1781; x_wconf 63' lang='lat'>[</span> <span class='ocrx_word' id='word_1_200' title='bbox 51 1712 298 1756; x_wconf 84' lang='lat' dir='ltr'>vitaverunt</span> <span class='ocrx_word' id='word_1_201' title='bbox 314 1722 356 1755; x_wconf 85' lang='lat' dir='ltr'>et</span> <span class='ocrx_word' id='word_1_202' title='bbox 376 1710 513 1755; x_wconf 86' lang='lat' dir='ltr'>bonos</span> <span class='ocrx_word' id='word_1_203' title='bbox 527 1719 570 1754; x_wconf 90' lang='lat' dir='ltr'>et</span> <span class='ocrx_word' id='word_1_204' title='bbox 583 1709 717 1754; x_wconf 71' lang='lat' dir='ltr'>malos</span> <span class='ocrx_word' id='word_1_205' title='bbox 737 1730 744 1753; x_wconf 91' lang='lat'>:</span> <span class='ocrx_word' id='word_1_206' title='bbox 765 1719 807 1754; x_wconf 86' lang='lat' dir='ltr'>et</span> <span class='ocrx_word' id='word_1_207' title='bbox 824 1711 1040 1769; x_wconf 78' lang='lat' dir='ltr'>ingressus</span> <span class='ocrx_word' id='word_1_208' title='bbox 1052 1719 1115 1754; x_wconf 86' lang='lat' dir='ltr'>est</span> <span class='ocrx_word' id='word_1_209' title='bbox 1134 1726 1207 1754; x_wconf 79' lang='lat' dir='ltr'>rex</span> <span class='ocrx_word' id='word_1_210' title='bbox 1226 1710 1434 1769; x_wconf 83' lang='lat' dir='ltr'>inspicere</span> 
     </span>
     <span class='ocr_line' id='line_1_23' title="bbox 0 1780 1436 1843; baseline -0.001 -17"><span class='ocrx_word' id='word_1_211' title='bbox 0 1784 3 1843; x_wconf 52' lang='grc' dir='ltr'>ᾗ</span> <span class='ocrx_word' id='word_1_212' title='bbox 52 1783 373 1836; x_wconf 77' lang='lat' dir='ltr'>recumbentes,</span> <span class='ocrx_word' id='word_1_213' title='bbox 403 1791 446 1825; x_wconf 84' lang='lat' dir='ltr'>et</span> <span class='ocrx_word' id='word_1_214' title='bbox 466 1781 631 1824; x_wconf 79' lang='lat' dir='ltr'>invenit</span> <span class='ocrx_word' id='word_1_215' title='bbox 658 1780 879 1824; x_wconf 81' lang='lat' dir='ltr'>hominem</span> <span class='ocrx_word' id='word_1_216' title='bbox 902 1796 990 1824; x_wconf 87' lang='lat' dir='ltr'>non</span> <span class='ocrx_word' id='word_1_217' title='bbox 1011 1781 1244 1824; x_wconf 81' lang='lat' dir='ltr'>habentem</span> <span class='ocrx_word' id='word_1_218' title='bbox 1272 1791 1436 1824; x_wconf 82' lang='lat' dir='ltr'>vestem</span> 
     </span>
     <span class='ocr_line' id='line_1_24' title="bbox 53 1849 1436 1912; baseline -0.001 -16"><span class='ocrx_word' id='word_1_219' title='bbox 53 1853 315 1912; x_wconf 78' lang='lat' dir='ltr'>nuptialem,</span> <span class='ocrx_word' id='word_1_220' title='bbox 341 1861 384 1895; x_wconf 87' lang='lat' dir='ltr'>et</span> <span class='ocrx_word' id='word_1_221' title='bbox 405 1852 463 1895; x_wconf 72' lang='lat' dir='ltr'>ait</span> <span class='ocrx_word' id='word_1_222' title='bbox 484 1851 546 1894; x_wconf 83' lang='lat' dir='ltr'>illi</span> <span class='ocrx_word' id='word_1_223' title='bbox 564 1849 682 1910; x_wconf 74' lang='lat' dir='ltr'>quod</span> <span class='ocrx_word' id='word_1_224' title='bbox 707 1850 863 1894; x_wconf 80' lang='lat' dir='ltr'>nostis:</span> <span class='ocrx_word' id='word_1_225' title='bbox 886 1870 903 1891; x_wconf 89' lang='lat'>«</span> <span class='ocrx_word' id='word_1_226' title='bbox 926 1850 1096 1903; x_wconf 82' lang='lat' dir='ltr'>Amice,</span> <span class='ocrx_word' id='word_1_227' title='bbox 1123 1850 1242 1893; x_wconf 81' lang='lat' dir='ltr'>unde</span> <span class='ocrx_word' id='word_1_228' title='bbox 1257 1851 1344 1894; x_wconf 88' lang='lat' dir='ltr'>huc</span> <span class='ocrx_word' id='word_1_229' title='bbox 1366 1866 1436 1894; x_wconf 84' lang='lat' dir='ltr'>ve-</span> 
     </span>
     <span class='ocr_line' id='line_1_25' title="bbox 57 1921 1432 1980; baseline -0.003 -16"><span class='ocrx_word' id='word_1_230' title='bbox 57 1941 78 1964; x_wconf 91' lang='lat'>»</span> <span class='ocrx_word' id='word_1_231' title='bbox 112 1924 228 1976; x_wconf 86' lang='lat' dir='ltr'>nisti,</span> <span class='ocrx_word' id='word_1_232' title='bbox 246 1939 332 1967; x_wconf 86' lang='lat' dir='ltr'>non</span> <span class='ocrx_word' id='word_1_233' title='bbox 346 1923 511 1966; x_wconf 66' lang='lat' dir='ltr'>habens</span> <span class='ocrx_word' id='word_1_234' title='bbox 528 1930 690 1965; x_wconf 79' lang='lat' dir='ltr'>vestem</span> <span class='ocrx_word' id='word_1_235' title='bbox 706 1921 978 1980; x_wconf 71' lang='lat' dir='ltr'>nuptialem?</span> <span class='ocrx_word' id='word_1_236' title='bbox 997 1924 1053 1964; x_wconf 73' lang='lat' dir='ltr'>At</span> <span class='ocrx_word' id='word_1_237' title='bbox 1068 1921 1138 1963; x_wconf 78' lang='lat' dir='ltr'>ille</span> <span class='ocrx_word' id='word_1_238' title='bbox 1152 1921 1373 1965; x_wconf 81' lang='lat' dir='ltr'>obmutuit</span> <span class='ocrx_word' id='word_1_239' title='bbox 1388 1941 1396 1965; x_wconf 95' lang='grc'>·.</span> <span class='ocrx_word' id='word_1_240' title='bbox 1411 1940 1432 1961; x_wconf 88' lang='lat'>»</span> 
     </span>
     <span class='ocr_line' id='line_1_26' title="bbox 55 1990 1435 2053; baseline -0.002 -16"><span class='ocrx_word' id='word_1_241' title='bbox 55 2003 98 2037; x_wconf 86' lang='lat' dir='ltr'>et</span> <span class='ocrx_word' id='word_1_242' title='bbox 115 1994 241 2053; x_wconf 82' lang='lat' dir='ltr'>jussit</span> <span class='ocrx_word' id='word_1_243' title='bbox 263 1993 302 2037; x_wconf 88' lang='lat' dir='ltr'>ei</span> <span class='ocrx_word' id='word_1_244' title='bbox 322 1993 445 2052; x_wconf 76' lang='lat' dir='ltr'>ligari</span> <span class='ocrx_word' id='word_1_245' title='bbox 466 2007 618 2035; x_wconf 81' lang='lat' dir='ltr'>manus</span> <span class='ocrx_word' id='word_1_246' title='bbox 643 2001 686 2035; x_wconf 85' lang='lat' dir='ltr'>ct</span> <span class='ocrx_word' id='word_1_247' title='bbox 706 1991 860 2050; x_wconf 79' lang='lat' dir='ltr'>pedes,</span> <span class='ocrx_word' id='word_1_248' title='bbox 885 2001 927 2034; x_wconf 84' lang='lat' dir='ltr'>ct</span> <span class='ocrx_word' id='word_1_249' title='bbox 949 1990 1099 2050; x_wconf 80' lang='lat' dir='ltr'>projici</span> <span class='ocrx_word' id='word_1_250' title='bbox 1122 2007 1221 2035; x_wconf 87' lang='lat' dir='ltr'>eum</span> <span class='ocrx_word' id='word_1_251' title='bbox 1242 1991 1289 2034; x_wconf 69' lang='lat' dir='ltr'>in</span> <span class='ocrx_word' id='word_1_252' title='bbox 1312 2000 1435 2035; x_wconf 87' lang='lat' dir='ltr'>tene-</span> 
     </span>
     <span class='ocr_line' id='line_1_27' title="bbox 56 2062 1437 2116; baseline -0.001 -8"><span class='ocrx_word' id='word_1_253' title='bbox 56 2063 153 2108; x_wconf 84' lang='lat' dir='ltr'>bras</span> <span class='ocrx_word' id='word_1_254' title='bbox 175 2064 418 2108; x_wconf 72' lang='lat' dir='ltr'>exteriores.</span> <span class='ocrx_word' id='word_1_255' title='bbox 445 2067 630 2107; x_wconf 76' lang='lat' dir='ltr'>Levatus</span> <span class='ocrx_word' id='word_1_256' title='bbox 653 2072 716 2106; x_wconf 85' lang='lat' dir='ltr'>est</span> <span class='ocrx_word' id='word_1_257' title='bbox 737 2064 791 2106; x_wconf 87' lang='lat' dir='ltr'>de</span> <span class='ocrx_word' id='word_1_258' title='bbox 813 2062 1033 2116; x_wconf 84' lang='lat' dir='ltr'>convivio,</span> <span class='ocrx_word' id='word_1_259' title='bbox 1059 2072 1103 2106; x_wconf 83' lang='lat' dir='ltr'>et</span> <span class='ocrx_word' id='word_1_260' title='bbox 1124 2064 1274 2106; x_wconf 77' lang='lat' dir='ltr'>missus</span> <span class='ocrx_word' id='word_1_261' title='bbox 1303 2072 1365 2106; x_wconf 81' lang='lat' dir='ltr'>est</span> <span class='ocrx_word' id='word_1_262' title='bbox 1391 2063 1437 2107; x_wconf 87' lang='lat' dir='ltr'>in</span> 
     </span>
     <span class='ocr_line' id='line_1_28' title="bbox 55 2133 1437 2194; baseline -0.001 -17"><span class='ocrx_word' id='word_1_263' title='bbox 55 2150 228 2194; x_wconf 79' lang='lat' dir='ltr'>poenas,</span> <span class='ocrx_word' id='word_1_264' title='bbox 253 2134 397 2178; x_wconf 83' lang='lat' dir='ltr'>nescio</span> <span class='ocrx_word' id='word_1_265' title='bbox 415 2134 511 2194; x_wconf 81' lang='lat' dir='ltr'>quis</span> <span class='ocrx_word' id='word_1_266' title='bbox 532 2134 664 2178; x_wconf 90' lang='lat' dir='ltr'>homo</span> <span class='ocrx_word' id='word_1_267' title='bbox 687 2134 731 2176; x_wconf 85' lang='lat' dir='ltr'>in</span> <span class='ocrx_word' id='word_1_268' title='bbox 749 2143 836 2177; x_wconf 75' lang='lat' dir='ltr'>tam</span> <span class='ocrx_word' id='word_1_269' title='bbox 856 2148 1011 2192; x_wconf 78' lang='lat' dir='ltr'>magna</span> <span class='ocrx_word' id='word_1_270' title='bbox 1035 2133 1163 2177; x_wconf 80' lang='lat' dir='ltr'>turha</span> <span class='ocrx_word' id='word_1_271' title='bbox 1187 2134 1437 2178; x_wconf 76' lang='lat' dir='ltr'>recumben—</span> 
     </span>
     <span class='ocr_line' id='line_1_29' title="bbox 57 2204 1437 2251; baseline -0.001 -2"><span class='ocrx_word' id='word_1_272' title='bbox 57 2206 181 2250; x_wconf 89' lang='lat' dir='ltr'>tium.</span> <span class='ocrx_word' id='word_1_273' title='bbox 216 2207 299 2251; x_wconf 76' lang='lat' dir='ltr'>Sed</span> <span class='ocrx_word' id='word_1_274' title='bbox 322 2215 466 2250; x_wconf 76' lang='lat' dir='ltr'>tamen</span> <span class='ocrx_word' id='word_1_275' title='bbox 492 2205 700 2250; x_wconf 79' lang='lat' dir='ltr'>Dominus</span> <span class='ocrx_word' id='word_1_276' title='bbox 732 2204 881 2248; x_wconf 73' lang='lat' dir='ltr'>volens</span> <span class='ocrx_word' id='word_1_277' title='bbox 904 2204 1129 2248; x_wconf 74' lang='lat' dir='ltr'>ostendere</span> <span class='ocrx_word' id='word_1_278' title='bbox 1153 2221 1291 2248; x_wconf 84' lang='lat' dir='ltr'>unum</span> <span class='ocrx_word' id='word_1_279' title='bbox 1313 2204 1437 2248; x_wconf 75' lang='lat' dir='ltr'>ilium</span> 
     </span>
     <span class='ocr_line' id='line_1_30' title="bbox 45 2274 1439 2335; baseline -0.001 -15"><span class='ocrx_word' id='word_1_280' title='bbox 45 2276 279 2333; x_wconf 63' lang='lat' dir='ltr'>&gt;hominem</span> <span class='ocrx_word' id='word_1_281' title='bbox 294 2311 305 2331; x_wconf 88' lang='lat'>,</span> <span class='ocrx_word' id='word_1_282' title='bbox 324 2291 462 2330; x_wconf 81' lang='lat' dir='ltr'>unum</span> <span class='ocrx_word' id='word_1_283' title='bbox 486 2291 641 2335; x_wconf 80' lang='lat' dir='ltr'>corpus</span> <span class='ocrx_word' id='word_1_284' title='bbox 662 2291 751 2319; x_wconf 73' lang='lat' dir='ltr'>esse</span> <span class='ocrx_word' id='word_1_285' title='bbox 773 2275 891 2333; x_wconf 65' lang='lat' dir='ltr'>(guod</span> <span class='ocrx_word' id='word_1_286' title='bbox 914 2284 1082 2318; x_wconf 71' lang='lat' dir='ltr'>constat</span> <span class='ocrx_word' id='word_1_287' title='bbox 1096 2291 1146 2318; x_wconf 85' lang='lat' dir='ltr'>ex</span> <span class='ocrx_word' id='word_1_288' title='bbox 1168 2274 1335 2330; x_wconf 72' lang='lat' dir='ltr'>multis,</span> <span class='ocrx_word' id='word_1_289' title='bbox 1363 2275 1439 2319; x_wconf 86' lang='lat' dir='ltr'>ubi</span> 
     </span>
     <span class='ocr_line' id='line_1_31' title="bbox 55 2345 1439 2409; baseline -0.002 -17"><span class='ocrx_word' id='word_1_290' title='bbox 55 2349 180 2409; x_wconf 78' lang='lat' dir='ltr'>jussit</span> <span class='ocrx_word' id='word_1_291' title='bbox 201 2364 301 2392; x_wconf 80' lang='lat' dir='ltr'>eum</span> <span class='ocrx_word' id='word_1_292' title='bbox 328 2348 479 2408; x_wconf 81' lang='lat' dir='ltr'>projici</span> <span class='ocrx_word' id='word_1_293' title='bbox 500 2346 636 2401; x_wconf 73' lang='lat' dir='ltr'>foras,</span> <span class='ocrx_word' id='word_1_294' title='bbox 664 2356 705 2390; x_wconf 87' lang='lat' dir='ltr'>et</span> <span class='ocrx_word' id='word_1_295' title='bbox 727 2347 840 2390; x_wconf 89' lang='lat' dir='ltr'>mitti</span> <span class='ocrx_word' id='word_1_296' title='bbox 872 2347 916 2389; x_wconf 79' lang='lat' dir='ltr'>in</span> <span class='ocrx_word' id='word_1_297' title='bbox 939 2345 1106 2390; x_wconf 76' lang='lat' dir='ltr'>debitas</span> <span class='ocrx_word' id='word_1_298' title='bbox 1136 2362 1307 2406; x_wconf 76' lang='lat' dir='ltr'>psenas,</span> <span class='ocrx_word' id='word_1_299' title='bbox 1333 2347 1439 2390; x_wconf 80' lang='lat' dir='ltr'>sub-</span> 
     </span>
     <span class='ocr_line' id='line_1_32' title="bbox 55 2417 1439 2478; baseline -0.001 -16"><span class='ocrx_word' id='word_1_300' title='bbox 55 2418 158 2478; x_wconf 82' lang='lat' dir='ltr'>jecit</span> <span class='ocrx_word' id='word_1_301' title='bbox 193 2419 423 2472; x_wconf 76' lang='lat' dir='ltr'>continuo,</span> <span class='ocrx_word' id='word_1_302' title='bbox 463 2438 483 2460; x_wconf 85' lang='lat'>«</span> <span class='ocrx_word' id='word_1_303' title='bbox 523 2417 651 2461; x_wconf 66' lang='lat' dir='ltr'>Multi</span> <span class='ocrx_word' id='word_1_304' title='bbox 688 2417 804 2461; x_wconf 84' lang='lat' dir='ltr'>enim</span> <span class='ocrx_word' id='word_1_305' title='bbox 841 2426 942 2460; x_wconf 74' lang='lat' dir='ltr'>sunt</span> <span class='ocrx_word' id='word_1_306' title='bbox 977 2417 1140 2471; x_wconf 58' lang='lat' dir='ltr'>vocati,</span> <span class='ocrx_word' id='word_1_307' title='bbox 1181 2419 1306 2477; x_wconf 82' lang='lat' dir='ltr'>pauci</span> <span class='ocrx_word' id='word_1_308' title='bbox 1338 2433 1439 2461; x_wconf 66' lang='lat' dir='ltr'>vcro</span> 
     </span>
     <span class='ocr_line' id='line_1_33' title="bbox 65 2488 1439 2544; baseline -0.001 -13"><span class='ocrx_word' id='word_1_309' title='bbox 65 2508 84 2531; x_wconf 91' lang='lat'>»</span> <span class='ocrx_word' id='word_1_310' title='bbox 119 2490 272 2534; x_wconf 73' lang='lat' dir='ltr'>electi²</span> <span class='ocrx_word' id='word_1_311' title='bbox 298 2509 306 2535; x_wconf 88' lang='lat'>:</span> <span class='ocrx_word' id='word_1_312' title='bbox 334 2509 353 2531; x_wconf 89' lang='lat'>»</span> <span class='ocrx_word' id='word_1_313' title='bbox 381 2489 498 2543; x_wconf 83' lang='lat' dir='ltr'>Quid</span> <span class='ocrx_word' id='word_1_314' title='bbox 519 2498 583 2533; x_wconf 84' lang='lat' dir='ltr'>est</span> <span class='ocrx_word' id='word_1_315' title='bbox 602 2489 714 2532; x_wconf 78' lang='lat' dir='ltr'>hoc?</span> <span class='ocrx_word' id='word_1_316' title='bbox 736 2488 994 2533; x_wconf 79' lang='lat' dir='ltr'>Convocasti</span> <span class='ocrx_word' id='word_1_317' title='bbox 1023 2488 1198 2544; x_wconf 80' lang='lat' dir='ltr'>turbas,</span> <span class='ocrx_word' id='word_1_318' title='bbox 1225 2488 1343 2532; x_wconf 83' lang='lat' dir='ltr'>venit</span> <span class='ocrx_word' id='word_1_319' title='bbox 1374 2488 1439 2530; x_wconf 84' lang='lat' dir='ltr'>in-</span> 
     </span>
    </p>
   </div>
   <div class='ocr_carea' id='block_1_3' title="bbox 110 2572 852 2617">
    <p class='ocr_par' dir='ltr' id='par_1_4' title="bbox 110 2572 852 2617">
     <span class='ocr_line' id='line_1_34' title="bbox 110 2572 852 2617; baseline -0.004 -9"><span class='ocrx_word' id='word_1_320' title='bbox 110 2583 118 2598; x_wconf 89' lang='lat'>¹</span> <span class='ocrx_word' id='word_1_321' title='bbox 140 2576 219 2608; x_wconf 78' lang='lat' dir='ltr'>Psal.</span> <span class='ocrx_word' id='word_1_322' title='bbox 236 2586 349 2617; x_wconf 60' lang='lat' dir='ltr'>xxxa,</span> <span class='ocrx_word' id='word_1_323' title='bbox 366 2574 395 2607; x_wconf 79' lang='lat'>3.</span> <span class='ocrx_word' id='word_1_324' title='bbox 413 2593 453 2598; x_wconf 91' lang='lat'>—</span> <span class='ocrx_word' id='word_1_325' title='bbox 473 2581 486 2597; x_wconf 84' lang='lat'><em>2</em></span> <span class='ocrx_word' id='word_1_326' title='bbox 512 2574 625 2607; x_wconf 83' lang='lat' dir='ltr'>Matth.</span> <span class='ocrx_word' id='word_1_327' title='bbox 645 2585 721 2616; x_wconf 78' lang='lat' dir='ltr'>xxu,</span> <span class='ocrx_word' id='word_1_328' title='bbox 739 2572 852 2615; x_wconf 69' lang='lat'>10-14.</span> 
     </span>
    </p>
   </div>
  </div>
 </body>
</html>
