1889 3285
404 267 647 298 ENARRATIO
677 271 723 297 m
755 268 957 299 PsALMUM
988 273 1124 301 van.
1368 261 1452 300 283

18 351 20 355 ·
69 344 135 380 cst
166 350 324 395 corpus
351 335 542 381 Christi?
563 336 778 379 Dicuntur
792 346 952 381 ,autem
974 337 1037 381 illi
1069 351 1215 395 reges,
1252 337 1405 398 utique
1428 354 1453 383 a

15 421 19 427 ·
68 404 260 464 regendo
282 424 290 450 :
317 414 360 449 et
380 404 487 465 quid
507 405 642 464 magis
664 421 797 464 quam
818 407 957 450 carnis
979 407 1350 465 concupiscentias
1366 443 1376 462 ‚
1398 424 1453 452 ne

69 485 223 534 regnet
237 484 466 535 peccatum
482 475 527 518 in
543 490 692 519 eorum
709 475 879 520 mortali
893 492 1071 535 corpore
1088 476 1143 520 ad
1157 476 1451 522 obediendum

66 545 286 590 desideriis
307 547 418 606 ejus,
443 561 498 590 ne
521 546 753 590 exhibeant
770 547 965 591 membra
983 563 1058 592 sua
1079 562 1196 591 arma
1213 548 1452 608 iniquitatis

65 625 242 675 peccato
260 651 271 670 ,
296 616 373 660 sed
395 616 626 661 exhibeant
648 632 691 660 se
713 621 802 661 Deo
820 653 830 671 ,
865 627 1073 678 tanquam
1102 633 1153 662 ex
1178 620 1358 663 mortuis
1383 619 1451 664 vi-

0 685 13 728 ι“
63 695 228 741 ventes,
249 695 292 730 et
305 686 500 730 membra
523 702 597 731 sua
621 703 736 731 arma
748 688 925 747 justitiae
937 691 1079 734 De01?
1102 690 1169 734 Sic
1185 690 1301 733 enim
1324 699 1452 734 erunt

0 769 4 800 ι
63 771 183 815 reges
205 757 406 816 primitus
438 756 610 801 discreti
632 758 687 801 ab
714 757 963 817 alienigenis
979 795 989 814 ,
1015 759 1117 818 quia
1139 774 1229 803 non
1257 768 1359 803 sunt
1374 760 1450 819 ju-

62 843 165 886 gum
195 827 404 872 ducentes
433 842 533 871 cum
564 828 840 886 infidelibus,
871 829 1028 874 deinde
1061 829 1233 874 discreti
1265 846 1450 875 concor-

7 901 9 907 ⁴
59 898 172 941 diter
201 899 314 941 inter
347 913 392 942 se
423 899 676 943 muneribus
713 900 909 959 propriis.
951 919 972 942 «
1002 903 1101 945 Non
1140 901 1256 944 enim
1300 917 1449 946 omnes

61 985 83 1008 »
117 967 336 1027 Apostoli,
363 977 438 1012 aut
459 983 609 1012 omnes
640 970 891 1028 Prophetae,
929 979 1004 1013 aut
1036 985 1186 1014 omnes
1216 976 1444 1025 Doctores,

60 1054 82 1079 »
117 1047 192 1082 aut
220 1054 368 1082 omnes
402 1038 517 1083 dona
555 1040 721 1083 habent
753 1040 1051 1096 curationum,
1088 1049 1164 1084 aut
1196 1056 1345 1084 omnes
1367 1040 1448 1084 lin—

59 1126 80 1150 »
117 1109 210 1167 guis
237 1108 503 1169 loquuntur,
531 1120 606 1154 aut
627 1126 776 1154 omnes
809 1111 1165 1170 interpretantur.
1192 1113 1349 1155 Omnia
1372 1128 1447 1156 au-

60 1196 81 1219 »
115 1188 203 1223 tem
224 1180 319 1224 haec
347 1189 553 1240 operatur
579 1196 693 1224 unus
722 1190 853 1241 atque
878 1180 995 1225 idem
1017 1181 1219 1240 Spiritus,
1250 1181 1447 1226 dividens

59 1265 80 1289 »
114 1251 287 1308 propria
305 1251 542 1310 unicuique
564 1260 695 1310 prout
716 1249 841 1295 vult²
865 1270 873 1295 :
903 1269 923 1291 »
944 1267 1076 1311 quem
1098 1251 1244 1296 dando
1273 1252 1346 1295 ille
1370 1268 1445 1296 su-

55 1319 319 1378 percoelestis
336 1319 542 1362 discernit
554 1333 675 1376 reges
689 1333 817 1377 super
837 1319 1085 1361 columbam
1099 1321 1440 1376 deargentatam.

55 1391 118 1434 De
140 1404 228 1449 quo
249 1389 410 1448 Spiritu
434 1398 582 1433 sancto
609 1403 710 1432 cum
732 1387 787 1431 ad
804 1388 894 1447 ejus
911 1396 1094 1431 matrem
1113 1389 1245 1445 gratia
1268 1388 1443 1448 plenam

55 1459 208 1503 missus
226 1459 416 1517 Angelus
429 1458 698 1519 loqueretur,
714 1455 927 1518 quaerenti
943 1457 1166 1517 quomodo
1183 1458 1306 1503 fieret
1323 1461 1444 1519 quod

54 1530 246 1590 paritura
279 1530 581 1584 nuntiabatur,
608 1529 816 1589 quoniam
839 1544 929 1573 non
956 1530 1246 1588 cognoscebat
1266 1531 1408 1575 virum
1429 1548 1441 1582 ;

58 1619 79 1642 «
116 1601 298 1660 Spiritus
325 1609 499 1645 sanctus
516 1636 525 1654 ‚
558 1600 724 1660 inquit,
759 1601 1035 1660 superveniet
1063 1600 1109 1643 in
1138 1610 1206 1654 te,
1238 1610 1282 1645 et
1307 1602 1443 1646 virtus

55 1687 78 1711 »
112 1670 319 1716 Altissimi
341 1670 623 1714 obumbrabit
644 1670 724 1714 tibi
743 1672 775 1713 ³.
804 1688 824 1711 ³>
851 1670 968 1723 Quid
987 1679 1071 1724 est,
1101 1690 1121 1712 «
1146 1671 1443 1715 Obumbrabit

35 1758 77 1781 -»
111 1741 217 1795 tibi,
249 1760 268 1781 »
295 1741 398 1795 nisi,
435 1742 637 1784 umbram
664 1741 820 1785 faciet?
855 1740 979 1784 Unde
1009 1749 1053 1784 et
1082 1741 1152 1784 isti
1185 1756 1306 1800 reges
1335 1741 1441 1786 dum

54 1811 188 1870 gratia
209 1811 391 1870 Spiritus
409 1811 584 1855 Domini
608 1811 766 1855 Christi
792 1810 1100 1855 discernuntur
1121 1826 1250 1871 super
1272 1810 1442 1856 colum-

52 1882 155 1926 bam
191 1882 547 1940 deargentatam:
583 1900 603 1923 «
634 1881 741 1926 Nive
769 1881 1094 1925 dealbabuntur
1118 1882 1165 1925 in
1195 1881 1385 1927 Selmon.
1414 1901 1436 1924 »

55 1951 229 1996 Selmon
258 1952 420 2012 quippe
451 1951 762 2011 interpretatur
793 1950 965 1994 umbra.
1002 1953 1099 1995 Non
1134 1952 1250 1994 enim
1278 1953 1440 1997 meritis

53 2029 127 2064 aut
148 2020 308 2064 virtute
330 2021 505 2079 propria
527 2020 848 2065 discernuntur.
875 2021 1015 2073 «Quis
1037 2020 1152 2064 enim
1173 2030 1216 2065 te
1231 2056 1241 2075 ,
1266 2022 1436 2082 inquit,

54 2107 75 2131 »
110 2089 343 2134 discernit?
365 2090 481 2142 Quid
509 2100 655 2134 autem
687 2091 820 2135 habes
850 2089 969 2150 quod
1002 2107 1091 2135 non
1125 2092 1390 2151 accepisti4?
1414 2109 1435 2133 »

52 2162 109 2205 Ut
119 2175 221 2219 ergo
239 2160 541 2204 discernantur
555 2160 610 2203 ab
622 2160 778 2219 impiis,
793 2161 1010 2220 accipiunt
1023 2162 1317 2205 remissionem
1334 2177 1438 2221 pec-

51 2240 247 2275 catorum
269 2231 321 2273 ab
340 2229 415 2274 illo
437 2231 513 2291 qui
540 2230 598 2274 ait
623 2250 632 2274 ε
664 2249 682 2272 «
707 2231 748 2275 Si
779 2230 941 2274 fuerint
961 2240 1138 2291 peccata
1166 2241 1303 2276 vestra
1326 2233 1438 2277 sicut

53 2318 74 2342 »
106 2301 402 2360 phoenicium,
427 2310 639 2360 tanquam
673 2300 818 2344 nivem
842 2299 1100 2344 dealbatam,
1130 2320 1150 2343 n
1183 2305 1297 2346 Ecce
1325 2319 1437 2363 quo-

49 2370 182 2415 modo
207 2389 227 2413 «
251 2371 357 2415 Nive
378 2370 700 2414 dealbabuntur
717 2371 762 2413 in
787 2369 977 2425 Selmon,
996 2371 1077 2414 »in
1095 2372 1228 2430 gratia
1254 2373 1436 2432 Spiritus

49 2441 230 2495 Christi,
253 2455 341 2500 quo
363 2440 420 2484 eis
437 2440 565 2484 etiam
589 2439 762 2500 propria
780 2439 893 2484 dona
917 2439 1098 2485 discreta
1120 2450 1247 2486 sunt:
1273 2442 1327 2485 de
1345 2458 1433 2502 quo

96 2554 106 2570 ¹
125 2550 216 2580 Rom.
245 2559 301 2588 vr,
324 2548 513 2589 12‚13.-’
533 2554 548 2569 ²
570 2559 582 2579 1
604 2549 677 2580 Cor.
708 2559 776 2589 xn,
802 2560 837 2580 11
862 2552 895 2580 et
914 2557 969 2591 29,
990 2549 1044 2582 30.
1064 2566 1106 2571 —-
1126 2547 1138 2571 3
1163 2551 1239 2581 Luc.
1263 2561 1287 2590 1,
1308 2548 1360 2581 35.
1390 2566 1432 2572 -

50 2601 66 2632 4
94 2615 106 2635 1
132 2605 202 2636 Cor.
221 2615 267 2645 lv,
290 2615 320 2645 7.
339 2621 379 2626 —
403 2602 417 2626 5
437 2604 507 2635 Isai'.
529 2615 551 2644 ι,
581 2604 630 2636 18.
