1889 3285
439 267 681 299 ENARRAno
712 267 758 297 nv
788 266 992 299 ΡεΑιΜυΜ
1022 269 1112 298 nx.
1382 257 1465 298 103

89 351 265 383 acervus
285 335 519 382 testimonii
539 356 551 394 3
575 344 620 380 et
637 350 715 396 per
729 349 932 381 acervum
951 332 1187 380 testimonii
1206 332 1386 379 dilatata
1401 344 1467 381 est

88 408 272 454 charitas
295 406 454 452 Christi
471 427 483 464 3
507 414 550 450 et
570 421 648 466 per
672 404 966 450 dilatationem
985 403 1204 450 charitatis
1218 404 1379 449 Christi
1394 415 1470 451 oc-

88 487 259 539 cupatae
279 486 381 522 sunt
402 485 564 537 gentes.
592 477 797 537 Sequitur
820 495 830 521 ς
861 495 879 518 «
898 477 956 521 Et
973 490 1097 520 meus
1116 482 1182 519 est
1194 476 1411 520 Manasses
1426 494 1468 521 ε»

87 549 205 612 quod
223 546 726 609 interpretaturOblitus.
743 548 855 593 Huic
868 547 985 592 enim
996 546 1163 591 dictum
1175 554 1267 590 erat
1281 565 1290 590 :
1311 560 1330 587 «ι
1348 547 1469 592 Con-—

89 638 111 663 »
144 619 360 665 fusionem
389 619 435 663 in
464 627 725 679 perpetuum
748 617 1037 673 oblivisceris,
1068 625 1113 661 et
1129 616 1382 676 ignominiae
1401 618 1471 663 vi-

89 707 111 733 n
144 690 321 736 duitatis
355 699 443 734 tuae
480 704 571 734 non
601 689 681 733 eris
711 690 925 734 mem0r¹.
958 706 979 731 »
1010 690 1116 733 Erat
1146 701 1248 746 ergo
1269 686 1469 734 confusio

87 759 291 807 Ecclesiae
313 759 565 821 aliquando,
590 774 723 820 quam
743 758 876 804 modo
898 758 1035 803 oblita
1061 766 1126 804 est
1160 776 1170 803 ε
1205 756 1471 803 confusionis

87 832 203 877 enirn
224 841 268 876 et
296 832 545 890 ignominiae
576 830 799 875 viduitatis
823 845 913 875 suae
942 831 1035 890 jam
1068 844 1159 874 non
1186 837 1251 874 est
1283 837 1464 875 memor.

87 901 273 956 Quando
294 903 411 946 enim
424 900 626 962 quasdam
648 910 740 946 erat
761 900 960 946 confusio
976 900 1088 944 inter
1102 900 1300 945 homines
1314 933 1326 956 ‚
1350 908 1471 946 acer-

85 989 166 1018 vus
185 973 419 1018 testimonii
441 972 582 1018 factus
611 981 718 1017 erat.
742 966 877 1017 Modo
893 972 983 1032 jam
1014 986 1146 1017 nemo
1170 970 1240 1016 vel
1272 971 1472 1016 meminit

85 1043 200 1089 illius
229 1043 519 1100 confusionis,
554 1042 732 1104 quando
760 1042 999 1102 ignominia
1030 1051 1122 1087 erat
1151 1057 1241 1086 esse
1261 1041 1471 1087 Christia-

85 1131 215 1172 num,
247 1121 337 1173 Jam
371 1129 502 1160 nemo
539 1114 766 1169 meminit,
796 1114 887 1174 jam
914 1127 1065 1157 omnes
1085 1111 1211 1157 obliti
1233 1120 1359 1168 sunt,
1378 1113 1469 1173 jam

89 1205 111 1229 «
140 1189 265 1232 Meus
281 1195 345 1230 est
361 1189 589 1231 Manasses.
616 1188 674 1229 Et
692 1184 898 1244 Ephraem
915 1182 1128 1228 fortitudo
1151 1183 1301 1243 capitis
1316 1184 1417 1229 mei.
1445 1201 1467 1225 u

84 1258 307 1318 Ephraem⁷
320 1255 616 1300 Fructificatio
633 1255 958 1314 interpretatur.
981 1257 1079 1299 Mea
1093 1289 1104 1310 ,
1129 1254 1298 1315 inquit,
1316 1253 1471 1299 fructi-

85 1328 229 1374 ficatio
242 1362 253 1382 ‚
278 1335 322 1371 et
342 1328 436 1370 haec
450 1325 728 1370 fructificatio
739 1324 953 1369 fortitudo
970 1334 1033 1369 est
1047 1325 1197 1385 capitis
1211 1325 1312 1369 mei.
1326 1327 1471 1386 Caput

85 1398 202 1443 enim
223 1410 371 1441 meum
394 1397 592 1441 Christus
613 1403 692 1440 est.
717 1397 775 1439 Et
796 1393 915 1439 unde
948 1394 1227 1440 fructificatio
1255 1394 1471 1441 fortitudo

84 1470 207 1530 ejus?
229 1468 341 1522 Quia
363 1468 445 1511 nisi
467 1480 651 1526 granum
671 1465 844 1511 caderet
864 1466 910 1510 in
931 1475 1091 1510 terram
1107 1502 1118 1522 ,
1143 1482 1234 1512 non
1257 1465 1472 1527 multipli-

85 1548 270 1594 caretur,
295 1538 437 1583 solum
459 1546 716 1582 remaneret.
734 1535 902 1582 Cecidit
918 1552 1021 1596 ergo
1033 1537 1079 1581 in
1093 1546 1253 1581 terram
1274 1534 1470 1583 Christus

84 1610 131 1655 in
165 1610 361 1670 passione
378 1643 389 1663 ᾖ
424 1617 467 1652 et
498 1615 644 1652 secuta
676 1615 740 1651 est
769 1605 1046 1652 fructificatio
1069 1607 1115 1651 in
1134 1607 1466 1653 resurrectione.

88 1699 111 1725 «
132 1683 189 1726 Et
214 1681 418 1740 Ephraem
444 1678 657 1724 fortitudo
690 1679 840 1738 capitis
871 1679 971 1722 mei.
1000 1696 1021 1720 >›
1042 1678 1272 1724 Pendebat’
1299 1688 1342 1724 et
1360 1696 1469 1725 con-

85 1751 362 1797 temnebatur
388 1770 396 1795 :
423 1765 606 1808 granum
628 1758 720 1794 erat
739 1750 877 1805 intus,
901 1750 1094 1794 habebat
1128 1750 1240 1795 vires
1267 1750 1470 1796 trahendi

84 1832 184 1884 post
209 1838 253 1867 se
276 1822 419 1867 omnia
434 1823 466 1866 ².
492 1820 725 1874 Quomodo
746 1821 792 1864 in
810 1836 945 1879 grano
967 1821 1139 1865 numeri
1166 1822 1382 1866 seminum
1401 1821 1470 1866 la-

84 1904 200 1950 tent,
226 1894 445 1954 abjectum
465 1893 609 1937 nescio
630 1891 738 1952 quid
760 1900 936 1952 apparet
963 1890 1098 1936 oculis
1118 1927 1129 1948 ,
1163 1892 1239 1936 sed
1267 1892 1329 1937 vis
1362 1908 1470 1937 con-

85 1974 256 2012 vertens
283 1966 328 2009 in
355 1980 400 2009 se
431 1964 655 2008 materiam
683 1971 726 2006 et
750 1961 975 2022 proferens
1001 1960 1195 2007 fructum
1214 1962 1469 2008 abscondita

86 2045 149 2082 est
165 2037 247 2083 :sic
271 2036 317 2080 in
338 2035 499 2081 Christi
516 2049 644 2079 cruce
661 2032 913 2078 abscondita
935 2042 1026 2078 erat
1046 2034 1181 2078 virtus
1196 2069 1207 2088 ,
1233 2033 1469 2093 apparebat

85 2107 325 2153 infirmitas.
350 2108 388 2151 O
407 2120 614 2165 magnum
640 2120 822 2164 granum
843 2105 852 2148 l
878 2106 1007 2150 Certe
1030 2105 1229 2149 infirmus
1261 2114 1325 2149 est
1360 2120 1470 2165 pen-

86 2176 191 2224 dens
204 2214 216 2235 ‚
241 2188 357 2224 certe
376 2186 475 2222 ante
487 2177 612 2222 illum
626 2185 757 2237 caput
767 2175 891 2236 plebs
911 2175 984 2219 illa
1001 2176 1196 2234 agitavit,
1218 2185 1333 2220 certe
1349 2175 1470 2220 dixe-

87 2258 217 2295 runt:
246 2269 266 2292 «
293 2250 336 2295 Si
357 2248 490 2294 Filius
513 2248 590 2293 Dei
618 2255 708 2304 est,
745 2246 981 2292 descendat
1017 2245 1073 2291 de
1107 2248 1275 2291 cruce3.
1304 2265 1326 2288 >1
1352 2245 1468 2292 Audi

86 2319 389 2366 fortitudinem
416 2321 506 2380 ejus
527 2338 536 2364 z
559 2338 579 2361 «
600 2318 730 2372 Quod
752 2318 976 2362 infirmum
1001 2326 1064 2362 est
1091 2318 1197 2374 Dei,
1228 2316 1381 2363 fortius
1404 2325 1468 2362 est

90 2410 111 2434 n
143 2392 394 2437 hominibus
412 2393 492 2435 41»
519 2391 675 2436 Merito
692 2399 813 2435 tanta
829 2389 1106 2435 fructificatio
1124 2398 1356 2436 consecuta
1377 2398 1466 2436 este

88 2463 182 2507 haec
202 2477 299 2506 mea
320 2471 383 2507 est
398 2496 409 2518 ‚
422 2461 534 2511 ‘dicit
555 2461 760 2506 Ecclesia.

135 2564 146 2581 ¹
175 2558 247 2591 Isa'i.
271 2569 348 2600 mv,
381 2558 413 2600 4.
445 2575 486 2581 --
515 2565 526 2581 ²
561 2560 653 2590 Joan.
689 2567 756 2598 xii,
785 2555 827 2599 24
846 2561 878 2589 et
900 2555 952 2589 32.
977 2565 1024 2579 ¹—-
1051 2554 1202 2599 {Mamm
1231 2566 1332 2595 xxvix,
1350 2553 1469 2599 403-

91 2611 109 2642 4
127 2623 139 2645 1
157 2613 229 2646 Cor.
250 2626 274 2655 1,
294 2614 347 2646 25Δ
