1889 3285
443 276 682 304 ENAnnATm
714 278 759 304 m
791 276 994 304 PsALMUM
1025 278 1146 305 Lxxv.
1402 267 1479 306 521

110 342 300 387 celebras
329 341 536 386 solemnia
569 346 658 387 Deo
689 352 781 386 tuo.
815 345 927 387 Ecce
947 343 1085 402 prima
1113 343 1319 401 cogitatio
1348 344 1488 388 confi-

110 423 205 457 tens
234 412 350 458 Sauli
381 412 585 471 apostoli,
617 415 705 473 jam
734 413 883 467 Pauli,
908 414 983 472 qui
1006 413 1145 472 primo
1187 413 1339 458 Saulus
1372 413 1456 457 fuit
1474 449 1484 469 ,

111 484 288 545 quando
307 482 472 527 audivit
490 499 643 528 vocem
661 483 715 528 de
733 483 866 539 coelo,
881 499 981 528 cum
998 493 1326 543 persequeretur
1343 485 1490 529 Chris-

111 564 205 598 tum
222 589 232 609 ,
270 563 313 597 et
335 552 497 597 fureret
525 554 569 596 in
603 554 888 607 Christianos,
915 563 957 597 et
988 552 1119 596 vellet
1151 563 1200 597 ut
1224 553 1490 613 ubicumque

110 627 308 670 inventos
335 624 571 668 adduceret
598 623 814 668 necandos
833 659 844 679 ,
882 623 1048 668 audivit
1079 639 1230 668 vocem
1260 623 1314 667 de
1341 624 1454 668 coelo
1479 644 1488 668 :

116 715 134 736 «
172 694 319 750 Saule,
348 693 496 749 Saule,
521 695 630 755 quid
651 711 719 738 me
737 695 1003 756 persequeris
1020 698 1060 739 ¹?
1085 716 1101 736 n
1116 698 1173 740 Et
1189 696 1492 740 circumfulsus

110 764 304 820 lumine,
342 763 455 808 facta
491 765 572 808 sibi
598 765 790 809 caecitate
813 765 857 809 in
886 764 1047 819 oculis,
1078 774 1129 809 ut
1154 766 1271 809 intus
1302 765 1490 821 videret,

111 835 251 879 emisit
277 835 460 894 primam
496 835 804 893 cogitationem
842 835 1130 887 obedientiae3
1165 852 1266 880 cum
1289 835 1458 879 audiret
1482 855 1490 880 :

115 924 132 945 «
168 908 264 964 Ego
295 921 387 949 sum
413 908 537 949 Jesus
564 908 829 960 Nazarenus,
861 921 992 965 quem
1020 916 1070 949 tu
1091 906 1381 965 persequeris,
1407 909 1495 950 Do-

116 995 134 1017 »
169 975 286 1019 mine
303 1011 313 1031 ,
339 976 424 1030 ait,
449 975 558 1036 quid
579 991 648 1019 me
671 976 798 1035 jubes
820 976 1012 1020 facere2?
1037 996 1054 1018 »
1082 979 1185 1021 Haec
1208 985 1271 1020 est
1291 977 1495 1035 cogitatio

111 1046 322 1091 confitens
347 1065 355 1090 :
376 1047 466 1105 jam
496 1047 729 1090 Dominum
753 1047 942 1106 appellat
973 1062 1105 1107 quem
1136 1046 1491 1106 persequebatur.

111 1116 345 1169 Quomodo
368 1135 386 1156 «
407 1115 620 1176 Reliquiae
642 1116 912 1174 cogitationis
934 1115 1139 1160 solemnia
1163 1116 1491 1172 celebrabunt,»

110 1187 156 1231 in
173 1185 308 1230 Paulo
331 1185 529 1241 audistis,
551 1201 652 1229 cum
676 1186 766 1245 ipse
784 1186 1015 1245 Apostolus
1032 1186 1272 1246 legeretur:
1300 1190 1498 1231 «Memor

118 1276 135 1297 »
171 1265 261 1300 esto
284 1255 505 1301 Christum
534 1257 684 1299 Jesum
712 1256 988 1300 resurrexisse
1013 1273 1036 1300 a
1057 1258 1241 1301 mortuis
1265 1272 1315 1300 ex
1336 1257 1497 1300 semine

117 1347 136 1368 »
171 1326 336 1382 David,
377 1326 618 1371 secundum
652 1326 941 1386 Evangelium
974 1343 1120 1371 meum
1139 1329 1171 1371 ³.
1211 1348 1227 1369 »
1261 1326 1376 1381 Quid
1403 1336 1494 1383 est,

116 1416 134 1438 «
169 1401 338 1443 Memor
358 1399 474 1442 esto?
497 1419 513 1439 »
532 1401 630 1443 Non
651 1398 850 1442 deleatur
870 1398 924 1443 de
941 1400 1147 1443 memoria
1169 1408 1244 1443 tua
1266 1398 1494 1457 cogitatio,

113 1484 199 1528 qua
222 1469 362 1528 primo
380 1467 599 1513 confessus
621 1484 664 1512 es
686 1488 694 1513 :
717 1469 803 1512 sint
829 1488 846 1509 «
876 1468 1088 1528 Reliquiae
1117 1468 1386 1526 cogitationis
1415 1489 1431 1508 »
1453 1468 1499 1512 in

111 1539 335 1583 memoria.
356 1542 413 1582 Et
429 1538 528 1581 vide
551 1538 924 1596 quemadmodum
950 1539 1105 1598 repetit
1127 1537 1248 1596 quod
1265 1538 1346 1582 sibi
1368 1537 1500 1582 dona-

113 1617 205 1652 tum
226 1617 290 1652 est
305 1607 421 1651 idem
445 1606 604 1651 Paulus
628 1605 847 1665 apostolus
871 1605 955 1649 alio
978 1605 1099 1650 loco:
1125 1626 1142 1645 «
1169 1607 1253 1659 Qui
1275 1608 1414 1665 prius,
1437 1608 1501 1650 in-

121 1699 137 1720 »
173 1678 290 1738 quit,
322 1676 385 1720 fui
413 1676 714 1736 blasphemus,
748 1685 790 1719 et
813 1684 1086 1734 persecutor,
1112 1685 1155 1719 et
1176 1677 1450 1736 injuriosus4.
1477 1698 1496 1718 »

115 1749 199 1801 Qui
228 1747 334 1792 dicit
364 1767 373 1792 :
408 1766 425 1786 «
464 1747 587 1790 Prius
621 1744 685 1789 fui
719 1744 998 1804 blasphemus
1022 1780 1032 1800 ,
1069 1766 1085 1786 »
1111 1746 1329 1806 numquid
1356 1746 1500 1791 adhue

115 1819 395 1878 blasphemus
424 1820 528 1862 est?
556 1820 611 1862 Ut
643 1833 733 1861 non
768 1826 879 1861 esset
911 1816 1188 1876 blasphemus
1206 1853 1216 1872 ,
1255 1816 1338 1860 fuit
1361 1818 1500 1876 prima

116 1889 321 1948 cogitatio
343 1890 554 1934 confitens
573 1908 580 1932 :
603 1897 652 1932 ut
669 1897 814 1932 autem
837 1898 1197 1932 commemoraret
1214 1888 1324 1948 quid
1341 1887 1402 1931 illi
1425 1887 1501 1933 do-

116 1971 268 2005 natum
289 1970 353 2005 est
372 1997 382 2016 ,
408 1979 425 2000 «
447 1959 661 2020 Reliquiae
682 1959 952 2017 cogitationis
975 1968 1097 2003 erant
1113 1994 1122 2010 ‚
1141 1980 1157 2000 »
1179 1975 1257 2019 per
1278 1959 1388 2018 ipsas
1406 1959 1501 2003 reli-

117 2032 239 2094 quias
254 2031 524 2089 cogitationis
548 2030 755 2074 solemnia
775 2029 1037 2074 celebrabat.
1537 2020 1541 2023 ⁴

173 2105 270 2147 XV.
296 2102 468 2146 Etenim
485 2137 495 2155 ,
524 2101 674 2145 fratres
696 2101 782 2144 mei
802 2136 812 2156 ,
835 2116 932 2144 eece
948 2101 1170 2145 innovavit
1193 2116 1269 2144 nos
1287 2101 1498 2156 Christus,

118 2173 296 2218 donavit
318 2172 462 2216 omnia
480 2181 671 2231 peccata,
693 2181 735 2215 et
747 2171 940 2215 conversi
961 2186 1131 2215 sumus:
1149 2172 1180 2214 si
1200 2170 1503 2215 obliviscamur

117 2243 224 2306 quid
241 2243 364 2287 nobis
379 2242 590 2287 donatum
605 2251 683 2297 est,
700 2251 743 2286 et
754 2259 775 2286 a
790 2258 877 2302 quo
892 2241 1101 2285 donatum
1117 2251 1194 2295 est,
1213 2240 1503 2285 obliviscimur

119 2330 277 2359 munus
307 2313 537 2359 Salvatoris
565 2332 573 2357 ε
600 2328 701 2356 cum
725 2322 869 2356 autem
898 2327 987 2354 non
1020 2310 1311 2355 obliviscimur
1344 2326 1503 2355 munus

121 2385 372 2439 Salvatoris,
398 2399 544 2427 nonne
565 2381 760 2442 quotidie
786 2381 910 2426 nobis
927 2381 1122 2426 Christus
1144 2380 1423 2424 immolatur?
1445 2383 1502 2425 Et

119 2455 250 2500 semel
262 2456 387 2500 nobis
405 2454 600 2499 Christus
618 2453 864 2496 immolatus
878 2461 956 2506 est,
978 2466 1078 2495 cum
1093 2449 1355 2495 credidimus
1371 2471 1382 2507 3
1398 2459 1502 2494 tunc

121 2526 205 2570 fuit
218 2526 441 2585 cogitatio:
458 2523 589 2568 modo
607 2532 753 2567 autem
769 2521 963 2582 reliquiae
983 2521 1254 2580 cogitationis
1269 2529 1384 2575 sunt,
1402 2536 1502 2564 cum

171 2609 380 2651 ¹Act.1x,4.
403 2627 443 2633 -
460 2616 472 2632 ²
497 2609 578 2641 Ibid.
602 2609 632 2638 Ξ,
654 2625 694 2630 -
716 2606 728 2629 3
748 2616 766 2639 2
784 2607 864 2639 Tim.
883 2619 920 2648 ir,
940 2609 970 2638 8.
988 2623 1029 2630 --
1048 2605 1063 2635 4
1079 2617 1090 2637 1
1115 2606 1195 2638 Tim.
1215 2616 1237 2645 1,
1261 2605 1311 2636 13.
