1889 3285
378 218 463 258 402
807 227 840 254 s.
875 225 1108 257 Avensa-nu
1139 231 1323 259 EPlscom

373 296 531 341 vocat?
563 294 720 339 Nonne
751 292 844 353 ipse
881 303 946 338 est
965 328 978 349 ,
1014 295 1091 355 qui
1126 294 1266 340 dicit:
1307 313 1330 338 «
1366 293 1542 353 Diligite
1569 295 1768 340 inimicos

375 383 395 407 »
430 372 616 422 vestros3
642 372 761 408 orate
782 379 863 424 pro
877 364 936 408 eis
949 364 1027 425 qui
1042 381 1119 410 vos
1144 375 1495 426 persequuntur:
1521 364 1768 410 benefacite

375 453 395 476 »
428 434 464 478 is
490 433 568 493 qui
596 449 671 479 vos
704 435 922 479 oderunt?
947 453 968 476 »
1008 437 1114 480 Haec
1147 435 1319 490 dicens,
1355 436 1412 481 ad
1437 434 1767 480 similitudinem

369 504 447 549 Dei
460 520 539 548 nos
549 505 766 550 hortatur.
787 505 983 566 Denique
998 505 1109 566 quid
1123 505 1349 566 adjungit?
1370 525 1390 548 «
1410 509 1468 551 Ut
1486 506 1590 561 sitis,
1605 505 1766 566 inquit,

373 594 395 616 n
429 575 508 619 filii
529 576 667 620 Patris
688 578 819 622 vestri
830 578 906 637 qui
922 578 968 621 in
980 577 1102 622 coelis
1119 587 1197 622 est.
1222 598 1241 620 »
1263 577 1379 631 Quid
1395 578 1512 621 enim
1528 578 1620 637 ipse
1637 577 1768 622 facit?

373 664 396 687 »
430 649 525 691 Hoc
547 646 650 692 facit
681 657 828 693 certe:
857 667 878 691 «
914 648 1000 702 Qui
1035 647 1173 693 solem
1207 663 1337 693 suum
1370 648 1473 693 oriri
1503 646 1609 692 facit
1639 662 1770 707 super

373 734 394 758 »
429 716 568 762 bonos
600 727 644 762 et
674 718 834 771 maloS‚
866 728 910 763 et
934 718 1048 778 pluit
1077 734 1208 779 super
1233 721 1373 779 justos
1413 727 1457 763 et
1486 719 1714 778 injustos1.
1743 734 1764 760 »

373 787 458 840 Qui
472 803 573 846 ergo
596 788 708 833 bene
730 788 826 833 vult
847 789 1024 834 inimico
1047 805 1150 845 suo,
1167 793 1258 835 Deo
1279 790 1431 834 similis
1454 798 1518 834 est
1544 808 1553 833 :
1585 804 1667 834 nec
1687 788 1769 833 ista

370 859 596 917 superbia,
626 859 702 904 sed
723 860 975 905 obedientia
1001 870 1081 905 est.
1105 863 1271 914 Quare?
1299 861 1413 914 Quia
1446 859 1502 904 ad
1532 860 1768 918 imaginem

370 929 448 972 Dei
469 929 572 974 facti
603 946 767 975 sumus.
797 949 818 974 «
843 931 1098 986 Faciamus,
1131 932 1302 992 inquit,
1331 931 1559 974 hominem
1580 929 1637 974 ad
1655 930 1767 974 ima-

373 1016 395 1040 »
431 999 575 1056 ginem
597 1010 640 1044 et
676 1001 1008 1050 similitudinem
1037 1010 1230 1046 nostram
1243 1005 1277 1045 ⁴2.
1298 1019 1320 1043 »
1351 1003 1449 1046 Non
1476 1015 1580 1059 ergo
1603 998 1770 1060 aliquid

373 1068 564 1113 alienum
584 1079 671 1126 est,
696 1072 731 1115 si
752 1071 987 1130 imaginem
1004 1072 1081 1117 Dei
1107 1081 1307 1116 tenemus
1335 1071 1382 1115 in
1408 1070 1535 1115 nobis
1564 1088 1573 1115 ε
1599 1070 1770 1115 utinam

371 1154 468 1183 eam
488 1155 566 1199 per
586 1141 837 1200 superbiam
855 1158 946 1186 non
964 1142 1236 1186 amittamus!
1257 1141 1342 1187 Sed
1357 1141 1465 1202 quid
1487 1150 1552 1186 est
1565 1176 1576 1197 ‚
1597 1156 1674 1201 per
1692 1156 1768 1185 su-

369 1210 565 1270 perbiam
584 1210 697 1255 velle
717 1227 805 1256 esse
822 1212 1006 1257 similem
1036 1214 1152 1257 Deo?
1171 1212 1280 1272 quid
1304 1221 1533 1272 putamus,
1558 1221 1609 1256 ut
1629 1211 1768 1256 excla-

370 1290 511 1325 maret
543 1282 767 1342 captivus:
797 1301 818 1325 «
852 1283 1064 1337 Domine,
1083 1283 1181 1343 quis
1205 1282 1353 1327 similis
1387 1283 1495 1327 tibi?
1515 1301 1536 1324 »
1571 1299 1671 1343 quae
1705 1291 1769 1327 est

369 1349 449 1396 ista
462 1367 663 1411 perversa
680 1351 945 1397 similitudo?
959 1351 1122 1396 Audite
1135 1386 1146 1406 ,
1167 1362 1210 1396 et
1230 1352 1481 1413 intelligite,
1510 1354 1545 1398 si
1562 1353 1766 1413 potestis:

370 1420 587 1466 credimus
605 1432 753 1466 autem
777 1423 880 1482 quia
913 1423 1005 1480 ipse
1035 1421 1112 1482 qui
1143 1437 1222 1467 nos
1255 1424 1401 1481 posuit
1431 1424 1526 1468 haec
1547 1424 1672 1468 vobis
1695 1422 1766 1467 di-

369 1507 494 1549 cere,
519 1493 644 1538 dabit
674 1494 799 1538 vobis
829 1495 960 1538 etiam
985 1509 1110 1553 posse
1137 1504 1181 1538 et
1212 1494 1470 1553 intelligere.
1502 1497 1618 1539 Deus
1644 1493 1769 1538 nullo

371 1562 537 1621 indiget
558 1564 699 1618 bono,
724 1572 768 1607 et
796 1564 886 1623 ipse
924 1572 988 1607 est
1019 1579 1243 1608 summum
1277 1565 1468 1619 bonum,
1505 1573 1549 1608 et
1579 1563 1635 1609 ab
1673 1564 1767 1623 ipso

371 1642 436 1678 est
462 1649 591 1678 omne
611 1634 796 1678 bonum.
823 1635 881 1678 Ut
909 1648 1013 1692 ergo
1045 1633 1151 1678 boni
1184 1634 1344 1690 simus,
1368 1637 1459 1679 Deo
1481 1634 1726 1691 indigemus
1755 1653 1765 1678 z

371 1713 422 1748 ut
443 1704 586 1749 bonus
618 1705 671 1748 sit
696 1707 832 1756 Deus,
864 1704 991 1745 nobis
1021 1717 1118 1750 finon
1154 1704 1361 1763 indiget3
1395 1719 1477 1748 nec
1513 1703 1638 1747 nobis
1668 1712 1770 1747 tan-

370 1783 482 1829 tum⁷
497 1774 570 1817 sed
595 1792 615 1814 «
643 1777 788 1832 Usque
812 1771 869 1816 ad
890 1771 1094 1816 altissima
1120 1788 1221 1833 quae
1244 1773 1349 1818 fecit
1378 1772 1617 1832 magnalia,
1639 1791 1662 1816 »
1686 1790 1767 1819 nec

371 1847 471 1906 ipsis
503 1844 755 1890 coelestibus
775 1879 786 1898 ‚
822 1859 903 1889 nec
938 1844 1319 1904 supercoelestibus
1343 1879 1355 1900 ,
1390 1859 1472 1890 nec
1510 1843 1624 1889 coelo
1665 1844 1767 1889 coeli

373 1915 496 1977 quod
520 1915 701 1971 dicitur,
738 1913 906 1974 indiget
938 1917 1052 1959 Deus
1069 1949 1080 1970 ‚
1117 1923 1167 1958 ut
1190 1924 1266 1959 aut
1295 1913 1449 1959 melior
1473 1915 1552 1970 sit,
1589 1924 1666 1960 aut
1685 1931 1768 1975 po-

370 1987 552 2041 tentior,
579 1995 655 2031 aut
672 1986 854 2030 beatior.
880 1985 999 2038 Quid
1020 1985 1135 2029 enim
1157 1995 1267 2031 esset
1285 1985 1505 2047 quidquid
1525 1985 1646 2031 aliud
1674 1995 1738 2030 est
1752 2021 1764 2042 ‚

369 2057 453 2102 nisi
473 2057 563 2117 ipse
584 2056 782 2101 fecisset?
805 2060 898 2108 Quo
921 2070 1023 2115 ergo
1046 2064 1144 2114 eget
1162 2056 1238 2100 abs
1261 2065 1304 2100 te
1333 2056 1410 2115 qui
1442 2065 1532 2101 erat
1566 2066 1667 2101 ante
1696 2066 1764 2112 te,

373 2137 417 2172 et
450 2136 539 2171 tam
577 2137 732 2187 potens
760 2135 874 2181 erat,
909 2134 959 2170 ut
987 2141 1087 2170 cum
1123 2135 1173 2170 tu
1201 2142 1291 2171 non
1321 2141 1453 2181 esses,
1496 2127 1659 2171 faceret
1699 2128 1768 2172 te?

370 2200 596 2259 Numquid
611 2197 835 2259 quomodo
852 2206 1053 2262 parentes
1077 2196 1245 2242 faciunt
1266 2197 1404 2242 filios?
1425 2201 1508 2241 Per
1530 2197 1768 2257 quamdam

373 2269 768 2329 concupiscentiam
789 2267 1004 2313 carnalem
1026 2277 1250 2326 generant,
1270 2267 1558 2328 potiusquam
1577 2277 1726 2312 creant
1749 2286 1758 2312 :

372 2339 463 2384 istis
480 2339 596 2383 enim
614 2338 948 2398 generantibus,
972 2341 1088 2382 Deus
1115 2346 1248 2382 creat.
1274 2339 1383 2381 Nam
1415 2338 1450 2381 si
1471 2346 1520 2381 tu
1540 2337 1600 2381 ita
1621 2353 1762 2392 creas,

374 2409 444 2455 dic
476 2410 586 2470 quid
608 2418 680 2466 tua
714 2408 870 2453 mulier
899 2408 1092 2468 paritura
1122 2417 1200 2452 est.
1232 2407 1351 2461 Quid
1386 2408 1548 2463 dicam,
1579 2412 1645 2452 Tu
1664 2407 1766 2454 dic?

376 2484 474 2540 Ipsa
492 2481 627 2535 dicat,
649 2495 749 2540 quae
773 2479 893 2539 quod
915 2479 1256 2538 portatignorat.
1284 2480 1503 2523 Generant
1522 2488 1669 2524 tamen
1685 2479 1767 2524 ho·-

422 2572 428 2587 ¹
447 2564 559 2596 Matth.
579 2576 625 2606 v,
651 2562 705 2605 45.
736 2581 767 2585 -
788 2566 879 2596 ‘Gen
916 2574 946 2604 ι,
962 2563 1017 2595 26.
