1889 3285
376 217 458 255 520
807 224 841 253 s.
879 228 1107 254 AUGUSTIM
1141 228 1322 254 Emscom

378 315 395 334 »
430 302 638 352 tanquam
661 292 817 336 umbra
835 295 864 335 ¹.
897 311 913 333 »
941 294 1055 350 Ergo
1079 291 1265 351 vigilasti
1289 292 1537 352 aliquando.
1563 291 1648 337 Sed
1668 308 1757 337 me-

370 362 453 406 lius
482 377 645 421 equum
681 360 771 406 non
806 361 1084 417 ascenderes,
1123 371 1174 405 ut
1209 371 1315 406 tunc
1348 378 1437 406 non
1473 361 1754 414 dormitares,

372 431 550 493 quando
590 431 767 491 vigilare
804 431 1022 489 debuisti3
1062 441 1106 476 et
1127 431 1296 476 audires
1328 448 1481 476 vocem
1501 432 1687 487 Christi,
1713 441 1758 477 et

372 502 640 547 illuminaret
663 512 705 547 te
727 502 937 547 Christus.
974 522 991 543 ‹<
1016 505 1081 546 Tu
1102 502 1302 546 terribilis
1331 518 1396 558 es⁷
1417 512 1460 546 et
1477 504 1572 563 quis
1593 503 1757 547 resistet

378 594 395 615 »
431 573 513 618 tibi
535 583 641 618 tunc
663 573 719 617 ab
741 574 803 617 ira
826 574 931 617 tua?
955 593 972 614 »
999 573 1116 627 Quid
1132 574 1246 617 enim
1264 574 1343 618 erit
1364 583 1470 618 tunc
1488 576 1506 618 P

431 647 535 689 XII.
566 664 582 684 «
609 648 672 689 De
694 644 806 689 coelo
830 643 1047 704 jaculatus
1075 659 1118 688 es
1139 644 1355 705 judicium
1382 664 1391 689 2
1416 654 1530 688 terra
1547 644 1755 699 tremuit,

378 736 396 756 »
432 725 475 760 et
496 716 701 776 quievit2.
733 736 750 757 »
778 718 886 768 Quae
917 715 1049 760 modo
1072 731 1116 759 se
1138 715 1288 760 turbat
1307 751 1319 771 ,
1344 732 1443 776 quae
1462 715 1593 760 modo
1610 715 1758 776 loqui-

371 794 459 841 tur,
478 786 627 830 timere
644 786 777 830 hahet
799 786 845 829 in
865 786 951 829 fine
974 795 1017 830 et
1037 786 1272 846 quiescere.
1290 785 1447 830 Melius
1467 786 1599 831 modo
1621 786 1760 846 quies-

372 865 512 912 ceret,
538 858 649 902 utin
667 858 754 901 fine
777 857 1002 916 gauderet.

431 930 556 971 XIII.
590 946 606 967 «
638 931 767 972 Terra
800 927 1003 982 tremuit,
1035 936 1079 971 et
1096 926 1276 987 quievit.
1308 947 1325 969 ›>
1353 927 1566 980 Quando?
1597 945 1615 967 «
1647 927 1761 972 Cum

378 1019 396 1039 »
432 1007 660 1057 exurgeret
697 999 743 1042 in
772 998 990 1060 judicium
1013 1001 1154 1053 Deus,
1187 1006 1237 1041 ut
1258 997 1396 1042 salvos
1429 996 1590 1042 faceret
1612 1012 1761 1041 omnes

377 1088 395 1109 »
431 1069 556 1112 mites
579 1067 709 1113 corde
726 1070 757 1113 3.
789 1090 806 1111 »
831 1068 915 1122 Qui
943 1077 1045 1113 sunt
1066 1069 1190 1112 mites
1227 1066 1387 1112 corde?
1423 1067 1508 1121 Qui
1527 1066 1761 1111 frementes

371 1154 506 1199 equos
541 1155 632 1184 non
663 1139 953 1184 ascenderunt
973 1174 983 1194 ‚
1015 1138 1092 1183 sed
1124 1139 1171 1182 in
1209 1137 1455 1182 humilitate
1477 1153 1552 1182 sua
1585 1146 1763 1197 peccata

372 1209 558 1255 confessi
577 1220 693 1254 sunt.
720 1229 737 1250 «
765 1213 822 1255 Ut
843 1210 980 1254 salvos
998 1209 1159 1254 faceret
1176 1224 1324 1254 omnes
1346 1209 1471 1253 mites
1494 1208 1638 1253 corde.
1667 1229 1684 1250 »

430 1283 552 1324 XIV.
584 1299 600 1320 «
623 1281 840 1334 Quoniam
860 1280 1066 1340 cogitatio
1087 1280 1274 1324 hominis
1297 1279 1576 1323 confitebitur
1594 1278 1670 1322 tibi
1685 1313 1696 1333 ‚
1719 1287 1763 1322 et

378 1370 395 1392 »
432 1350 626 1410 reliquiae
644 1351 914 1409 cogitationis
934 1350 1143 1395 solemnia
1165 1350 1452 1395 celebrabunt
1474 1349 1567 1394 tibi.
1587 1349 1763 1393 »Prima

373 1420 607 1479 cogitatio,
647 1422 905 1480 posteriores
930 1421 1124 1482 reliquiae
1147 1421 1434 1478 cogitationis.
1461 1423 1569 1474 Quae
1597 1428 1660 1463 est
1686 1434 1763 1464 co-

374 1491 526 1550 gitatio
558 1492 728 1550 prima?
751 1492 877 1536 Unde
898 1492 1152 1551 incipimus,
1185 1492 1300 1536 bona
1322 1491 1395 1535 illa
1418 1490 1622 1549 cogitatio
1647 1489 1764 1534 unde

372 1562 548 1621 incipies
581 1563 794 1606 confiteri.
831 1562 1055 1604 Confessio
1094 1559 1294 1619 adjungit
1328 1576 1406 1604 nos
1442 1562 1628 1618 Christo.
1666 1564 1763 1605 Jam

373 1647 477 1676 vero
500 1629 713 1675 confessio
731 1630 837 1689 ipsa,
861 1629 906 1673 id
926 1639 1010 1684 est,
1036 1629 1175 1689 prima
1196 1630 1417 1688 cogitatio,
1444 1630 1549 1675 facit
1570 1632 1616 1674 in
1638 1631 1764 1676 nobis

372 1702 577 1762 reliquias
598 1701 868 1759 cogitationis
894 1720 902 1745 :
929 1710 973 1744 et
998 1701 1101 1760 ipsae
1129 1720 1146 1741 «
1173 1700 1385 1762 Reliquiae
1409 1702 1680 1761 cogitationis
1701 1718 1766 1747 so-

380 1794 397 1815 »
432 1772 593 1816 lemnia
615 1771 904 1816 celebrabunt
934 1770 1030 1815 tibi.
1067 1772 1282 1829 Cogitatio
1317 1773 1504 1816 hominis
1532 1773 1764 1817 confitebi-

377 1862 398 1885 >›
434 1852 506 1887 tur
529 1842 610 1886 tibi
637 1854 681 1886 et
708 1841 903 1902 reliquiae
937 1842 1210 1900 cogitationis
1237 1842 1445 1886 solemnia
1477 1842 1765 1888 celebrabunt

381 1935 398 1956 »
434 1913 515 1957 tibi
530 1914 562 1957 4.
589 1932 606 1953 »
633 1916 737 1966 Quae
760 1922 824 1956 est
844 1912 1048 1972 cogitatio
1071 1928 1169 1972 quae
1192 1913 1503 1958 confitebitur?
1525 1918 1630 1966 Quae
1647 1913 1763 1958 dam-

376 1993 453 2029 nat
484 1983 618 2028 vitam
639 1984 828 2043 priorem
850 2019 860 2038 ,
888 1984 960 2028 cui
994 1983 1193 2043 displicet
1214 1983 1335 2045 quod
1353 1994 1468 2040 erat,
1495 1994 1546 2029 ut
1567 1985 1622 2029 sit
1643 1984 1762 2045 quod

377 2070 468 2099 non
491 2063 603 2109 erat,
624 2054 715 2114 ipsa
737 2063 801 2098 est
822 2054 960 2114 prima
981 2054 1200 2112 cogitatio.
1231 2053 1316 2099 Sed
1338 2055 1440 2115 quia
1461 2055 1520 2099 sic
1542 2055 1674 2099 debes
1695 2071 1764 2099 re-

378 2123 532 2170 cedere
555 2141 579 2169 a
610 2125 817 2184 peccatis,
854 2125 991 2185 prima
1030 2125 1292 2184 cogitatione
1314 2124 1534 2169 confessus
1571 2128 1661 2170 Deo
1678 2161 1688 2180 ‚
1713 2136 1764 2171 ut

378 2212 468 2240 non
490 2196 569 2240 tibi
593 2195 767 2240 recedat
783 2195 837 2240 de
860 2195 1066 2240 memoria
1084 2196 1184 2255 quia
1203 2205 1404 2255 peccator
1419 2195 1539 2240 fuisti
1557 2217 1568 2253 3
1587 2211 1660 2255 per
1680 2197 1764 2241 hoc

377 2267 497 2327 quod
520 2276 722 2326 peccator
744 2266 864 2310 fuisti
879 2301 890 2321 ‚
922 2265 1129 2310 solemnia
1167 2265 1357 2310 celebras
1381 2269 1485 2310 Deo.
1512 2267 1669 2311 Adhuc
1692 2267 1762 2310 in-

377 2336 663 2395 telligendum
688 2346 765 2380 est.
800 2338 941 2380 Prima
973 2337 1176 2395 cogitatio
1199 2336 1514 2381 confessionem
1536 2336 1693 2391 habet,
1720 2346 1763 2380 et

377 2408 659 2452 recessionem
692 2424 716 2452 a
742 2418 887 2452 vetere
907 2408 1011 2452 vita.
1043 2407 1127 2453 Sed
1159 2408 1192 2451 si
1212 2407 1373 2452 oblitus
1396 2407 1526 2452 fueris
1550 2424 1571 2451 a
1602 2408 1762 2468 quibus

375 2479 562 2539 peccatis
590 2478 798 2523 liberatus
827 2479 902 2534 sis,
940 2494 1029 2523 non
1052 2478 1139 2537 agis
1163 2478 1317 2537 gratias
1339 2477 1582 2533 liberatori,
1608 2487 1651 2522 et
1672 2494 1762 2523 non

427 2565 526 2604 ¹8³1).
553 2574 584 2601 v,
605 2564 636 2605 3,
658 2565 692 2603 6,
711 2563 744 2603 8,
765 2575 797 2606 9.
823 2580 863 2587 ·-—
882 2570 894 2586 ²
910 2562 993 2595 Psal.
1014 2574 1108 2603 mxv,
1126 2574 1158 2605 9.
1174 2580 1214 2585 —-
1236 2561 1349 2595 31bid.
1376 2574 1424 2595 10.
1443 2580 1483 2585 —
1507 2561 1522 2592 4
1546 2563 1626 2595 Ibid.
1648 2574 1698 2594 ιι.
