1889 3285
411 192 493 230 368
831 199 864 226 s.
900 200 1130 227 Auousnm
1163 201 1343 228 EPIScom

410 281 508 311 cum
530 263 607 307 filii
639 262 837 306 jonadab
865 262 1116 307 obedientes
1148 273 1288 307 essent
1321 264 1434 323 patri
1461 279 1564 318 suo,
1600 262 1664 306 illi
1699 278 1795 307 non

411 334 641 380 obedirent
667 336 756 376 Deo
782 347 873 376 suo.
910 334 1020 377 Cum
1048 341 1194 376 autem
1217 342 1362 392 ageret
1383 334 1461 377 ista
1489 333 1694 376 Jeremias
1710 367 1722 388 ‚
1750 332 1799 377 id

411 405 566 462 agebat
583 418 684 447 cum
700 402 861 462 populo
886 402 1038 457 Israel,
1063 411 1112 446 ut
1128 413 1331 462 pararent
1348 419 1392 447 se
1426 403 1481 447 ad
1503 403 1798 462 captivitatem

411 473 635 519 ducendos
653 488 743 516 esse
764 473 809 516 in
831 472 1115 529 Babyloniam
1133 507 1146 528 ,
1159 482 1204 516 et
1216 489 1306 517 non
1323 474 1568 517 resisterent
1582 472 1801 518 voluntati

412 545 512 599 Dei,
536 558 618 587 nec
639 552 861 602 sperarent
878 541 998 586 aliud
1015 577 1026 597 ‚
1051 543 1134 586 nisi
1155 544 1258 603 quia
1288 542 1423 587 futuri
1455 552 1598 587 essent
1619 543 1797 602 captivi.

413 613 598 658 Videtur
620 628 723 671 ergo
744 611 846 656 inde
863 611 1081 656 coloratus
1096 613 1250 658 titulus
1268 614 1397 674 hujus
1415 614 1573 659 Psalmi
1592 648 1604 668 ‚
1629 622 1681 657 ut
1700 629 1802 657 cum

415 684 591 729 dixisset
608 703 618 728 2
637 683 874 727 «Filiorum
889 682 1115 740 Jonadab3
1133 701 1152 724 »
1172 683 1419 743 subjiceret,
1440 703 1459 725 «
1481 686 1536 727 Et
1559 698 1712 727 eorum
1726 683 1804 743 qui

418 773 439 795 »
475 753 633 813 captivi
652 752 772 796 ducti
785 761 888 796 sunt
905 771 914 796 2
932 771 952 793 ›=
969 768 1059 796 non
1076 752 1178 812 quia
1194 752 1272 796 filii
1287 753 1487 797 Jonadab
1506 753 1666 812 captivi
1684 752 1806 797 ducti

416 832 517 868 sunt
529 858 540 878 ‚
559 822 635 867 sed
655 822 758 882 quia
774 821 858 865 illis
875 821 952 881 qui
971 822 1129 881 captivi
1143 821 1333 866 ducendi
1356 833 1478 867 erant
1500 823 1686 882 oppositi
1706 831 1808 867 sunt

418 893 495 938 filii
511 892 733 947 Jonadab,
758 893 861 952 quia
872 893 984 951 patri
1000 891 1250 936 obedientes
1273 902 1396 936 erant
1415 914 1426 951 3
1447 903 1497 937 ut
1516 892 1809 950 intelligerent

419 963 482 1007 illi
503 972 732 1023 propterea
749 978 793 1006 se
815 963 910 1006 fieri
942 963 1135 1021 captivos
1151 997 1162 1017 ,
1187 962 1290 1022 quia
1324 968 1410 1007 Deo
1439 963 1692 1007 obedientes
1719 977 1809 1006 non

420 1034 615 1078 fuerunt.
633 1032 813 1077 Accedit
827 1033 956 1076 etiam
967 1033 1069 1092 quia
1093 1031 1292 1076 jonadab
1310 1033 1620 1092 interpretatur
1636 1032 1810 1077 Domini

424 1107 711 1162 Spontaneus.
737 1102 855 1155 Quid
876 1111 938 1146 est
971 1104 1077 1157 hoc,
1100 1102 1275 1146 Domini
1297 1105 1587 1161 spontaneus?
1614 1109 1699 1165 Deo
1729 1118 1810 1146 vo-

422 1174 591 1217 luntate
609 1172 796 1216 libenter
821 1173 1021 1216 serviens.
1049 1171 1166 1224 Quid
1197 1181 1282 1227 est,
1309 1173 1485 1216 Domini
1518 1173 1814 1231 spontaneus?

429 1265 448 1285 «
470 1248 521 1288 In
540 1259 610 1287 me
632 1252 734 1286 sunt
750 1278 761 1297 ,
787 1249 918 1297 Deus,
944 1252 1042 1286 vota
1057 1252 1131 1286 tua
1150 1277 1160 1297 ‚
1182 1259 1280 1302 quae
1301 1242 1482 1286 reddam
1502 1243 1642 1287 laudis
1658 1243 1808 1286 tibi1.»

426 1314 538 1368 Quid
577 1324 641 1358 est
657 1349 668 1367 ,
700 1313 873 1357 Domini
894 1315 1180 1372 spontaneus?
1217 1333 1238 1355 «
1274 1313 1529 1357 Voluntarie
1565 1312 1815 1357 sacrificabo

429 1403 448 1425 »
485 1384 565 1428 tibi
578 1387 610 1426 ².
637 1402 656 1423 »
687 1383 728 1427 Si
762 1383 878 1425 enim
909 1383 1133 1441 disciplina
1163 1382 1398 1441 apostolica
1428 1398 1602 1427 servum
1634 1391 1812 1437 monet,

428 1465 478 1498 ut
511 1453 677 1497 homini
711 1452 887 1496 domino
925 1468 1002 1496 suo
1024 1487 1034 1506 ,
1067 1468 1158 1496 non
1186 1462 1398 1512 tanquam
1441 1468 1492 1495 ex
1522 1453 1776 1497 necessitate
1800 1487 1811 1506 ‚

427 1525 502 1568 sed
536 1540 587 1566 ex
621 1521 849 1567 voluntate
889 1523 1045 1566 serviat
1076 1557 1086 1576 ‚
1127 1533 1170 1565 et
1206 1522 1394 1565 libenter
1428 1522 1654 1566 serviendo
1691 1537 1734 1565 se
1770 1521 1818 1565 in

429 1592 559 1637 corde
580 1592 768 1636 liberum
792 1592 944 1648 faciat3
963 1600 1127 1651 quanto
1143 1591 1279 1649 magis
1293 1594 1380 1634 Deo
1403 1601 1515 1645 tota,
1542 1601 1589 1635 et
1607 1591 1751 1650 plena,
1773 1599 1818 1635 et

428 1663 583 1707 libenti
606 1661 831 1705 voluntate
853 1660 1129 1705 serviendum
1151 1670 1240 1715 est,
1265 1661 1341 1720 qui
1372 1661 1490 1704 videt
1507 1662 1642 1719 ipsam
1663 1660 1818 1705 volun-

430 1742 565 1776 tatem
587 1733 738 1775 tuam?
761 1734 869 1775 Nam
896 1731 927 1774 si
963 1746 1109 1774 servus
1144 1730 1224 1773 tibi
1252 1746 1342 1774 non
1372 1746 1423 1774 ex
1452 1731 1597 1774 animo
1628 1731 1784 1775 serviat
1803 1765 1815 1786 ‚

431 1819 585 1847 manus
607 1804 698 1861 ejus
714 1836 725 1857 ,
756 1800 911 1845 faciem
934 1802 1045 1860 ejus,
1080 1801 1355 1860 praesentiam
1372 1803 1463 1860 ejus
1495 1810 1620 1859 potes
1640 1800 1788 1845 videre
1804 1835 1815 1856 ,

432 1890 506 1918 cor
523 1875 615 1933 ejus
639 1889 729 1916 non
765 1880 885 1932 potes
911 1891 918 1915 :
945 1881 988 1915 et
1018 1881 1164 1915 tamen
1193 1872 1252 1915 ait
1275 1871 1359 1914 illis
1383 1871 1615 1930 Apostolus
1642 1890 1650 1916 :
1681 1890 1702 1913 «
1721 1874 1819 1916 Non

436 1963 456 1986 >)
493 1944 548 1988 ad
570 1943 748 1988 oculum
774 1941 1020 1986 servientes.
1050 1960 1069 1982 n
1095 1945 1151 1986 Et
1181 1941 1288 2002 quid
1309 1951 1397 1996 est,
1441 1961 1462 1984 «
1493 1944 1592 1986 Non
1623 1941 1680 1985 ad
1711 1957 1820 1986 ocu-

437 2035 457 2056 »
492 2014 614 2058 lum?
641 2033 659 2055 »
681 2013 799 2066 Quid
820 2028 948 2071 ergo,
970 2013 1137 2056 visurus
1155 2022 1217 2057 est
1235 2012 1437 2057 dominus
1459 2028 1580 2057 meus
1597 2012 1820 2073 quomodo

434 2084 499 2128 illi
518 2083 698 2128 serviam
713 2118 724 2138 ,
746 2092 795 2126 ut
813 2082 926 2126 dicas
947 2082 1076 2126 mihi:
1102 2102 1122 2123 ι(
1136 2085 1234 2127 Non
1252 2082 1307 2126 ad
1328 2081 1505 2126 oculum
1523 2082 1817 2127 servientes?»

435 2153 632 2214 Adjecit‚
662 2172 682 2194 «
710 2152 793 2198 Sed
820 2152 942 2212 quasi
963 2152 1071 2196 servi
1090 2153 1264 2196 Christi.
1290 2171 1310 2194 »
1333 2153 1544 2196 Dominus
1571 2153 1704 2197 homo
1730 2168 1821 2196 non

435 2223 582 2278 videt,
607 2222 682 2267 sed
703 2223 910 2266 Dominus
933 2222 1129 2266 Christus
1151 2222 1283 2266 videt.
1308 2241 1329 2264 «
1359 2226 1424 2266 Ex
1445 2222 1589 2266 animo
1605 2257 1616 2277 ‚
1652 2222 1818 2282 inquit,

440 2311 460 2334 ))
484 2308 585 2337 cum
607 2293 721 2336 bona
738 2291 1003 2335 voluntatess.
1027 2309 1047 2332 >i
1075 2291 1188 2335 Talis
1209 2290 1294 2335 fuit
1315 2295 1339 2335 J
1344 2291 1514 2336 onadab
1531 2327 1542 2347 ‚
1564 2291 1611 2335 id
1629 2301 1712 2347 est,
1737 2292 1821 2336 hoc

438 2378 599 2407 nomen
629 2362 760 2421 ipsius
792 2362 1114 2421 interpretatur.
1147 2361 1232 2414 Qui
1264 2370 1366 2404 sunt
1397 2376 1498 2419 ergo
1538 2361 1661 2414 «Qui
1692 2361 1821 2420 primi

441 2451 463 2475 »
497 2432 655 2492 captivi
672 2431 933 2476 ductisunt?
952 2451 972 2473 »
995 2431 1121 2476 Ducti
1133 2440 1236 2475 sunt
1257 2431 1336 2474 filii
1351 2430 1483 2476 Israel
1501 2431 1660 2491 captivi
1671 2431 1817 2491 primi,

489 2523 497 2539 ¹
519 2516 600 2548 Psal.
616 2527 667 2557 tv,
687 2525 735 2548 12.
756 2532 797 2538 —-
815 2516 971 2556 2Ιι1.ι.ιιι,
987 2516 1018 2547 8.
1039 2532 1080 2537 -
1097 2513 1110 2538 3
1133 2514 1247 2556 Ephes.
1266 2526 1310 2556 vu,
1327 2514 1362 2556 6,
1378 2526 1408 2556 7.
