1889 3285
430 255 670 289 ENARnAno
702 258 748 285 m
779 254 982 288 PsALMUM
1014 258 1119 284 Lvn.
1421 243 1475 283 55

99 324 273 369 bratum
302 321 481 369 oculum
511 321 678 376 cordis,
711 330 756 366 et
781 321 959 367 oculum
985 320 1279 366 illuminatum
1309 319 1475 378 cordi53

96 393 208 437 inter
236 391 509 450 refrigerium
533 392 761 446 castitatis,
793 401 837 436 et
868 393 1088 439 flammam
1112 389 1335 447 libidinisg
1364 390 1477 434 inter

95 462 368 509 securitatem
389 462 479 521 spei
497 497 507 516 ‚
529 471 572 505 et
594 462 794 506 timorem
814 461 1028 506 facinoris·
1055 462 1168 505 Cum
1190 459 1346 503 viderit
1366 460 1473 514 hoc,

95 533 310 577 discernat
331 548 397 588 se,
420 542 462 576 et
479 532 594 577 lavet
615 548 769 578 manus
789 549 885 580 suas
906 533 952 576 in
973 531 1182 590 sanguine
1198 531 1346 590 ipsius.
1373 534 1478 575 Pro-

95 604 210 649 ficiat
226 619 276 646 ex
297 603 634 662 comparatione,
651 613 694 647 et
716 602 831 648 dicat
851 622 859 647 :
885 622 904 645 «
925 604 1042 660 Ergo
1063 610 1126 645 est
1148 600 1316 645 fruetus
1332 601 1474 661 justo:

96 691 116 713 n
152 687 253 730 ergo
281 681 345 716 est
372 675 486 717 Deus
513 672 712 731 judicans
742 688 813 717 eos
835 673 879 716 in
902 681 1029 715 terra.
1057 689 1077 712 n
1104 669 1311 717 Nondum
1339 672 1384 714 in
1404 670 1477 715 illa

26 775 28 778 ψ
91 742 202 794 vita,
227 741 424 786 nondum
444 742 489 786 in
506 742 606 801 igne
624 751 787 787 aeterno
804 778 814 797 ,
841 740 1039 786 nondum
1064 741 1182 801 apud
1198 740 1376 796 inferos,
1401 741 1477 785 sed

91 812 162 856 hic
182 812 235 871 {in
261 821 388 856 terra.
426 814 538 856 Ecce
569 813 687 856 dives
710 812 783 856 ille
815 812 958 856 adhuc
991 811 1189 859 induitur
1209 826 1404 870 purpura
1434 821 1477 855 et

90 882 242 939 bysso,
274 891 317 925 et
346 881 490 926 adhuc
524 882 728 941 epulatur
756 881 952 942 quotidie
987 881 1228 940 splendide.
1269 881 1477 925 Nondum

89 952 293 1011 produxit
309 952 451 1011 spinas
473 953 696 1008 rhamnuS,
719 951 917 997 nondum
941 951 1046 996 dicit
1067 971 1076 995 ε
1099 970 1118 993 «
1136 950 1316 995 Crucior
1329 951 1374 994 in
1393 952 1475 996 hac

91 1040 112 1063 »
146 1023 380 1066 ssammalz
413 1040 432 1063 »
464 1022 539 1066 sed
563 1024 653 1082 jam
686 1032 749 1066 est
782 1022 939 1066 mentis
973 1022 1167 1076 caecitas,
1197 1022 1288 1081 jam
1323 1020 1476 1065 oculus

87 1092 244 1136 mentis
272 1092 486 1136 extinctus
519 1101 597 1136 est.
632 1093 675 1136 Si
707 1108 847 1136 caecus
870 1090 1005 1136 oculis
1027 1091 1167 1136 carnis
1195 1091 1250 1135 ad
1278 1106 1474 1136 mensam

87 1177 210 1206 suam
231 1162 473 1222 quamlibet
497 1162 686 1221 opimam
712 1162 1031 1216 discumberet,
1056 1161 1261 1206 miserum
1284 1177 1384 1206 eum
1406 1162 1474 1206 di-

87 1247 203 1276 ceres
228 1251 236 1276 :
272 1247 411 1276 caecus
443 1232 650 1286 interius,
691 1248 849 1291 panem
883 1232 1103 1277 Christum
1132 1248 1221 1277 non
1255 1232 1374 1276 videt
1393 1268 1404 1288 ‚
1429 1241 1472 1277 et

87 1302 239 1346 heatus
263 1304 352 1346 est?
374 1304 466 1346 Hoc
494 1317 584 1346 non
613 1302 718 1347 dicit
745 1303 825 1346 nisi
847 1303 1010 1362 pariter
1032 1318 1189 1347 caecus.
1221 1322 1240 1344 «
1272 1305 1386 1360 Ergo
1409 1312 1473 1347 est

88 1389 109 1412 »
143 1370 312 1416 fructus
329 1373 447 1432 justo
463 1406 473 1425 ‚
499 1387 602 1431 ergo
625 1381 688 1416 est
709 1377 818 1416 Deus
837 1371 1036 1432 judicans
1053 1388 1124 1416 eos
1147 1373 1192 1416 in
1215 1381 1342 1416 terra.
1372 1391 1392 1413 >›

141 1444 310 1485 XXIII.
341 1442 384 1487 Si
412 1441 635 1501 aliquanto
658 1443 907 1502 prolixiores
928 1443 1091 1487 fuimus
1111 1479 1122 1497 ,
1154 1443 1254 1488 date
1279 1443 1465 1487 veniam.

83 1511 374 1555 Exhortamur
395 1527 470 1555 vos
487 1511 533 1554 in
550 1512 727 1556 nomine
746 1512 931 1567 Christi,
951 1522 1000 1556 ut
1021 1513 1115 1557 haec
1139 1529 1238 1572 quae
1258 1513 1435 1557 audistis
1454 1548 1465 1567 ,

83 1580 139 1624 ad
170 1581 364 1625 fructum
386 1582 598 1638 cogitetis.
639 1582 747 1634 Quia
777 1591 820 1624 et
840 1581 1078 1640 praedicare
1111 1584 1337 1624 veritatem
1359 1584 1469 1625 nihil

83 1659 169 1705 est,
193 1651 226 1693 si
250 1666 324 1695 cor
357 1666 380 1694 a
401 1649 552 1708 lingua
573 1649 823 1706 dissentiat3
844 1659 887 1693 et
909 1649 1058 1693 audire
1080 1650 1305 1694 veritatem
1323 1685 1333 1701 ,
1359 1650 1468 1694 nihil

81 1720 273 1780 prodest,
300 1721 333 1764 si
356 1722 488 1764 homo
506 1736 595 1764 non
613 1735 741 1779 super
759 1730 927 1779 petram
948 1720 1148 1764 aedificet.
1175 1721 1260 1773 Qui
1281 1719 1467 1765 aedificat

80 1805 209 1849 super
227 1799 409 1849 petram,
428 1791 519 1849 ipse
541 1799 603 1834 est
625 1791 703 1850 qui
725 1789 848 1834 audit
864 1799 908 1834 et
925 1789 1029 1834 facit
1051 1810 1058 1834 :
1080 1790 1155 1850 qui
1177 1799 1321 1834 autem
1345 1791 1466 1836 audit

81 1869 124 1904 et
153 1876 243 1904 non
265 1858 370 1904 facit
386 1895 396 1915 ‚
423 1859 610 1904 aedificat
631 1875 761 1919 super
782 1875 957 1904 arenam
973 1864 989 1886 ‘²
1013 1880 1021 1905 ε
1041 1861 1117 1920 qui
1139 1876 1219 1905 nec
1238 1861 1359 1906 audit
1385 1877 1465 1906 nee

79 1930 197 1986 facit,
220 1931 329 1974 nihil
347 1929 547 1975 aedificat.
572 1930 656 1975 Sed
677 1930 899 1990 quomodo
921 1931 998 1991 qui
1019 1931 1205 1976 aedificat
1227 1947 1356 1991 super
1378 1948 1465 1977 are-

79 2016 195 2056 nam,
218 2001 390 2044 ruinam
407 2000 489 2044 sibi
511 1999 697 2044 aedificat
719 2020 727 2044 :
751 2001 808 2045 sic
830 2000 903 2044 ille
920 2001 996 2061 qui
1018 2016 1107 2045 non
1130 2001 1317 2045 aedificat
1335 2018 1466 2062 super

76 2081 244 2131 petram
260 2106 270 2126 ‚
295 2071 667 2126 veniente'ssuvio,
685 2071 775 2115 sine
794 2070 926 2116 domo
943 2072 1124 2131 rapitur.
1144 2075 1242 2117 Non
1263 2082 1328 2117 est
1343 2073 1464 2133 quod

78 2141 218 2186 facere
233 2177 244 2197 ‚
269 2142 350 2185 nisi
373 2151 416 2185 et
447 2140 661 2186 aedificare
678 2177 689 2196 ‚
728 2151 772 2186 et
793 2158 922 2201 super
940 2151 1111 2201 petram
1137 2142 1352 2187 aedificare
1380 2163 1388 2188 :
1417 2145 1464 2188 id

79 2221 142 2256 est
159 2246 170 2267 ‚
191 2221 235 2255 et
255 2212 403 2256 audire
425 2221 469 2256 et
488 2212 644 2256 faeere.
670 2215 759 2257 Nec
781 2212 888 2256 alius
905 2212 1021 2256 dicat
1046 2232 1054 2257 :
1088 2212 1254 2273 thuid
1273 2213 1462 2273 procedo

79 2280 132 2326 ad
153 2281 413 2326 Ecclesiam?
429 2296 528 2325 ecce
544 2282 621 2341 qui
642 2281 839 2342 quotidie
862 2281 917 2326 ad
938 2281 1175 2327 Ecclesiam
1197 2283 1457 2342 procedunt,

77 2366 167 2396 non
199 2350 365 2395 faciunt
399 2350 518 2411 quod
550 2352 749 2395 audiunt.
785 2352 970 2396 Faciunt
1004 2361 1151 2396 tamen
1178 2362 1228 2397 ut
1250 2354 1457 2412 audiant3

77 2422 136 2466 sic
158 2430 337 2481 possunt
358 2421 499 2466 facere
519 2432 569 2467 ut
591 2421 773 2466 audiant
791 2432 834 2467 et
856 2421 1018 2467 faciant
1043 2443 1051 2468 ε
1077 2432 1126 2467 tu
1149 2433 1292 2468 autem
1316 2441 1457 2485 quan-

78 2501 172 2536 tum
198 2492 327 2551 longe
353 2508 397 2537 es
422 2509 445 2537 a
467 2492 666 2537 faciendo
683 2528 693 2548 ‚
725 2494 800 2553 qui
819 2503 988 2538 tantum
1007 2493 1120 2553 fugis
1139 2496 1192 2539 ab
1211 2495 1427 2540 audiendo
1441 2499 1459 2536 ἶ)

123 2582 132 2597 ¹
150 2577 226 2608 Luc.
245 2587 307 2616 xvi,
331 2586 369 2617 ις)
386 2580 417 2607 et
435 2575 486 2617 24.
509 2593 550 2598 —-
573 2584 584 2599 ²
600 2576 714 2608 Matth.
736 2588 794 2616 vn,
812 2575 933 2618 2ᾷ-26.
