1889 3285
401 224 641 253 muniano
673 227 720 253 m
751 226 953 254 PsALMUM
987 228 1103 255 inv.
1348 216 1430 255 205

3 132 6 166 ἔ

2 173 6 206 Ι

3 243 8 346 l
46 304 162 333 nam.
200 288 284 334 Sed
316 287 428 333 forte
459 289 561 349 quia
584 298 680 333 tuos
715 291 861 335 oculos
883 306 972 335 non
996 289 1184 334 delectat
1203 305 1330 333 senex
1349 291 1430 334 iste

4 351 7 414 l
48 358 318 417 decrepitus,
356 374 479 402 aures
515 368 610 402 tuas
643 358 830 404 delectat
867 380 875 404 :
913 360 1072 420 quibus
1108 360 1313 404 vocibus?
1341 375 1432 419 quo

3 437 8 490 1
47 433 205 475 cantu?
228 434 285 475 Et
316 431 349 475 si
375 430 489 476 forte
516 431 764 477 adolescens
796 434 907 477 bene
927 434 1133 488 cantavit,
1164 434 1310 478 omnia
1332 449 1435 478 cum

5 491 9 560 ᾗ
48 509 175 544 aetate
199 499 467 545 defecerunt.
499 504 567 545 An
589 501 703 546 forte
724 518 854 547 sonus
876 503 1110 547 verborum
1131 504 1224 563 ejus
1247 502 1436 547 delectat

5 588 9 605 =
49 586 170 615 aures
195 580 289 616 tuas
304 607 315 626 ,
341 572 417 632 qui
439 571 571 616 verba
589 573 658 616 vix
679 572 805 632 plena
830 574 1027 618 enuntiat
1055 573 1183 633 lapsis
1201 573 1436 618 dentibus?

6 622 11 694 l
51 643 213 685 Tamen
229 642 263 685 si
277 643 418 702 justus
433 651 512 697 est,
538 643 572 686 si
595 643 785 688 alienum
806 660 896 689 non
913 644 1194 703 concupiscit,
1226 644 1260 688 si
1282 643 1336 688 de
1357 660 1437 689 suo

7 704 11 784 l
49 710 169 772 quod
185 711 318 756 habet
335 722 482 769 erogat
502 712 812 771 indigentibus,
830 715 864 758 si
884 715 996 759 bene
1015 723 1179 769 monet,
1202 723 1246 759 et
1267 723 1438 758 rectum

0 800 3 802 ·
49 782 159 842 sapit
173 817 192 837 ,K
210 782 245 826 si
266 782 432 840 integre
453 782 611 838 credit,
644 784 678 828 si
709 795 882 844 paratus
918 794 981 829 est
1012 799 1091 845 pro
1124 784 1210 828 fide
1244 784 1437 829 veritatis

50 852 180 897 etiam
196 852 286 911 ipsa
300 852 520 897 confracta
537 854 733 898 membra
750 855 1020 914 impendere,
1040 854 1168 899 multi
1188 855 1305 899 enim
1325 857 1440 900 Mar-

51 931 167 981 tyres
184 922 312 966 etiam
330 938 476 968 senes:
494 923 610 968 unde
625 923 748 968 illum
768 927 988 968 amamus?
1001 925 1116 978 Quid
1135 925 1181 968 in
1203 940 1254 969 eo
1270 925 1438 968 bonum

50 991 248 1037 videmus
270 992 407 1036 oculis
428 993 596 1037 carnis?
617 993 748 1038 Nihil.
775 992 986 1047 Quasdam
1016 1009 1119 1052 ergo
1152 1003 1215 1038 est
1244 993 1439 1053 pulchri-

54 1061 161 1107 tudo
173 1062 367 1122 justitiae,
392 1079 524 1123 quam
541 1063 740 1107 videmus
763 1063 891 1108 oculo
909 1063 1065 1118 cordis,
1090 1072 1133 1107 et
1160 1079 1370 1118 amamus,
1396 1073 1442 1108 et

11 1166 15 1197 Ι
55 1131 368 1176 exardescimus
393 1153 402 1177 ;
428 1149 559 1193 quam
581 1132 767 1177 multum
793 1132 1039 1178 dilexerunt
1061 1134 1259 1178 homines
1277 1135 1321 1177 in
1338 1135 1440 1193 ipsis

11 1201 15 1284 l
54 1202 317 1259 Martyribus
339 1219 439 1246 cum
465 1219 615 1247 eorum
638 1203 832 1247 membra
855 1203 1004 1247 bestiae
1030 1203 1258 1248 laniarent.
1284 1206 1440 1248 Nonne

12 1288 15 1306 ³
52 1287 151 1317 cum
174 1273 343 1327 sanguis
374 1271 561 1317 foedaret
587 1273 750 1328 omnia,
774 1288 873 1316 cum
892 1273 1107 1316 morsibus
1128 1272 1330 1316 belluinis
1352 1274 1440 1317 vis-

11 1312 16 1425 }
52 1356 147 1386 cera
169 1339 481 1397 funderentur,
518 1358 607 1386 non
635 1342 859 1386 habebant
892 1342 1005 1386 oculi
1038 1342 1118 1386 nisi
1146 1341 1266 1402 quod
1293 1343 1440 1387 horre-

12 1429 16 1462 ι
52 1413 176 1455 rent?
198 1410 314 1464 Quid
350 1411 411 1455 ibi
439 1421 530 1456 erat
550 1411 670 1472 quod
693 1421 931 1466 amaretur,
962 1412 1042 1455 nisi
1064 1412 1164 1472 quia
1187 1421 1278 1456 erat
1299 1413 1344 1456 in
1365 1412 1443 1457 illa

13 1480 18 1551 ξ
51 1480 250 1526 foeditate
282 1481 590 1526 dilaniatorum
619 1482 916 1526 membrorum
952 1482 1119 1540 integra
1154 1481 1443 1541 pulchritudo

13 1552 17 1585 Ι
46 1551 252 1611 justitiae?
271 1554 357 1595 Ista
378 1561 479 1595 sunt
501 1552 615 1596 bona
634 1550 789 1595 domus
802 1552 895 1605 Dei,
916 1551 982 1594 his
1001 1559 1043 1594 te
1056 1566 1155 1610 para
1174 1552 1332 1595 satiari.
1356 1551 1443 1597 Sed

14 1591 18 1676 l
52 1630 103 1665 ut
122 1621 224 1665 inde
245 1622 408 1665 satieris
429 1637 530 1665 cum
555 1622 815 1681 perveneris,
851 1622 936 1666 hoc
958 1630 1000 1665 te
1022 1631 1193 1680 oportet
1216 1623 1378 1666 esurire
1399 1631 1443 1667 et

15 1677 19 1746 ἱ
53 1691 171 1736 sitire
201 1707 302 1735 cum
333 1691 616 1751 peregrinaris
652 1711 662 1736 ι
694 1692 777 1736 hoc
805 1692 900 1746 siti,
932 1692 1014 1736 hoc
1045 1692 1178 1743 esuri;
1213 1693 1315 1753 quia
1350 1693 1442 1752 ipsa

14 1748 19 1818 l
55 1770 182 1806 erunt
202 1761 317 1805 bona
338 1761 431 1805 Dei.
458 1760 575 1805 Audi
596 1760 720 1804 illum
743 1764 907 1820 Regem
927 1762 996 1805 cui
1019 1761 1096 1806 ista
1119 1762 1342 1818 dicuntur,
1364 1763 1441 1823 qui

15 1819 20 1883 l
55 1831 174 1877 venit
194 1840 244 1876 ut
277 1841 319 1875 te
343 1831 545 1887 reducat,
585 1841 627 1875 et
658 1847 702 1875 se
732 1831 814 1875 tibi
849 1831 953 1875 fecit
978 1831 1129 1875 viam1.
1163 1833 1279 1884 Quid
1306 1832 1442 1877 dicit?

61 1921 82 1943 «
114 1902 234 1945 Beati
262 1902 338 1962 qui
371 1902 566 1946 esuriunt
597 1910 639 1945 et
674 1901 828 1945 sitiunt
849 1901 1087 1961 justitiam,
1121 1902 1328 1961 quoniam
1361 1903 1442 1962 ipsi

61 1991 81 2014 »
115 1972 461 2017 saturabuntur2.
491 1974 698 2017 Sanctum
721 1970 932 2031 templum
960 1980 1102 2027 tuum,
1125 1971 1444 2018 admirabilem

17 2035 22 2127 ἱ
60 2061 81 2085 »
109 2042 291 2102 justitia.
320 2061 340 2084 »
377 2045 434 2086 Et
462 2042 602 2102 ipsum
642 2041 877 2102 templum,
913 2041 1090 2097 fratres,
1124 2042 1258 2087 nolite
1285 2052 1448 2103 praeter

58 2129 133 2159 vos
154 2112 354 2171 cogitare.
380 2115 534 2156 Amate
551 2112 779 2173 justitiam,
800 2122 843 2156 et
864 2127 939 2156 vos
960 2112 1058 2156 estis
1080 2112 1292 2172 templum
1315 2114 1409 2157 Dei.

125 2186 202 2228 IX.
228 2182 426 2227 «Exaudi
448 2198 541 2238 nos,
566 2187 680 2228 Deus
701 2182 887 2228 salvator
902 2191 1094 2227 noster.»
1105 2183 1289 2242 Aperuit
1311 2183 1446 2229 modo

0 2274 3 2296 :
61 2269 191 2315 quem
217 2256 356 2298 Deum
387 2253 518 2298 dicat.
552 2252 746 2298 Salvator
772 2261 835 2297 est
870 2253 1043 2312 proprie
1078 2253 1287 2297 Dominus
1319 2257 1442 2299 ,Iesus

62 2324 272 2370 Christus.
291 2323 502 2382 Apparuit
525 2322 656 2367 modo
678 2323 866 2382 apertius
881 2321 935 2366 de
952 2337 1041 2382 quo
1059 2321 1223 2367 dixerat
1241 2342 1250 2368 ;
1275 2343 1294 2365 «
1315 2323 1384 2368 Ad
1400 2333 1443 2367 te

66 2413 86 2436 »
121 2394 259 2438 omnis
281 2409 380 2437 caro
400 2393 558 2438 veniet.
584 2392 754 2437 Exaudi
771 2408 866 2448 nos,
894 2395 1008 2436 Deus
1037 2391 1222 2437 salvator
1242 2402 1444 2437 noster.»

3 2470 6 2488 ³
66 2464 144 2509 Ille
164 2480 276 2508 unus
297 2464 363 2508 vir
383 2464 459 2524 qui
477 2464 708 2508 assumitur
724 2463 768 2508 in
791 2462 1000 2522 templum
1012 2463 1105 2520 Dei,
1122 2473 1165 2508 et
1181 2463 1326 2523 plures
1341 2473 1450 2513 sumt

23 2578 27 2664 ἱ

24 2667 28 2744 1

25 2746 29 2834 Ι

26 2925 34 3285 l

113 2555 120 2572 ¹
142 2551 233 2581 Joan.
259 2560 325 2589 xiv,
341 2549 372 2580 6.
391 2565 431 2571 ——-
453 2555 464 2571 ²
480 2547 590 2580 Mattlr
613 2559 645 2589 v,
664 2549 696 2580 6.
