1889 3285
409 269 495 308 236
836 281 869 307 s.
909 278 1138 308 Aucus-nm
1173 280 1354 308 muscom

405 342 594 387 Victoria
615 343 738 402 quasi
760 342 870 401 ignis
892 342 1061 387 divinus
1075 352 1139 387 est
1163 363 1171 388 :
1198 359 1297 388 cum
1310 342 1515 388 absorbet
1535 352 1578 388 et
1598 353 1786 388 mortem

403 422 594 457 nostram
611 448 622 468 ,
648 413 951 458 holocaustum
973 423 1050 458 est.
1078 416 1175 459 Nou
1201 423 1394 458 remanet
1415 413 1598 458 mortale
1619 414 1787 475 aliquid
1842 429 1845 439 ·

403 483 448 527 in
465 498 616 538 carne,
636 499 725 528 non
743 493 938 528 remanet
958 483 1124 544 aliquid
1140 483 1358 544 culpabile
1379 485 1423 528 in
1441 484 1591 544 spiritu
1610 503 1619 529 :
1644 493 1787 529 totum
1842 497 1844 531 ἰ

403 569 455 597 ex
475 553 647 598 mortali
668 554 756 599 vita
778 564 1078 610 consumetur,
1094 565 1143 599 ut
1164 555 1210 598 in
1230 564 1392 599 aeterna
1404 555 1492 599 vita
1511 570 1786 600 consumme-

402 633 497 681 tur3
517 634 646 668 erunt
663 641 764 683 ergo
778 625 849 669 illa
870 625 1138 670 holocausta.

461 698 582 740 xlx.
610 698 664 739 Et
685 698 792 756 quid
812 697 893 740 erit
909 732 919 751 ,
944 697 990 740 in
1010 696 1302 741 holocaustis?
1328 715 1347 738 «
1369 695 1565 740 Reddam
1587 696 1668 740 tibi
1688 705 1789 742 vota
1842 714 1845 719 ·

407 785 427 807 n
461 782 578 821 mea,
600 784 698 827 quae
720 767 1008 812 distinxerunt
1029 767 1143 812 labia
1164 783 1258 812 mea
1272 770 1304 811 ¹.
1323 786 1342 808 »
1360 771 1468 821 Quae
1487 776 1549 811 est
1570 767 1790 813 distinctio
1842 787 1844 795 ·

403 836 450 879 in
470 837 607 881 votis?
627 840 729 882 Haec
752 847 815 882 est
836 837 1056 882 distinctio
1071 873 1082 893 ,
1108 847 1158 882 ut
1179 847 1222 881 te
1244 853 1439 892 accuses,
1465 836 1590 881 illum
1613 836 1788 895 laudes,

404 915 447 950 te
480 907 696 966 intelligas
730 917 998 963 creaturam,
1034 907 1159 952 illum
1190 917 1455 964 creatorem,
1498 916 1537 951 te
1564 908 1786 964 tenebras,
1842 927 1857 959 μ

403 976 527 1021 illum
549 977 885 1023 illuminatorem
906 1000 917 1036 3
949 979 1020 1023 cui
1051 978 1194 1023 dicas:
1220 998 1239 1020 «
1267 981 1331 1022 Tu
1354 978 1620 1022 illuminabis
1644 978 1790 1023 lucer-

406 1066 427 1089 »
463 1064 564 1092 nam
586 1065 749 1104 meam,
774 1050 982 1106 Domine,
1007 1053 1121 1094 Deus
1153 1065 1275 1093 meus
1297 1048 1562 1093 illuminabis
1590 1049 1790 1095 tenebras
1841 1054 1857 1093 J:

408 1136 428 1159 »
463 1133 579 1162 meas
591 1123 622 1162 2.
652 1138 671 1160 n
699 1122 806 1165 Nam
831 1119 1008 1180 quando
1026 1119 1183 1163 dixeris
1200 1155 1211 1174 ,
1232 1136 1258 1164 o
1274 1121 1433 1175 anima,
1459 1121 1559 1180 quia
1580 1130 1688 1164 exte
1712 1121 1789 1165 tibi

404 1187 520 1232 lucet
536 1224 546 1243 ,
567 1205 656 1233 non
674 1190 926 1249 distingues
956 1191 997 1234 Si
1019 1206 1107 1234 non
1126 1189 1379 1249 distingues,
1404 1206 1494 1234 non
1516 1190 1668 1235 reddes
1690 1201 1791 1235 vota

404 1259 620 1303 distincta.
646 1260 798 1304 Redde
828 1270 929 1305 vota
951 1261 1175 1316 distincta,
1201 1263 1408 1306 confitere
1438 1271 1481 1306 te
1503 1262 1759 1306 mutabilem
1776 1297 1788 1317 ,
1840 1264 1868 1313 ’,,

403 1328 529 1373 illum
560 1329 966 1374 incommutabilem
991 1350 999 1375 :
1026 1331 1231 1374 confitere
1260 1339 1302 1374 te
1327 1331 1417 1374 sine
1438 1331 1513 1375 illo
1539 1331 1650 1375 nihil
1672 1347 1786 1386 esse,

406 1401 550 1460 ipsum
574 1410 719 1444 autem
742 1401 831 1444 sine
853 1410 896 1444 te
917 1400 1161 1459 perfectum
1182 1415 1295 1457 esse,
1330 1409 1373 1444 te
1394 1400 1590 1458 indigere
1610 1400 1686 1445 illo
1702 1436 1712 1455 ,
1737 1400 1792 1444 il-

405 1470 499 1515 lum
518 1480 662 1514 autem
680 1471 745 1513 tui
769 1486 858 1514 non
879 1470 1089 1529 indigere.
1116 1470 1264 1515 Clama
1288 1470 1342 1516 ad
1363 1471 1487 1515 illum
1515 1490 1523 1515 :
1553 1490 1573 1512 «
1598 1471 1693 1515 Dixi
1710 1474 1793 1516 Do-

407 1559 428 1582 »
464 1539 584 1585 mino
606 1560 614 1584 :
641 1544 754 1584 Deus
776 1556 899 1584 meus
928 1557 970 1585 es
996 1551 1044 1585 tu
1062 1577 1072 1596 ,
1106 1542 1312 1601 quoniam
1344 1541 1561 1585 bonorum
1592 1556 1791 1585 meorum

411 1632 428 1653 »
464 1627 553 1657 non
575 1610 740 1670 indiges
759 1614 790 1655 3.
820 1629 840 1652 »
866 1615 962 1656 Jam
994 1628 1044 1657 eo
1071 1612 1191 1673 quod
1213 1621 1255 1655 te
1276 1612 1321 1654 in
1344 1611 1647 1656 holocaust-um
1670 1628 1790 1657 assu-

404 1682 484 1725 mit
507 1685 618 1726 Deus
637 1717 648 1736 ,
673 1697 762 1725 non
781 1681 854 1725 ille
875 1683 1026 1726 crescit
1042 1718 1052 1737 ,
1077 1697 1166 1726 non
1195 1681 1268 1725 ille
1290 1691 1490 1740 augetur,
1516 1697 1605 1725 non
1627 1682 1700 1726 ille
1722 1683 1790 1726 di-
1838 1725 1841 1735 ,
1887 1707 1889 1719 v

405 1751 504 1805 tior,
526 1767 615 1795 non
637 1750 708 1794 ille
723 1751 972 1795 instructior
989 1752 1061 1795 fit:
1082 1752 1160 1795 tibi
1182 1760 1246 1795 est
1265 1750 1420 1795 melius
1437 1750 1654 1811 quidquid
1671 1752 1725 1796 de
1747 1762 1790 1796 te
1838 1794 1840 1812 ξ

404 1836 484 1880 pro
502 1831 544 1864 te
562 1820 678 1875 facit,
701 1836 790 1865 non
807 1821 845 1864 ei
863 1821 937 1881 qui
955 1820 1071 1865 facit.
1095 1823 1198 1865 Haec
1215 1821 1249 1865 si
1267 1821 1503 1876 discernas,
1530 1820 1672 1865 reddis
1688 1832 1789 1866 vota

404 1895 495 1936 Deo
513 1901 589 1936 tuo
607 1926 617 1946 ,
639 1907 737 1951 quae
760 1891 1048 1936 distinxerunt
1070 1892 1183 1936 labia
1207 1901 1294 1936 tua.
1326 1912 1345 1934 «
1370 1891 1568 1936 Reddam
1591 1891 1669 1936 tibi
1689 1902 1790 1938 vota

408 1980 428 2003 n
465 1977 559 2006 mea
578 1997 588 2017 ,
615 1978 714 2021 quae
737 1961 1025 2005 distinxerunt
1045 1962 1159 2006 labia
1178 1978 1287 2006 mea.
1312 1981 1331 2003 »

465 2035 564 2077 XX.
587 2036 678 2077 «Et
699 2033 897 2077 locutum
920 2042 982 2076 est
1006 2049 1052 2076 os
1074 2048 1221 2076 meum
1243 2033 1289 2076 in
1307 2032 1588 2077 tribulatione
1608 2048 1704 2077 mea
1717 2034 1749 2077 4.
1765 2051 1785 2075 »
1837 2059 1839 2079 J
1866 2042 1871 2062 ’-

406 2107 548 2157 Quam
570 2103 707 2147 duicis
735 2112 799 2147 est
822 2118 936 2162 saepe
966 2101 1190 2146 tribulatio
1206 2138 1216 2157 ,
1244 2118 1374 2162 quam
1396 2103 1651 2147 necessaria!
1674 2103 1790 2156 Quid
1837 2100 1839 2126 ³

405 2174 468 2218 illi
487 2173 683 2217 locutum
706 2183 768 2217 est
785 2189 830 2217 os
854 2173 985 2232 ipsius
1004 2173 1048 2216 in
1070 2172 1349 2217 tribulatione
1372 2175 1474 2217 sua?
1491 2193 1510 2215 «
1530 2173 1790 2218 Holocausta

408 2264 429 2287 >›
466 2244 701 2289 medullata
735 2238 915 2288 offeram
944 2244 1068 2287 tibi5.
1098 2262 1117 2284 »
1145 2244 1261 2297 Quid
1290 2253 1375 2298 est,
1417 2264 1436 2285 «
1463 2244 1735 2288 medullata?
1767 2264 1784 2285 »

406 2319 528 2360 Intus
546 2324 716 2358 teneam
738 2315 989 2358 charitatem
1015 2323 1156 2369 tuam,
1182 2330 1271 2357 non
1293 2315 1373 2357 erit
1400 2315 1444 2358 in
1466 2315 1691 2373 superficie
1707 2350 1718 2369 ,
1744 2316 1789 2358 in

406 2384 607 2429 medullis
622 2385 726 2428 meis
750 2385 829 2428 erit
851 2384 970 2444 quod
992 2383 1124 2442 diligo
1143 2393 1200 2427 te.
1227 2383 1343 2428 Nihil
1366 2384 1481 2427 enim
1502 2385 1681 2428 interius
1698 2400 1787 2428 me-

407 2454 536 2499 dullis
565 2454 751 2498 nostris:
776 2455 980 2498 interiora
1010 2470 1101 2498 ossa
1123 2464 1224 2498 sunt
1246 2469 1374 2498 carne
1392 2490 1402 2508 ,
1440 2453 1642 2498 medullae
1672 2454 1787 2498 inte-
1835 2471 1837 2509 g

455 2557 462 2573 ¹
485 2549 657 2584 Psal.1.xv„
689 2549 738 2590 ¹4·
760 2566 802 2573 —-
823 2556 834 2571 ²
859 2550 905 2582 ld.
933 2561 1010 2591 xvu,
1029 2560 1083 2592 ¹29.
1103 2567 1144 2572 --
1168 2548 1181 2572 '³'
1209 2550 1259 2582 Id.
1280 2561 1333 2581 xv.
1357 2558 1388 2581 2.
1411 2566 1447 2571 —-
1469 2548 1484 2578 4
1510 2549 1557 2581 m.
1578 2560 1652 2589 mxv,
1675 2548 1724 2590 ¹3}-
1746 2566 1786 2572 -

410 2604 423 2626 ’ἶ
442 2605 520 2637 lbid.
548 2606 598 2637 13.

1834 2537 1837 2582 i
