1889 3285
438 231 524 271 426
872 240 907 270 S·
943 241 1173 272 AUGUSTIM
1205 245 1385 273 EPISCOPI

430 310 521 369 jam
562 321 652 362 non
684 307 969 366 expositorem
989 342 1000 362 ,
1039 308 1115 352 sed
1147 309 1535 369 contemplatorem
1569 305 1811 365 desiderat3

434 379 522 423 imo
536 393 627 422 non
647 377 788 422 solum
810 377 1053 423 laetantium
1075 377 1271 424 fidelium
1286 415 1297 435 ‚
1321 380 1397 424 sed
1419 379 1550 423 etiam
1571 377 1815 422 infidelium

435 449 704 509 gementium
725 448 911 493 infertur
931 449 1174 509 aspectibus
1193 470 1201 494 ε
1227 451 1307 495 nisi
1329 449 1507 494 fortasse
1527 448 1815 509 quaerendum

434 527 498 564 est
526 518 634 579 quid
656 518 823 563 dictum
855 519 909 564 sit
930 538 938 564 :
969 538 985 560 «
1011 523 1133 564 Dona
1161 519 1395 565 adducent.
1425 539 1443 562 »
1469 522 1532 564 Ea
1552 518 1715 579 quippe
1736 517 1816 561 ad-

434 590 536 634 duci
563 590 726 646 solent,
758 606 857 650 quae
892 590 1116 635 ambulare
1138 600 1335 650 possunt.
1361 589 1690 651 Numquidnam
1715 603 1817 647 ergo

433 661 490 706 de
510 660 786 706 immolandis
805 661 990 706 victimis
1018 662 1104 706 dici
1126 662 1296 722 potuit?
1321 662 1448 706 Absit
1468 671 1518 705 ut
1541 660 1637 705 talis
1658 660 1818 704 oriatur

433 732 480 776 in
497 730 650 776 diebus
673 733 765 792 ejus
781 732 964 793 justitia.
990 731 1072 776 Sed
1086 733 1163 777 ista
1178 732 1292 777 dona
1310 749 1410 793 quae
1427 730 1684 777 adducenda
1705 746 1819 789 prae-

434 803 551 849 dicta
589 812 712 858 sunt,
747 803 946 847 homines
972 803 1081 847 mihi
1107 804 1314 848 videntur
1343 803 1609 862 significare,
1633 816 1741 862 quos
1773 801 1819 846 in

434 875 684 920 societatem
723 873 926 918 Ecclesiae
958 873 1119 918 Christi
1149 888 1300 932 regum
1337 872 1518 918 adducit
1552 872 1816 916 auctoritas:

435 946 633 1007 quamvis
656 960 775 1003 reges
798 945 927 990 etiam
948 953 1257 1005 persequentes
1277 944 1393 989 dona
1419 943 1680 988 adduxerint
1694 977 1705 998 ‚
1729 958 1821 987 non

433 1018 619 1065 scientes
637 1016 747 1076 q'uid
765 1015 978 1070 facerent,
1001 1025 1169 1061 sanctos
1185 1018 1398 1074 Martyres
1419 1013 1703 1059 immolando.

493 1090 615 1133 XIV.
636 1089 749 1132 Cum
771 1102 875 1132 vero
902 1096 1134 1147 exponeret
1157 1102 1304 1131 causas
1321 1121 1333 1141 ,
1359 1102 1437 1131 cur
1459 1086 1498 1129 ei
1518 1093 1665 1128 tantus
1682 1085 1822 1129 honor

435 1158 680 1205 deferretur
701 1175 725 1203 a
747 1158 944 1217 regibus,
969 1159 1097 1219 eique
1123 1158 1355 1202 serviretur
1377 1157 1431 1201 ab
1459 1156 1663 1201 omnibus
1680 1155 1822 1214 genti-

435 1231 517 1274 bus
543 1249 552 1275 ε
579 1249 596 1270 «
623 1230 735 1284 Quia
756 1228 982 1283 liberavit,
1004 1229 1169 1288 inquit,
1193 1243 1380 1286 egenum
1398 1244 1418 1272 a
1433 1236 1631 1287 potente,
1651 1236 1695 1270 et
1710 1241 1824 1286 pau-

440 1321 458 1342 »
496 1316 645 1360 perem
667 1301 736 1344 cui
758 1315 849 1344 non
878 1308 970 1343 erat
992 1298 1207 1360 adjutor1.
1239 1319 1256 1341 »
1292 1302 1377 1342 Iste
1394 1314 1556 1357 egenus
1571 1307 1614 1342 et
1630 1312 1819 1357 pauper,

434 1369 624 1430 populus
647 1379 709 1415 est
726 1369 998 1415 credentium
1019 1369 1065 1413 in
1087 1385 1204 1413 eum.
1223 1372 1273 1412 In
1287 1370 1371 1413 hoc
1387 1368 1553 1428 populo
1570 1378 1672 1412 sunt
1693 1369 1823 1412 etiam

435 1457 556 1501 reges
586 1441 814 1486 adorantes
848 1456 965 1484 eum.
996 1442 1096 1485 Non
1128 1439 1244 1483 enim
1266 1440 1389 1497 egeni
1420 1455 1509 1483 esse
1530 1437 1825 1497 dedignantur

435 1523 480 1557 et
516 1528 754 1573 pauperes,
789 1511 837 1556 id
866 1521 956 1566 est,
996 1510 1222 1555 humiliter
1253 1520 1430 1570 peccata
1466 1511 1747 1564 confitentes,
1780 1519 1825 1554 et

436 1593 610 1642 egentes
630 1582 765 1642 gloria
782 1591 825 1626 et
841 1583 975 1640 gratia
989 1581 1084 1636 Dei,
1104 1589 1156 1625 ut
1168 1596 1239 1625 eos
1258 1597 1330 1624 rex
1347 1580 1419 1624 ille
1441 1580 1555 1624 filius
1570 1580 1696 1637 Regis
1713 1579 1824 1624 libe-

436 1663 503 1698 ret
535 1670 559 1698 a
582 1662 776 1712 potente.
812 1652 937 1696 Idem
959 1651 1122 1711 quippe
1144 1660 1209 1695 est
1233 1660 1388 1710 potens
1403 1686 1413 1706 ‚
1434 1650 1508 1694 ille
1533 1641 1609 1709 qui
1630 1651 1825 1710 superius

437 1723 730 1769 calumniator
762 1730 826 1767 est
848 1722 990 1766 dictus
1013 1740 1022 1766 :
1046 1736 1177 1781 quem
1199 1730 1423 1780 potentem
1449 1721 1505 1764 ad
1525 1720 1722 1764 homines
1744 1720 1826 1764 sibi

437 1792 691 1839 subdendos
724 1801 768 1837 et
805 1792 853 1836 in
888 1791 1138 1851 captivitate
1172 1790 1423 1835 retinendos
1450 1807 1540 1835 non
1566 1794 1704 1834 virtus
1736 1792 1826 1851 ejus

438 1864 564 1919 fecit,
586 1864 662 1908 sed
682 1864 875 1908 humana
891 1871 1083 1922 peccata.
1105 1860 1226 1905 Idem
1251 1862 1340 1921 ipse
1362 1871 1406 1906 et
1426 1860 1548 1906 fortis
1569 1871 1634 1906 est
1653 1862 1794 1906 dictus
1809 1897 1821 1918 ‚

438 1934 539 1980 ideo
561 1944 606 1979 et
621 1935 695 1979 hie
715 1943 884 1994 potens.
910 1932 996 1978 Sed
1017 1932 1094 1994 qui
1111 1932 1358 1977 humiliavit
1378 1932 1758 1988 calumniatorem,
1783 1942 1827 1977 et

439 2006 617 2050 intravit
637 2005 683 2049 in
705 2004 888 2050 domum
919 2003 1042 2049 fortis
1060 2039 1071 2058 ‚
1109 2013 1163 2047 ut
1194 2019 1245 2048 eo
1268 2002 1443 2063 alligato
1470 2019 1569 2048 vasa
1600 2005 1691 2063 ejus
1718 2003 1827 2047 diri-

438 2077 618 2136 peret²‚
645 2076 715 2120 hic
741 2094 759 2115 «
790 2074 1007 2119 Liberavit
1030 2089 1217 2132 egenum
1239 2090 1262 2117 a
1289 2083 1467 2133 potente
1483 2109 1494 2128 ‚
1524 2083 1568 2117 et
1588 2088 1826 2133 pauperem

444 2167 462 2189 »
498 2147 569 2191 cui
591 2163 680 2191 non
700 2155 792 2191 erat
809 2145 995 2206 adjutor.
1017 2148 1144 2190 »Non
1167 2146 1282 2189 enim
1307 2146 1388 2190 hoc
1405 2145 1576 2190 efficere
1599 2145 1742 2204 potuit
1755 2145 1826 2189 vel

439 2220 697 2279 cujusquam
718 2218 871 2271 virtus,
887 2216 956 2261 vel
979 2217 1211 2277 quisquam
1249 2217 1381 2261 homo
1397 2218 1562 2277 justus,
1579 2215 1648 2260 vel
1670 2215 1824 2277 aliquis

434 2287 644 2347 Angelus.
670 2290 784 2333 Cum
815 2303 918 2347 ergo
940 2287 1087 2332 nullus
1109 2297 1220 2332 esset
1242 2287 1436 2347 adjutor,
1471 2288 1562 2348 ipse
1584 2286 1820 2332 adveniens

436 2357 577 2403 salvos
594 2357 699 2404 fecit
719 2373 808 2403 eos,

494 2430 592 2473 XV.
609 2428 877 2473 Occurrebat
898 2436 1044 2472 autem
1062 2447 1072 2472 ι
1099 2428 1142 2472 Si
1159 2437 1336 2488 propter
1352 2438 1528 2488 peccata
1548 2429 1681 2473 homo
1695 2437 1823 2472 tene-

435 2499 566 2544 batur
588 2515 612 2544 a
633 2498 830 2555 diabolo,
853 2497 1174 2559 numquidnam
1201 2499 1374 2546 Christo
1400 2500 1477 2559 qui
1500 2500 1613 2546 eruit
1634 2515 1822 2559 egenum

489 2589 498 2606 ¹
520 2582 599 2617 Psal.
622 2593 711 2625 Lxxx,
731 2591 782 2617 12.
798 2599 841 2606 -
861 2589 874 2605 ²
892 2582 1006 2617 Matth.
1027 2592 1084 2624 xn,
1104 2591 1160 2625 29.
