1889 3285
410 241 649 270 ENAnnAno
681 244 725 269 IN
758 241 959 270 PsALMUM
992 244 1096 269 Lxu.
1367 230 1449 269 163

73 316 175 352 sunt
195 322 349 353 manus
370 308 461 367 ejus
478 323 558 367 pro
579 306 720 351 nobis.
741 306 845 352 Ideo
862 316 1046 352 extensae
1066 314 1169 350 sunt
1188 320 1342 350 manus
1362 310 1453 362 eJus

73 379 118 422 in
140 393 288 433 cruce,
313 387 365 422 ut
389 393 543 422 manus
566 386 724 422 nostrae
746 377 1034 423 extendantur
1066 375 1112 420 in
1137 374 1255 420 bona
1284 391 1415 435 opera
1439 393 1451 421 ε

74 448 177 508 quia
197 464 303 492 crux
322 448 454 507 ipsius
470 447 806 492 misericordiam
827 447 952 492 nobis
968 445 1170 507 praebuit.
1195 448 1309 490 Ecce
1335 445 1459 491 leva-

74 519 138 564 vit
155 518 228 563 ille
243 535 419 574 manus,
440 528 485 564 et
505 518 664 564 obtulit
686 535 766 579 pro
786 519 912 564 nobis
932 517 1190 563 sacrificium
1202 519 1293 562 Deo
1320 532 1364 561 se
1384 517 1457 577 ip-

75 604 192 644 sum,
221 599 264 633 et
285 605 362 650 per
388 588 498 634 illud
532 589 790 634 sacrificium
811 589 953 634 deleta
980 596 1083 633 sunt
1115 587 1260 632 omnia
1280 596 1459 647 peecata

74 669 235 705 nostra.
253 663 464 704 Levemus
487 667 530 703 et
552 675 631 704 nos
648 675 800 704 manus
815 669 980 705 nostras
999 658 1056 704 ad
1075 661 1215 703 Deum
1232 659 1278 701 in
1295 672 1424 717 prece
1445 675 1456 702 ι

75 739 118 775 et
139 746 229 775 non
255 729 584 775 confundentur
613 745 767 775 manus
798 740 957 775 nostrae
975 730 1129 775 levatae
1156 727 1214 774 ad
1233 731 1374 773 Deum
1389 763 1400 784 ,
1424 726 1462 772 si

75 811 356 846 exerceantur
376 801 422 846 in
444 801 570 846 bonis
593 802 811 861 operibus.
837 800 955 855 Quid
983 801 1099 846 enim
1120 799 1225 845 facit
1246 800 1323 862 qui
1343 799 1461 846 levat

75 874 260 917 manus?
281 871 406 917 Unde
428 882 695 932 praeceptum
722 881 785 917 est
815 882 866 917 ut
883 872 1033 917 levatis
1062 873 1264 918 manibus
1289 889 1463 920 oremus

76 944 132 989 ad
148 945 319 988 Deum?
339 943 572 1003 Apostolus
594 944 711 988 enim
733 944 860 989 dicit:
891 963 912 987 «
937 948 1146 990 Levantes
1164 961 1292 1006 puras
1306 962 1461 991 manus

75 1014 168 1058 sine
180 1014 242 1058 ira
262 1024 305 1059 et
318 1013 628 1074 disceptatione
642 1017 672 1058 1.
693 1033 713 1056 »
735 1016 792 1059 Ut
809 1030 908 1059 cum
927 1014 1045 1060 levas
1062 1031 1217 1061 manus
1232 1015 1288 1060 ad
1303 1020 1460 1074 Deum,

76 1086 253 1130 veniant
270 1085 350 1129 tibi
371 1086 417 1129 in
445 1095 635 1130 mentem
658 1101 788 1146 opera
813 1095 903 1132 tua.
928 1087 1037 1140 Quia
1060 1087 1176 1131 enim
1197 1103 1351 1132 manus
1371 1088 1464 1133 istae

76 1155 276 1200 levantur
288 1165 338 1200 ut
352 1157 553 1217 impetres
567 1157 689 1218 quod
702 1157 763 1202 vis
775 1192 786 1212 ‚
801 1157 912 1217 ipsas
929 1173 1081 1202 manus
1096 1158 1258 1217 cogitas
1275 1159 1322 1203 in
1337 1159 1466 1204 bonis

77 1227 281 1286 operibus
309 1243 534 1283 exercere,
568 1244 624 1272 ne
657 1227 917 1272 erubescant
943 1228 1075 1272 levari
1107 1227 1164 1273 ad
1183 1231 1338 1274 Deum.
1368 1249 1389 1272 «
1414 1232 1468 1274 In

77 1315 98 1339 »
125 1298 302 1342 nomine
331 1307 408 1342 tuo
437 1298 594 1344 levabo
616 1314 771 1343 manus
797 1314 928 1343 meas.
956 1317 976 1340 »
1004 1301 1102 1343 Istae
1132 1315 1281 1360 preces
1306 1309 1467 1349 nostrae

78 1378 180 1414 sunt
200 1369 245 1412 in
266 1369 347 1412 hac
366 1369 581 1421 Idumaea,
606 1370 652 1410 in
678 1371 763 1411 hoc
799 1370 992 1424 deserto,
1017 1371 1063 1413 in
1086 1379 1199 1414 terra
1230 1371 1321 1415 sine
1351 1388 1465 1432 aqua

77 1448 122 1484 et
143 1439 235 1484 sine
251 1439 336 1494 via,
356 1438 434 1482 ubi
455 1437 580 1482 nobis
598 1437 793 1483 Christus
811 1446 874 1482 est
893 1438 997 1493 via²‚
1022 1439 1098 1484 sed
1119 1456 1210 1486 non
1222 1441 1291 1486 via
1312 1441 1367 1487 de
1385 1443 1467 1487 hac

80 1519 209 1554 terra.
238 1529 258 1551 «
278 1512 331 1553 In
353 1508 529 1553 nomine
546 1517 621 1553 tuo
640 1506 796 1553 levabo
819 1524 973 1553 manus
997 1525 1127 1557 meas.
1152 1530 1173 1554 »

136 1582 257 1624 XIV.
276 1582 334 1624 Et
347 1578 455 1640 quid
467 1579 624 1635 dicam,
650 1594 751 1624 cum
764 1578 920 1624 levabo
934 1595 1088 1626 manus
1101 1596 1217 1631 meas
1230 1582 1276 1626 in
1287 1584 1465 1635 nomine

80 1652 184 1696 tuo?
213 1649 321 1711 quid
351 1652 528 1710 petam?
557 1650 635 1695 Eia
670 1649 850 1704 fratres,
890 1650 1066 1711 quando
1096 1651 1247 1697 levatis
1286 1668 1465 1710 manus,

80 1722 262 1781 quaerite
284 1720 393 1782 quid
414 1721 569 1781 petatis
595 1740 604 1766 ε
631 1721 684 1765 ab
707 1722 1017 1781 Omnipotente
1046 1722 1163 1766 enim
1191 1723 1348 1783 petitis.
1380 1725 1470 1769 Ali-

81 1793 189 1854 quid
209 1807 417 1851 magnum
440 1792 596 1852 petite,
621 1808 711 1837 non
733 1793 877 1852 qualia
893 1802 1052 1852 petunt
1068 1794 1143 1854 qui
1166 1794 1364 1839 nondum
1382 1812 1472 1841 cre-

81 1863 304 1909 diderunt.
330 1862 494 1908 Videtis
516 1862 660 1923 qualia
677 1863 838 1908 dentur
862 1873 906 1909 et
937 1864 1093 1924 impiis.
1129 1866 1348 1913 Petiturus
1379 1883 1423 1911 es
1445 1883 1471 1913 a

82 1938 174 1980 Deo
195 1943 272 1979 tuo
288 1934 551 1994 pecuniam?
570 1934 797 1995 Numquid
820 1951 911 1980 non
941 1935 1077 1980 donat
1096 1951 1193 1981 eam
1219 1946 1264 1982 et
1285 1937 1469 1983 scelera-

84 2005 159 2060 tis,
193 2005 270 2065 qui
285 2005 331 2048 in
345 2004 471 2048 illum
492 2020 583 2049 non
609 2004 824 2049 credunt?
848 2005 967 2059 Quid
1001 2021 1102 2065 ergo
1124 2022 1333 2067 magnum
1354 2010 1469 2068 peti.-

84 2085 207 2120 turus
221 2090 280 2129 es,
294 2073 416 2135 quod
433 2074 568 2119 donat
583 2085 627 2119 et
641 2075 793 2120 malis?
813 2075 897 2121 Sed
913 2092 1002 2121 uon
1015 2077 1095 2121 tibi
1113 2077 1353 2138 displiceat,
1367 2081 1472 2141 quia

84 2162 185 2207 quae
206 2145 342 2190 donat
363 2154 406 2190 et
427 2145 550 2190 malis
566 2181 576 2201 ‚
600 2155 689 2191 tam
707 2145 861 2192 frivola
889 2157 992 2192 sunt
1021 2156 1072 2192 ut
1099 2158 1142 2193 et
1173 2148 1297 2194 malis
1319 2150 1473 2208 donari

87 2216 216 2274 digna
235 2216 321 2260 sint
346 2235 356 2260 :
380 2231 436 2259 ne
468 2216 546 2260 tibi
574 2216 697 2276 quasi
727 2232 884 2276 magna
910 2216 1140 2263 videantur
1169 2235 1269 2279 quae
1290 2231 1474 2280 possunt

22 2313 38 2328 f
87 2285 240 2331 donari
261 2294 304 2329 et
323 2285 462 2330 malis.
483 2287 561 2330 Dei
582 2285 761 2346 quidem
783 2297 886 2332 sunt
906 2297 950 2332 et
970 2289 1115 2334 omnia
1136 2289 1251 2335 dona
1271 2300 1470 2339 terrena:

88 2356 164 2403 sed
183 2356 354 2411 videte,
391 2356 493 2416 quia
528 2372 627 2416 quae
665 2357 801 2402 donat
835 2367 878 2402 et
898 2358 1048 2416 malis,
1085 2375 1176 2404 non
1210 2376 1289 2420 pro
1317 2376 1474 2421 magno

88 2427 291 2472 habenda
327 2436 442 2471 sunt.
468 2430 545 2471 Est
582 2426 702 2472 aliud
733 2429 853 2488 quod
887 2430 1011 2474 nobis
1030 2441 1188 2476 servat.
1223 2433 1473 2492 Cogitemus

91 2508 236 2545 autem
250 2515 349 2559 quae
366 2497 500 2544 donat
517 2508 560 2543 et
574 2499 714 2555 mali5‚
731 2509 775 2545 et
790 2501 892 2546 hinc
911 2501 1202 2561 intelligamus
1214 2503 1322 2564 quid
1335 2513 1477 2559 servet

140 2591 148 2606 ¹
172 2595 185 2617 1
205 2585 283 2616 Tim.
303 2596 338 2625 11,
353 2584 384 2616 8.
407 2601 447 2606 —-
470 2591 481 2607 ²
501 2586 672 2625 Joan.x1v‚
690 2584 723 2615 6.

1248 2644 1310 2682 11.
