1889 3285
403 210 488 249 432
849 223 880 247 s.
918 220 1149 249 Aususrim
1183 223 1363 250 muscom

406 306 423 327 »
459 284 654 329 ficabunt
683 300 799 328 eum.
835 303 855 326 »
895 289 1121 347 Tanquam
1157 287 1416 347 exponendo
1449 289 1683 348 repetitum
1726 299 1791 334 est

399 354 520 415 quod
552 370 682 414 supra
709 354 877 400 dictum
906 366 983 401 est.
1019 357 1129 410 Quia
1151 358 1266 402 enim
1299 358 1620 403 benedicentur
1640 359 1684 404 in
1707 375 1758 405 eo
1775 395 1786 416 ‚

399 425 746 482 magnificabunt
767 442 869 470 eum
889 446 898 472 :
924 443 1014 472 non
1032 428 1113 486 ipsi
1131 426 1330 472 faciendo
1352 438 1401 473 ut
1422 444 1606 488 magnus
1627 430 1696 486 sit,
1713 431 1790 490 qui

398 511 475 555 per
493 512 537 541 se
560 496 703 556 ipsum
723 513 905 556 magnus
930 508 1021 555 est3
1056 498 1132 543 sed
1157 498 1378 544 laudando
1413 509 1456 544 et
1480 516 1688 560 magnum
1721 501 1789 546 fa-

399 564 547 611 tendo.
572 567 640 612 Sic
661 568 776 612 enim
794 569 1122 627 magnificamus
1145 572 1284 614 Deum
1314 589 1322 614 z
1348 570 1406 614 sic
1424 571 1555 615 etiam
1573 570 1758 616 dicimus
1778 591 1786 616 :

403 656 421 680 «
457 637 760 684 Sanctificetur
774 655 936 684 nomen
952 643 1121 697 tuum¹‚
1141 640 1293 702 »quod
1309 656 1478 702 semper
1496 642 1649 703 utique
1673 658 1792 687 sanc-

398 716 497 752 tum
516 718 595 753 est.

456 781 556 823 XX.
589 798 608 821 «
639 779 900 825 Benedictus
920 781 1131 826 Dominus
1153 784 1268 826 Deus
1297 781 1428 826 Israel
1445 817 1456 838 ,
1481 783 1559 843 qui
1584 782 1688 826 facit
1709 783 1792 826 mi-

401 867 422 891 »
458 849 611 894 rabilia
654 850 769 896 solus
802 852 834 896 ⁴.
870 872 888 894 »
927 852 1219 898 Consideratis
1260 854 1462 898 omnibus
1501 869 1631 914 supra
1667 853 1791 898 dictis

399 930 623 966 eructatur
656 922 871 980 hymnus,
899 933 943 968 et
971 923 1247 969 benedicitur
1276 925 1485 969 Dominus
1508 928 1619 969 Deus
1641 924 1788 969 Israel.

399 990 614 1051 Impletur
644 995 758 1038 enim
781 993 903 1054 quod
922 993 978 1038 ad
998 994 1119 1038 illam
1147 993 1335 1039 sterilem
1364 994 1532 1039 dictum
1554 1004 1618 1039 est
1647 1014 1656 1039 ε
1692 1013 1709 1036 «
1736 997 1793 1039 Et

403 1082 421 1104 »
456 1063 533 1123 qui
557 1064 671 1108 eruit
703 1074 745 1108 te
762 1100 772 1120 ‚
801 1066 892 1124 ipse
916 1066 1126 1110 Dominus
1145 1070 1257 1111 Deus
1277 1066 1408 1110 Israel
1430 1067 1642 1111 universae
1667 1076 1791 1110 terrae

401 1151 422 1174 »
457 1135 732 1178 vocabitur-³.
765 1155 782 1176 >›
806 1138 902 1194 Ipse
938 1155 955 1176 «
984 1137 1106 1180 Facit
1130 1136 1343 1180 mirabilia
1373 1137 1489 1181 solus
1511 1157 1519 1182 :
1545 1158 1561 1178 »
1583 1137 1792 1197 quoniam

398 1205 665 1265 quicumque
689 1205 877 1261 faciunt,
904 1206 995 1266 ipse
1017 1207 1063 1250 in
1083 1207 1142 1251 eis
1161 1216 1382 1267 operatur,
1399 1208 1514 1261 «Qui
1537 1207 1641 1253 facit
1657 1207 1790 1251 mira-

402 1295 420 1317 »
455 1275 559 1319 bilia
583 1275 714 1320 SOlUS.
743 1297 760 1318 »

456 1348 578 1390 XXI.
611 1367 630 1388 «
655 1350 712 1391 Et
728 1346 1012 1391 benedictum
1036 1362 1197 1391 nomen
1215 1347 1365 1406 gloriae
1386 1350 1476 1409 ejus
1493 1349 1537 1392 in
1554 1358 1787 1405 aeternum,

401 1433 421 1457 »
458 1426 501 1461 et
528 1417 574 1460 in
596 1417 807 1462 saeculum
828 1418 1020 1461 saecul‘11.
1050 1437 1067 1458 »
1100 1417 1212 1471 Quid
1238 1418 1357 1462 aliud
1388 1418 1511 1462 latini
1535 1420 1791 1479 interpretes

398 1486 605 1543 dicerent,
624 1488 700 1548 qui
723 1504 812 1532 non
844 1497 1018 1547 possent
1040 1487 1183 1532 dicere
1204 1508 1211 1533 :
1232 1492 1283 1533 In
1304 1499 1518 1533 aeternum
1536 1499 1578 1533 et
1599 1490 1645 1533 in
1662 1499 1791 1534 aeter-

397 1573 504 1602 nuni
521 1559 672 1602 aeterni
682 1558 840 1610 E'Quasi
863 1558 978 1601 enim
1001 1557 1119 1601 aliud
1142 1557 1308 1602 dictum
1328 1560 1403 1604 sit:
1426 1578 1442 1600 «
1463 1564 1513 1603 In
1530 1570 1786 1615 aete1·num‚»

397 1637 441 1672 et
462 1627 603 1682 aliud,
630 1648 646 1668 «
675 1631 725 1671 In
755 1627 994 1683 saeculum,
1011 1647 1027 1668 »
1045 1627 1104 1671 ita
1129 1639 1255 1672 sonat
1279 1648 1287 1673 :
1327 1630 1402 1673 sed
1430 1634 1596 1687 graecus
1624 1630 1757 1674 babet
1776 1665 1787 1685 ,

398 1707 439 1744 ὲις
454 1708 504 1739 τὶν
522 1707 634 1746 αἰῶνα,
655 1706 707 1739 zz'v.
726 1707 765 1743 εἰς
786 1708 836 1739 τὶν
858 1707 956 1739 αἰῶνα.
974 1711 1025 1739 τεῦ
1046 1707 1174 1753 αἰῶνες,
1211 1700 1332 1759 quod
1369 1699 1482 1744 forte
1520 1701 1791 1745 COlTlmOdiUS

397 1772 615 1817 diceretur
630 1807 641 1827 ,
660 1773 704 1815 in
721 1771 933 1816 saeculum
951 1781 994 1815 et
1012 1771 1058 1814 in
1079 1770 1289 1815 saeculum
1312 1770 1458 1814 saeculi
1482 1789 1490 1815 ε
1511 1780 1562 1815 ut
1582 1771 1628 1814 in
1649 1787 1789 1817 saecu-

395 1843 490 1887 lum
511 1842 830 1901 intelligeretur
846 1878 856 1897 ‚
882 1851 1098 1903 quantum
1127 1843 1208 1886 hoc
1230 1842 1439 1886 saeculum
1458 1842 1588 1887 durat
1604 1864 1615 1899 3
1633 1843 1679 1887 in
1706 1859 1788 1887 sae-

396 1913 548 1958 culum
586 1922 731 1957 autem
756 1912 932 1967 saeculi,
970 1911 1091 1972 quod
1118 1921 1216 1972 post
1251 1912 1383 1972 hujus
1417 1914 1550 1957 finem
1588 1912 1788 1958 futurum

397 1985 682 2044 promittitur.
702 2003 718 2024 «
737 1987 794 2028 Et
817 1983 1055 2043 replebitur
1080 1983 1213 2042 gloria
1232 1984 1321 2043 ejus
1343 1985 1481 2028 omnis
1506 1994 1644 2029 terra:
1667 1986 1785 2040 Fiat,

399 2073 420 2096 »
456 2056 545 2099 fiat.
579 2076 595 2095 »
635 2054 802 2099 Jussisti
821 2090 831 2109 ‚
873 2055 1056 2098 Domine
1081 2089 1091 2108 ,
1133 2055 1191 2097 ita
1215 2054 1264 2097 fit
1291 2073 1300 2098 ε
1324 2055 1382 2098 ita
1404 2055 1480 2110 fit,
1515 2055 1656 2100 donec
1677 2054 1789 2099 illud

397 2125 518 2187 quod
535 2126 670 2186 coepit
688 2142 710 2169 a
732 2126 911 2170 flumine
932 2161 942 2182 ‚
967 2125 1190 2185 pervoniat
1209 2125 1387 2170 omnino
1409 2140 1547 2187 usque
1570 2127 1624 2171 ad
1642 2126 1788 2171 termi-

397 2213 475 2242 nos
498 2198 613 2242 orbis
637 2207 779 2242 terrae.

444 2300 453 2316 ¹
473 2294 594 2327 Matth,
616 2304 659 2335 vr,
680 2305 713 2337 9.
731 2310 772 2317 --
794 2300 806 2318 ²
824 2293 904 2326 Psal.
927 2304 1011 2336 mxi,
1035 2292 1085 2325 18.
1109 2309 1149 2317 --
1170 2290 1182 2317 3
1201 2293 1273 2325 lsai.
1294 2303 1355 2324 mv.
1378 2291 1411 2326 5.
1431 2291 1497 2322 -4
1519 2293 1598 2327 Psal.
1620 2304 1708 2336 uxr,
1733 2305 1783 2337 19.
