1889 3285
393 243 634 272 ENARRArio
667 246 711 272 IN
745 246 945 274 PsALMUM
978 247 1132 274 Lxxm.
1382 235 1464 275 463

80 304 288 365 quoniam
306 320 442 364 puero
461 306 624 351 dantur
643 310 843 369 quaedam
865 309 1047 369 puerilia
1071 307 1238 354 ludicra
1251 343 1262 364 ,
1302 310 1464 370 quibus

77 374 257 434 puerilis
275 375 444 420 animus
473 387 702 434 avocetur,
734 389 963 440 propterea
991 380 1291 438 grandescenti
1312 395 1403 424 non
1424 380 1464 424 ei

81 446 363 490 excutiuntur
397 462 421 490 e
452 448 682 504 manibus,
720 458 769 493 ut
796 448 962 509 aliquid
986 449 1077 508 jam
1109 448 1259 493 utilius
1285 457 1461 504 tractet,

79 514 201 575 quod
230 516 439 575 grandem
474 517 629 562 decet?
658 521 971 564 Verumtamen
1000 528 1050 562 tu
1081 518 1171 576 ipse
1195 517 1352 562 dedisti
1374 517 1467 563 filio

1 588 3 591 ’
81 594 181 641 tuo,
205 595 249 630 et
269 601 401 631 nuces
418 588 616 647 parvulo,
641 598 684 633 et
700 589 895 633 codicem
912 583 1079 646 grandi.
1104 589 1198 633 Non
1219 601 1321 645 ergo
1335 623 1345 643 ,
1363 588 1465 648 quia

83 654 157 699 illa
177 656 301 716 quasi
328 656 497 702 ludicra
518 674 756 718 puerorum
778 662 892 703 Deus
912 668 990 719 per
1021 654 1192 703 Novum
1218 661 1469 702 Testamen-

84 735 176 769 tum
198 727 382 771 excussit
396 726 451 771 de
472 729 674 773 manibus
690 729 896 785 filiorum,
914 739 964 773 ut
985 728 1152 789 aliquid
1168 727 1319 772 utilius
1341 728 1466 772 daret

83 795 487 854 grandescentibus,
513 808 742 859 propterea
775 801 917 860 priora
938 798 1012 843 illa
1051 811 1140 844 non
1170 799 1261 858 ipse
1298 797 1466 842 dedisse

82 866 305 926 putandus
330 877 408 912 est.
441 872 537 929 Ipse
576 878 813 931 utrumque
832 870 967 915 dedit.
999 888 1019 912 «
1046 869 1131 915 Sed
1153 872 1241 913 Lex
1270 869 1360 928 ipsa
1389 884 1467 928 per

86 954 108 977 »
141 939 324 995 Moysen
345 937 446 983 data
467 948 556 997 est,
582 941 728 985 Gratia.
750 949 794 985 et
813 940 968 984 veritas
990 955 1067 999 per
1085 942 1233 983 Jesum
1244 940 1467 984 Christum

86 1024 108 1048 υ
142 1005 256 1052 facta
274 1011 362 1052 est¹
379 1027 388 1053 ε
407 1026 427 1050 »
445 1009 580 1069 gratia
594 1043 605 1065 ,
626 1011 728 1071 quia
742 1009 948 1070 impletur
962 1023 1040 1070 per
1056 1010 1324 1065 charitatem,
1348 1009 1469 1069 quod

83 1093 161 1138 per
181 1077 370 1123 litteram
377 1080 641 1139 jubebatur·⁷
664 1082 823 1125 veritas
846 1116 856 1136 ,
882 1074 990 1141 quiav
1007 1081 1204 1124 redditur
1220 1080 1342 1141 quod
1363 1095 1468 1139 pro-

83 1148 353 1193 mittebatur.
369 1153 462 1195 Hoc
478 1165 579 1209 ergo
594 1150 805 1196 inteliexit
817 1152 963 1210 Asaph
976 1151 1071 1195 iste,
1089 1151 1286 1211 Denique
1303 1151 1464 1206 omnia,

84 1236 183 1280 quae
197 1222 222 1264 J
226 1220 361 1264 udaeis
377 1221 582 1280 promissa
596 1221 770 1265 fuerant
781 1257 792 1276 ,
809 1221 953 1266 ablata
967 1230 1083 1266 sunt.
1104 1221 1188 1266 Ubi
1205 1230 1268 1265 est
1285 1235 1469 1280 regnum

84 1292 265 1334 eorum?
286 1290 364 1334 ubi
396 1286 638 1350 ternplum?
659 1292 735 1335 ubi
772 1292 955 1336 unctio?
983 1292 1061 1336 ubi
1091 1290 1362 1336 sacerdotes?
1392 1291 1471 1335 ubi

78 1361 168 1420 jam
185 1360 304 1420 apud
323 1359 420 1405 illos
442 1362 671 1421 Prophetae
685 1363 704 1402 ἱ)
724 1364 895 1422 ΕΧῳιο
916 1362 1036 1406 venit
1052 1397 1063 1417 ,
1089 1362 1165 1422 qui
1187 1377 1264 1421 per
1283 1362 1472 1421 Prophe-

86 1441 149 1476 tas
170 1432 513 1491 praedicabatur,
539 1434 584 1477 in
611 1432 684 1476 issa
707 1441 836 1492 gente
852 1434 944 1493 jam
969 1431 1077 1476 nihil
1094 1433 1253 1477 horum
1275 1441 1340 1477 est
1356 1452 1368 1491 3
1378 1434 1470 1493 jam

84 1502 279 1562 perdidit
299 1513 493 1558 terrena,
514 1511 558 1547 et
574 1501 773 1548 nondum
790 1503 948 1563 quaerit
968 1499 1177 1547 coelestia.

148 1575 228 1617 111.
262 1574 480 1617 lnhaerere
507 1588 612 1632 ergo
637 1573 842 1628 terrenis,
875 1573 1073 1633 quamvis
1095 1584 1144 1616 ea
1178 1576 1292 1617 Deus
1319 1571 1472 1628 donet,

87 1658 178 1688 non
205 1643 352 1687 debes.
381 1646 692 1688 Verumtamen
722 1655 812 1688 non
839 1645 941 1703 quia
975 1644 1184 1687 inhaerere
1205 1644 1265 1687 eis
1287 1654 1377 1688 non
1394 1643 1474 1688 de-

86 1714 257 1769 bemus,
286 1713 420 1758 alium
437 1730 486 1759 ea
513 1714 631 1770 dare,
656 1715 737 1758 nisi
759 1717 919 1769 Deum,
937 1714 1112 1758 credere
1129 1713 1339 1758 debemus
1357 1735 1368 1772 3
1383 1715 1478 1774 ipse

89 1799 138 1829 ea
160 1784 235 1829 dat
259 1803 268 1829 :
294 1785 371 1828 sed
391 1784 481 1829 noli
502 1800 583 1844 pro
602 1799 763 1843 magno
776 1793 1004 1844 expectare
1016 1784 1072 1828 ab
1085 1798 1136 1828 eo
1151 1784 1334 1839 bonum,
1353 1784 1476 1844 quod

89 1853 163 1898 dat
190 1864 234 1898 et
253 1870 343 1898 non
374 1856 508 1899 bono.
533 1857 641 1900 Nam
663 1855 697 1899 si
727 1869 804 1914 pro
834 1868 990 1912 magno
1023 1867 1072 1898 ea
1101 1853 1245 1909 daret,
1281 1853 1404 1898 malis
1425 1869 1476 1898 ea

12 1955 13 1959 =
88 1939 179 1969 non
195 1924 332 1970 daret.
356 1925 462 1970 Ideo
483 1934 629 1970 autem
655 1942 705 1969 ea
724 1924 867 1970 voluit
888 1925 992 1969 dare
1013 1934 1056 1969 et
1075 1924 1215 1979 malis,
1235 1933 1286 1968 ut
1306 1924 1477 1969 discant

26 2022 28 2025 -
89 1995 195 2040 boni
215 1994 335 2039 aliud
356 1996 409 2039 ab
431 2011 481 2039 eo
501 2011 716 2056 quaerere,
743 1996 863 2056 quod
884 2011 973 2040 non
998 1995 1072 2039 dat
1090 2004 1133 2039 et
1149 1994 1288 2039 malis,
1308 1994 1378 2039 Illi
1397 2011 1478 2039 au-

11 2112 13 2115 ,
90 2074 179 2110 tem
202 2065 462 2110 inhaerentes
484 2065 662 2109 terrenis
688 2065 846 2120 miseri,
868 2074 911 2109 et
932 2081 1022 2109 non
1041 2065 1095 2109 de
1113 2064 1188 2109 illo
1210 2076 1478 2125 praesumen-

10 2127 13 2142 ⁵
90 2145 155 2181 tes
175 2137 251 2197 qui
272 2135 376 2180 fecit
398 2137 562 2181 coelum
589 2146 631 2180 et
664 2145 845 2191 terram,
874 2136 949 2196 qui
981 2137 1040 2180 eis
1067 2135 1189 2180 dedit
1216 2137 1374 2196 etipsa
1392 2146 1478 2180 ter-

11 2198 13 2207 '
91 2218 221 2264 rena3
245 2207 322 2266 qui
344 2222 415 2252 eos
447 2207 578 2251 etiam
609 2205 904 2266 temporaliter
927 2206 984 2250 de
1010 2207 1191 2266 AEgypti
1230 2207 1479 2266 captivitate·

90 2276 317 2333 liberavit,
349 2277 426 2338 qui
458 2293 529 2322 eos
558 2292 636 2336 per
659 2276 843 2321 divisum
876 2291 995 2321 mare
1026 2275 1178 2333 duxit,
1216 2278 1291 2338 qui
1324 2292 1477 2321 eorum

10 2348 12 2355 '
59 2391 68 2401 ,
90 2347 285 2392 inimicos
306 2357 613 2409 persequentes
632 2348 838 2392 fluctibus
860 2348 1059 2406 obruit23
1086 2364 1176 2392 non
1201 2349 1246 2391 in
1267 2348 1342 2392 illo
1359 2363 1475 2407 prae-

92 2428 310 2465 sumentes
329 2420 405 2481 qui
426 2419 548 2464 daret
568 2418 721 2480 utique
744 2419 935 2463 coelestia
958 2418 1194 2478 grandibus
1212 2455 1222 2474 ,
1247 2420 1358 2463 sicut
1385 2428 1492 2462 ter-·

92 2505 195 2534 rena
226 2489 416 2550 parvulis
440 2488 583 2545 dedit,
611 2490 811 2534 timentes
842 2487 1021 2548 perdere
1048 2488 1171 2550 quod
1196 2498 1472 2549 acceperant,

145 2581 156 2598 ¹
172 2578 265 2610 Joan.
283 2587 308 2620 1,
333 2584 391 2618 17«
404 2592 446 2599 —-
468 2581 482 2599 ²
501 2575 601 2609 Exod.
619 2585 690 2616 nv,
709 2583 751 2608 22
774 2579 808 2607 et
826 2573 881 2607 28.
