1889 3285
384 254 624 284 niumm-1⁸10
655 257 702 284 m
732 252 935 285 PsALMUM
966 256 1066 283 va.
1311 244 1397 283 219

19 321 229 382 quaelibet
259 335 441 380 persona
471 320 728 378 gloriaretur
758 322 805 365 in
837 336 966 366 carne
984 355 995 374 ,
1023 320 1217 364 infirmos
1249 319 1393 377 elegit.

17 394 127 437 Nam
147 389 251 434 inde
270 406 360 435 non
381 399 444 434 est
466 390 628 433 electus
644 390 772 434 etiam
785 389 857 434 ille
871 388 1126 435 Nathanael.
1143 388 1259 441 Quid
1281 389 1397 433 enim

10 461 98 506 tibi
127 459 317 515 videtur,
342 470 392 504 ut
412 459 697 520 publicanum
725 461 769 504 in
790 460 952 504 telonio
974 458 1195 503 sedentem
1220 459 1398 517 eligeret

14 531 315 586 Matthaeum¹‚
334 540 378 575 et
398 547 487 575 non
515 529 691 588 eligeret
718 529 957 575 Nathanael
977 530 1047 574 cui
1070 529 1292 588 perhibuit
1314 538 1398 573 tes-

16 601 247 646 timonium
269 601 359 660 ipse
384 601 594 645 Dominus
609 636 621 655 ,
648 600 794 645 dicens
815 621 824 646 :
851 620 871 643 «
895 603 1007 644 Ecce
1026 615 1155 643 verus
1178 598 1368 643 Israelita
1382 635 1393 654 ,

19 689 40 712 »
74 671 121 714 in
149 686 238 730 quo
268 670 393 715 dolus
420 686 511 716 non
539 672 657 714 est2?
682 689 702 712 »
729 669 994 728 Intelligitur
1023 683 1123 726 ergo
1157 667 1397 714 Nathanael

16 741 96 786 iste
114 740 270 785 doetus
290 740 420 785 fuisse
441 741 486 785 in
508 744 634 798 Lege.
660 743 759 786 Non
775 740 875 800 quia
898 740 1050 785 doctos
1067 755 1157 783 non
1178 747 1269 785 erat
1290 738 1399 784 elee-

16 819 166 856 turus:
194 810 269 855 sed
290 811 323 854 si
348 811 461 870 ipsos
483 812 624 870 primo
646 810 842 870 elegisset
857 846 869 865 ,
895 810 1105 856 doctrinae
1126 825 1215 855 suae
1242 809 1398 854 merito

15 895 60 925 se
80 880 238 925 electos
255 889 481 939 putarent3
499 881 558 925 ita
574 880 750 926 illorum
767 881 942 924 scientia
965 879 1234 933 laudaretur,
1249 887 1293 924 et
1304 878 1397 923 laus

12 950 176 995 Christi
207 951 355 1008 gratiae
383 951 667 995 minueretur.
711 950 938 995 Perhibuit
973 950 1270 994 testimonium
1301 959 1399 995 tan-

15 1017 148 1080 quam
169 1019 287 1067 bono
306 1019 441 1074 fideli,
465 1020 512 1067 in
533 1036 621 1080 quo
643 1019 769 1064 dolus
792 1035 881 1064 non
898 1028 1014 1063 erat:
1035 1019 1111 1063 sed
1131 1028 1278 1066 tamen
1295 1034 1397 1062 eum

8 1105 104 1137 'non
127 1091 353 1148 assumpsit
373 1090 486 1134 inter
507 1089 602 1134 illos
622 1089 880 1149 Discipulos,
906 1105 1014 1149 quos
1031 1089 1223 1147 primum
1243 1088 1398 1133 idiotas

8 1157 157 1218 elegit.
184 1162 240 1203 Et
262 1158 381 1203 unde
403 1159 684 1218 intelligimus
706 1159 826 1219 quod
849 1158 922 1203 ille
944 1159 1109 1218 peritus
1131 1169 1222 1204 erat
1243 1160 1398 1217 Legis?

10 1227 199 1282 Quando
221 1229 388 1273 audivit
411 1229 467 1272 ab
488 1245 578 1273 uno
595 1244 646 1272 ex
662 1229 721 1273 eis
742 1230 819 1288 qui
841 1229 977 1273 secuti
996 1238 1121 1272 erant
1142 1229 1394 1284 Dominum,

0 1298 205 1348 dicente:
231 1317 251 1340 «
277 1299 529 1343 Invenimus
549 1299 764 1353 Messiam,
790 1297 909 1358 quod
927 1299 1397 1358 interpretaturChris-

6 1386 36 1420 ς»
70 1378 168 1414 tus:
197 1387 216 1410 »
253 1370 452 1429 quaesivit
473 1369 617 1424 unde,
653 1378 697 1413 et
724 1369 891 1413 dietum
913 1379 977 1413 est
1005 1389 1013 1414 :
1040 1373 1079 1413 A
1099 1371 1310 1415 Nazareth
1334 1389 1342 1414 :
1373 1389 1394 1412 »

11 1448 55 1489 et
74 1438 175 1484 ille:
201 1459 220 1481 «
250 1443 288 1484 A
310 1440 521 1485 Nazareth
545 1449 688 1499 potest
719 1439 883 1500 aliquid
918 1440 1025 1484 boni
1056 1455 1158 1484 esse.
1189 1458 1210 1481 »
1238 1439 1397 1485 Procul

10 1509 147 1559 dubio
168 1510 245 1569 qui
265 1509 498 1563 intellexit,
533 1510 633 1570 quia
657 1526 680 1553 a
702 1511 914 1555 Nazareth
936 1519 1079 1569 potest
1106 1509 1272 1570 aliquid
1291 1511 1398 1557 boni

8 1595 124 1634 esse,
157 1580 321 1639 peritus
351 1589 442 1624 erat
472 1581 625 1638 Legis,
659 1589 703 1623 et
729 1580 841 1624 bene
870 1581 1105 1639 Prophetas
1136 1581 1393 1640 inspexerat.

9 1649 121 1701 Novi
135 1665 223 1693 esse
244 1648 390 1693 inillis
411 1650 554 1693 verbis
578 1649 705 1693 aliam
721 1650 1140 1709 pronuntiationem,
1161 1650 1236 1696 sed
1258 1667 1281 1696 a
1298 1668 1398 1711 pru-

11 1717 284 1770 dentioribus
301 1734 391 1763 non
413 1728 476 1762 est
499 1718 739 1778 approbata
753 1754 763 1774 ,
789 1728 839 1762 ut
860 1720 984 1779 quasi
1006 1719 1252 1779 desperasse
1272 1721 1397 1765 vide—

7 1798 131 1835 retur
163 1789 262 1844 ille,
294 1804 396 1833 cum
428 1788 607 1833 audiens
642 1788 818 1834 dixisset
849 1809 858 1834 :
893 1809 914 1832 ι(
945 1793 983 1834 Α
1013 1791 1224 1835 Nazareth
1256 1800 1399 1849 potest

9 1877 37 1909 ρ)
70 1858 235 1919 aliquid
256 1859 361 1903 boni
384 1860 501 1902 esse?
526 1877 545 1899 »
571 1857 617 1902 id
638 1867 724 1914 est,
749 1857 967 1919 numquid
997 1862 1167 1918 potest?
1192 1859 1259 1904 Sic
1293 1876 1398 1919 pro-

10 1928 257 1980 nuntiando
283 1930 405 1990 quasi
427 1928 688 1989 desperaret.
710 1930 914 1990 Sequitur
937 1939 1083 1974 autem
1103 1931 1164 1975 ibi
1185 1950 1194 1975 :
1221 1950 1241 1973 «
1261 1931 1393 1986 Veni,

11 2016 36 2041 ιι
71 2008 115 2043 et
129 1999 270 2044 videss.
290 2017 311 2040 »
337 2002 442 2043 Haec
459 2000 606 2054 verba,
624 1999 669 2043 id
691 2009 756 2044 est
770 2034 781 2054 ,
810 2001 978 2055 «Veni,
999 2009 1043 2044 et
1058 1999 1174 2056 vide,
1194 2018 1216 2042 »
1231 2009 1398 2046 utram-

11 2084 98 2130 que
115 2079 298 2129 possunt
332 2069 734 2129 pronuntiationem
764 2070 900 2132 sequi.
929 2070 973 2115 Si
996 2069 1110 2114 dicas
1126 2105 1137 2126 ,
1164 2071 1286 2131 quasi
1307 2087 1397 2116 non

11 2138 192 2190 eredens
215 2159 223 2184 :
252 2159 273 2182 «
297 2143 337 2184 Α
366 2141 578 2186 Nazareth
601 2148 745 2199 potest
777 2139 941 2200 aliquid
975 2140 1079 2184 boni
1116 2143 1238 2187 esse?
1263 2160 1282 2182 n
1308 2157 1398 2189 res-

11 2208 231 2272 pondetur
256 2230 266 2254 2
294 2229 315 2253 «
341 2211 451 2255 Veni
466 2245 478 2265 ,
503 2219 546 2254 et
568 2209 704 2254 vide»
731 2209 851 2270 quod
874 2225 963 2254 non
985 2211 1138 2256 credis.
1163 2214 1330 2256 Rursus
1361 2214 1395 2259 si

13 2278 128 2331 dicas
151 2281 439 2332 confirmans:
465 2284 537 2325 «A
551 2282 764 2326 Nazareth
782 2289 923 2341 potest
938 2280 1102 2341 aliquid
1115 2282 1220 2327 boni
1238 2298 1326 2327 esse
1344 2304 1355 2340 3
1372 2301 1393 2324 »

13 2351 300 2411 respondetur
332 2371 340 2395 2
371 2371 392 2393 «
417 2352 554 2404 Veni,
591 2362 633 2395 et
661 2352 761 2396 vide
798 2371 818 2393 n
850 2368 982 2412 quam
1011 2368 1111 2397 vere
1142 2354 1195 2398 sit
1228 2354 1396 2398 bonum

12 2422 134 2480 quod
155 2421 311 2465 nuntio
332 2437 356 2464 a
376 2422 615 2479 Nazareth3
646 2432 689 2466 et
718 2438 851 2482 quam
873 2431 989 2466 reete
1020 2422 1167 2483 credas
1201 2424 1322 2478 veni,
1353 2433 1397 2468 et

15 2491 218 2550 experire.
236 2491 348 2535 Hine
363 2500 510 2534 tamen
527 2492 792 2536 existimatur
805 2491 959 2536 doctus
975 2492 1049 2537 ille
1061 2494 1106 2538 in
1118 2497 1232 2552 Lege
1246 2493 1391 2547 fuisse,

65 2582 73 2598 ¹
96 2576 208 2608 Matth.
233 2587 278 2617 ix,
297 2588 328 2617 9.
351 2593 392 2598 —-
413 2583 424 2599 ²
450 2579 541 2608 Joan.
560 2589 584 2617 1,
605 2576 658 2617 47.
680 2595 718 2600 —-
745 2576 757 2600 3
777 2578 857 2610 Ibid.
879 2578 989 2620 41—47.
