1889 3285
395 235 478 275 344
823 241 857 270 s.
892 241 1122 271 Aueusnm
1153 242 1334 271 Emscom

397 334 415 355 »
450 310 616 371 inquit,
639 317 780 353 morte
801 307 1086 353 moriemini1.
1108 327 1126 350 »
1152 310 1217 352 Ex
1233 308 1314 352 hac
1330 316 1470 352 morte
1489 321 1665 352 carnem
1683 322 1774 352 sus-

391 389 587 440 ceperat,
623 388 666 423 et
687 387 810 423 vetus
836 379 971 423 homo
1009 387 1155 423 noster
1174 377 1304 423 simul
1325 377 1555 422 crucifixus
1575 386 1640 423 est
1670 392 1773 423 cum

388 451 505 496 i1102.
529 453 594 494 Ex
609 450 725 494 illius
744 465 851 495 voce
873 450 953 494 ista
970 449 1077 494 dixit
1097 469 1108 494 2
1128 468 1146 489 «
1171 451 1313 502 Quem
1334 459 1384 494 tu
1403 449 1675 509 percussisti,
1692 448 1774 508 ipsi

391 543 408 564 »
444 520 661 581 persecuti
693 529 820 575 sunt,
852 529 898 564 et
928 535 1057 579 super
1084 518 1281 563 dolorem
1307 519 1538 563 vulnerum
1575 513 1775 563 meorum

393 612 412 634 »
448 590 725 635 addiderunt.
757 611 774 631 »
805 593 941 649 Super
972 605 1104 650 quem
1133 589 1328 634 dolorem
1356 589 1613 634 vulnerum?
1638 592 1775 649 Super

388 661 584 706 dolorem
613 670 892 721 peccatorum
922 661 1002 720 ipsi
1030 659 1307 704 addiderunt.
1338 660 1531 705 Vulnera
1552 661 1666 704 enim
1698 676 1776 704 sua

387 742 565 793 peccata
588 733 708 777 dixit.
746 731 832 777 Sed
853 747 908 775 ne
941 731 997 775 ad
1023 740 1154 791 caput
1190 731 1410 791 respicias,
1445 731 1500 776 ad
1523 747 1678 791 corpus
1701 730 1776 776 ad-

386 812 531 858 verte,
561 802 803 847 secundum
827 802 947 861 cujus
973 817 1126 846 vocem
1158 801 1326 846 dictum
1348 811 1412 846 est
1433 803 1487 846 ab
1512 803 1604 862 ipso
1626 803 1673 846 in
1698 801 1773 846 illo

387 872 580 928 Psalmo,
606 873 652 916 in
668 888 756 933 quo
783 888 937 917 vocem
961 887 1083 916 suam
1105 871 1316 927 ostendit,
1341 872 1443 932 quia
1465 873 1555 933 ejus
1584 873 1775 932 primum

384 958 558 988 versum
579 943 633 987 de
648 958 776 987 cruce
798 943 1019 986 clamavit:
1044 962 1064 985 «
1086 945 1224 997 Deus,
1245 945 1359 986 Deus
1380 957 1520 997 meus,
1544 942 1708 1001 respice
1730 941 1776 985 in

389 1032 411 1055 »
445 1029 538 1068 me,
563 1028 698 1073 quare
712 1028 782 1056 me
804 1012 1102 1073 dereliquisti?
1119 1033 1136 1054 »
1160 1013 1228 1057 Ibi
1249 1022 1422 1057 secutus
1440 1013 1525 1057 ait:
1550 1031 1568 1052 «
1586 1015 1734 1070 Longe
1752 1027 1777 1056 a

386 1083 526 1128 salute
547 1098 642 1126 mea
658 1082 790 1127 verba
803 1081 1063 1127 delictorum
1079 1084 1320 1127 meorumss.
1337 1102 1355 1123 »
1367 1085 1464 1142 Ipsa
1481 1091 1583 1126 sunt
1594 1081 1776 1126 vulnera

385 1154 551 1198 inflicta
572 1169 596 1197 a
617 1152 860 1197 latronibus
881 1153 928 1196 in
949 1154 1040 1208 via,
1071 1154 1110 1197 ei
1129 1168 1263 1213 quem
1282 1152 1442 1197 levavit
1463 1153 1509 1196 in
1527 1155 1778 1213 jumentum

385 1239 514 1268 suum
532 1243 542 1268 z
563 1238 695 1284 quem
716 1223 914 1267 sacerdos
932 1232 974 1268 et
991 1224 1160 1267 Levites
1178 1233 1449 1267 transeuntes
1463 1224 1720 1267 invenerant
1735 1231 1779 1266 et

387 1302 754 1352 contempserant,
781 1309 804 1336 a
822 1293 982 1353 quibus
1005 1294 1147 1336 curari
1167 1309 1258 1337 non
1276 1293 1443 1352 potuit,
1467 1293 1678 1336 transiens
1700 1308 1779 1336 au-

384 1375 475 1409 tem
498 1365 812 1418 Samaritanus,
838 1364 1038 1408 misertus
1061 1372 1124 1407 est
1141 1364 1252 1423 ejus,
1270 1363 1461 1418 accessit,
1482 1372 1526 1406 et
1545 1363 1779 1422 injumen-

386 1444 481 1479 tum
494 1435 722 1494 proprium
742 1434 936 1479 levavit&
961 1434 1190 1478 Samarites
1205 1433 1339 1477 latine
1359 1442 1502 1477 custos
1518 1433 1779 1493 interpreta-

387 1514 459 1550 tur
475 1506 593 1565 :quis
616 1514 762 1549 autem
783 1513 943 1557 custos,
959 1504 1040 1547 nisi
1055 1503 1251 1547 Salvator
1263 1504 1474 1548 Dominus
1495 1512 1642 1548 noster
1654 1506 1778 1548 Jesus

388 1576 616 1620 Christus?
639 1574 720 1627 Qui
742 1574 950 1633 quoniam
972 1574 1156 1617 surrexit
1177 1589 1200 1616 a
1222 1574 1403 1617 mortuis
1419 1575 1510 1633 jam
1532 1589 1622 1626 non
1643 1575 1778 1618 mori-

389 1647 555 1699 turus⁵,
571 1660 662 1688 non
680 1643 842 1688 dormit
862 1658 1006 1702 neque
1022 1643 1269 1687 obdormiet
1289 1644 1366 1703 qui
1384 1643 1575 1688 custodit
1596 1643 1728 1689 Israel
1742 1646 1774 1688 ⁶.

396 1734 413 1756 «
449 1718 506 1759 Et
527 1730 656 1774 super
675 1713 871 1758 dolorem
886 1712 1119 1756 vulnerum
1140 1727 1338 1757 meorum
1361 1713 1638 1758 addiderunt.
1668 1734 1686 1756 »

448 1787 550 1828 XII.
569 1804 585 1823 «
602 1788 786 1843 Appone
800 1783 1076 1844 iniquitatem
1089 1798 1218 1843 super
1228 1783 1503 1843 iniquitatem
1516 1784 1744 1843 ipsorum⁷.
1756 1805 1774 1826 »

390 1856 507 1909 Quid
529 1864 593 1899 est
613 1855 728 1899 hoc?
750 1855 855 1907 Quis
877 1869 967 1898 non
988 1855 1272 1913 expavescat?
1294 1856 1384 1898 Deo
1418 1853 1577 1898 dicitur
1596 1874 1605 1899 :
1636 1873 1655 1895 <a
1684 1857 1778 1914 Ap-

395 1947 412 1968 »
448 1941 563 1985 pone
594 1925 871 1984 iniquitatem
902 1939 1031 1983 super
1059 1924 1334 1984 iniquitatem
1362 1925 1570 1984 ipsorum.
1602 1945 1618 1967 »
1652 1925 1779 1969 Unde

389 2005 578 2055 apponet
600 1999 714 2039 Deus
736 1995 1043 2055 iniquitatem?
1065 1995 1207 2038 Habet
1221 1995 1337 2039 enim
1352 1995 1625 2055 iniquitatem
1644 2011 1778 2056 quam

387 2060 603 2125 apponat?
615 2066 778 2110 Scimus
794 2066 909 2109 enim
925 2080 1077 2109 verum
1091 2080 1179 2108 esse
1190 2064 1311 2124 quod
1325 2064 1492 2108 dictum
1509 2074 1573 2109 est
1585 2081 1662 2125 per
1670 2069 1777 2109 Pau-

389 2136 483 2180 lum
501 2135 745 2194 apostolum
764 2155 773 2180 z
799 2154 816 2175 «
837 2135 950 2188 Quid
972 2150 1073 2193 ergo
1091 2133 1313 2178 dicemus?
1330 2135 1556 2194 Numquid
1572 2135 1777 2196 iniquitas

393 2227 410 2248 »
447 2215 510 2250 est
531 2206 649 2265 apud
673 2208 837 2250 Deum?
863 2205 1035 2250 Absitss.
1068 2226 1085 2246 »
1113 2205 1238 2248 Unde
1265 2220 1366 2262 ergo
1389 2221 1397 2245 ε
1434 2224 1451 2245 «
1475 2209 1660 2265 Appone
1689 2207 1776 2250 ini-

393 2297 411 2318 »
446 2276 660 2336 quitatem
681 2291 811 2334 super
827 2276 1128 2335 iniquitatem?
1151 2295 1168 2315 »
1190 2275 1422 2328 Quomodo
1444 2274 1490 2319 id
1510 2275 1776 2321 intellecturi

387 2348 564 2391 sumus?
582 2346 707 2390 Adsit
731 2347 939 2390 Dominus
963 2355 1012 2390 ut
1034 2345 1224 2389 dicamus
1237 2381 1252 2401 ,
1281 2355 1324 2389 et
1354 2355 1531 2405 propter
1561 2345 1776 2404 fatigatio-

387 2432 489 2461 nem
505 2425 691 2460 vestram
713 2416 901 2460 breviter
923 2415 1066 2460 dicere
1087 2415 1322 2460 valeamus.
1350 2416 1560 2477 Iniquitas
1580 2417 1776 2477 ipsorum

437 2521 447 2536 ¹
475 2516 553 2547 Gen.
574 2524 619 2554 11,
645 2524 696 2556 17.
717 2530 758 2535 —
774 2520 787 2536 ²
805 2516 896 2545 Rom.
919 2525 965 2555 vi,
983 2514 1015 2545 6.
1037 2511 1108 2536 —3
1138 2512 1220 2545 Psal.
1246 2522 1364 2553 111,2.
1386 2531 1427 2536 —
1453 2512 1470 2543 4
1487 2515 1565 2545 Luc.
1588 2524 1630 2554 x,
1653 2514 1705 2547 30.
1733 2529 1774 2536 -

391 2568 405 2592 5
423 2571 515 2602 Rom.
529 2581 573 2610 vi,
591 2580 624 2611 9.
651 2586 693 2592 ——
710 2567 724 2592 6
743 2569 820 2601 Psal.
841 2580 912 2610 cxx,
932 2569 965 2611 4.
987 2586 1027 2593 -
1047 2577 1060 2602 7
1079 2570 1124 2602 Id.
1146 2580 1256 2610 ιῑνιιι,
1276 2569 1329 2602 28.
1354 2587 1394 2592 —
1420 2568 1434 2591 ⁸
1454 2572 1544 2602 Rom.
1568 2580 1613 2611 ις,
1636 2569 1688 2611 14.

1868 2436 1876 2802 3

1872 2806 1878 2971 ξ

1876 3106 1889 3285 ³.
