1889 3285
386 224 468 264 482
798 233 832 262 S.
869 233 1100 263 AUGUSTINI
1132 238 1312 265 EPISCOPI

382 300 615 361 promisisti
646 320 654 346 :
691 300 860 345 tabulas
893 310 1113 355 tenemus,
1146 301 1446 346 haereditatem
1473 308 1762 359 expectamus.

382 387 403 410 «
435 368 617 427 Respice
651 368 699 412 in
734 377 1044 413 testamentum
1076 373 1246 426 tuum¹‚
1265 389 1285 412 »
1327 387 1417 416 non
1453 369 1564 414 illud
1595 377 1721 414 vetus
1753 385 1764 411 :

375 454 466 483 non
514 447 693 499 propter
737 449 894 484 terram
927 441 1137 485 Chanaan
1173 456 1305 499 rogo,
1342 458 1432 487 non
1465 449 1641 501 propter
1679 437 1768 482 ini-

372 509 587 553 micorum
628 509 915 569 temporalem
948 510 1259 570 subjectionem
1279 545 1290 566 ,
1330 527 1419 555 non
1445 520 1624 571 propter
1653 507 1768 553 filio-

374 594 474 623 rum
507 579 726 624 carnalem
753 578 1112 637 foecunditatem,
1152 596 1243 625 non
1263 590 1443 641 propter
1473 580 1643 625 divitias
1678 588 1770 623 ter-

373 664 520 707 renaS,
553 665 644 695 non
675 658 853 710 propter
881 649 1067 694 salutem
1099 651 1384 711 temporalem
1421 671 1430 696 :
1465 670 1486 694 «
1518 650 1700 710 Respice
1725 649 1772 693 in

380 739 398 761 »
433 729 747 765 testamentum
766 730 910 777 tuum,
932 738 951 761 >›
970 737 1058 782 quo
1073 721 1309 781 promisisti
1327 737 1513 781 regnum
1535 720 1768 766 coelorum.

376 792 474 835 Jam
521 806 706 849 agnosco
739 800 1051 836 testamentum
1084 800 1211 835 tuum
1254 811 1264 837 ι
1292 793 1382 852 jam
1417 790 1666 836 intellectus
1709 798 1774 834 est

375 861 537 921 Asaph,
557 877 649 906 non
668 871 734 907 est
754 877 886 922 pecus
914 862 1078 921 Asaph,
1094 862 1186 922 jam
1207 862 1328 907 videt
1348 861 1471 923 quod
1491 861 1661 906 dictum
1674 869 1738 905 est
1758 878 1769 905 ε

378 950 399 974 «
432 935 546 977 Ecce
562 931 652 978 dies
673 934 874 988 veniunt,
892 933 999 977 dicit
1020 933 1234 978 Dominus
1251 951 1263 986 3
1283 942 1328 977 et
1349 934 1664 978 consummabo
1689 930 1772 976 do-

380 1020 400 1044 »
434 1002 528 1046 mui
545 1003 678 1049 Israe'l
701 1013 744 1048 et
766 1003 919 1049 domui
936 1005 960 1048 J
965 1003 1051 1047 uda
1065 1012 1374 1048 testamentum
1393 1018 1575 1060 novum,
1600 1017 1691 1047 non
1711 1017 1776 1046 se-

377 1091 398 1115 »
434 1073 631 1117 cundum
652 1082 963 1118 testamentum
989 1073 1111 1134 quod
1132 1073 1324 1134 disposui
1354 1075 1550 1134 patribus
1572 1087 1725 1118 eorum
1736 1075 1770 1116 ².

377 1161 397 1184 ι»
434 1144 615 1203 Respice
642 1144 689 1188 in
712 1153 1026 1188 testamentum
1054 1153 1184 1189 tuum
1214 1164 1224 1190 ;
1254 1146 1465 1205 quoniam
1494 1143 1646 1204 repleti
1673 1151 1776 1188 sunt

381 1231 401 1254 n
436 1212 514 1273 qui
539 1213 757 1258 obscurati
778 1222 880 1258 sunt
901 1222 1029 1258 terrae
1058 1213 1291 1259 domorum
1312 1215 1563 1275 iniquarum
1588 1233 1598 1259 2
1627 1234 1645 1256 ›>
1671 1212 1777 1273 quia

377 1283 509 1329 corda
526 1284 753 1329 habebant
773 1285 938 1345 iniqua.
963 1287 1127 1329 Domus
1149 1294 1326 1341 nostrae,
1351 1285 1483 1330 corda
1505 1293 1652 1329 nostra
1680 1302 1690 1328 ι
1710 1282 1776 1327 ibi

374 1354 564 1399 libenter
585 1355 786 1399 habitant
810 1355 928 1399 beati
950 1354 1117 1399 mundo
1147 1354 1322 1400 cordess.
1357 1374 1378 1398 «
1398 1355 1581 1416 Respice
1605 1369 1706 1413 ergo
1729 1353 1778 1398 in

382 1443 403 1467 »
439 1434 747 1469 testamentum
774 1434 928 1484 tuum,
949 1444 969 1468 »
995 1435 1039 1471 et
1069 1426 1265 1487 reliquiae
1291 1426 1422 1473 salvae
1452 1428 1591 1472 fiant4
1628 1446 1640 1473 2
1673 1426 1777 1487 quia

378 1494 508 1540 multi
526 1496 604 1556 qui
625 1495 860 1540 attendunt
883 1497 940 1541 ad
961 1506 1138 1553 terram,
1164 1497 1384 1543 obscurati
1407 1507 1525 1554 sunt,
1549 1506 1593 1543 et
1622 1495 1777 1557 repleti

379 1576 483 1612 sunt
503 1576 632 1611 terra.
669 1568 856 1611 Intravit
879 1567 926 1611 in
953 1567 1103 1612 oculos
1126 1583 1279 1613 eorum
1300 1569 1459 1629 pulvis,
1479 1579 1523 1614 et
1544 1567 1779 1613 excaecavit

380 1652 469 1693 eos,
489 1645 533 1681 et
548 1636 653 1682 facti
667 1645 770 1680 sunt
783 1635 924 1696 pulvis
943 1652 1077 1696 quem
1094 1638 1267 1698 projicit
1276 1648 1432 1683 ventus
1445 1655 1469 1684 a
1481 1634 1594 1684 faeie
1609 1639 1773 1683 terrae5.

384 1727 406 1751 «
439 1706 613 1767 Repleti
629 1715 732 1751 sunt
743 1707 822 1766 qui
846 1707 1067 1751 obscurati
1089 1717 1194 1753 sunt
1207 1718 1333 1754 terrae
1355 1709 1588 1755 domorum
1606 1709 1779 1769 iniqua-

384 1796 405 1820 »
441 1793 585 1822 rum.»
611 1775 894 1822 Attendendo
916 1778 1035 1821 enim
1051 1787 1211 1823 terram
1233 1780 1451 1825 obscurati
1473 1789 1590 1836 sunt,
1614 1779 1670 1824 de
1685 1778 1779 1839 qui·

382 1848 465 1893 bus
490 1847 659 1893 dictum
682 1856 746 1892 est
775 1848 820 1892 in
848 1847 933 1893 alio
957 1847 1128 1894 Psalmo
1151 1867 1160 1894 :
1189 1868 1207 1890 «
1241 1850 1543 1895 Obscurentur
1565 1849 1682 1895 oculi
1709 1863 1779 1893 eo-

386 1937 408 1960 »
443 1933 557 1974 rum,
581 1933 638 1962 ne
662 1917 855 1973 videant,
877 1926 920 1961 et
937 1917 1116 1963 dorsum
1137 1934 1291 1964 eorum
1311 1936 1481 1981 semper
1501 1919 1730 1964 incurvass.
1753 1935 1775 1960 »

389 1990 519 2034 Terra
546 2003 647 2047 ergo
673 1986 880 2048 «Repleti
903 1997 1005 2032 sunt
1027 1989 1103 2049 qui
1125 1989 1345 2033 obscurati
1364 1999 1466 2034 sunt
1482 1999 1608 2034 terrae
1623 1987 1782 2033 domo-

389 2080 409 2103 »
442 2075 544 2104 rum
559 2060 810 2120 iniquarum
835 2077 884 2103 ;»
906 2060 1009 2119 quia
1031 2059 1161 2104 corda
1182 2060 1407 2105 habebant
1423 2061 1587 2121 iniqua.
1614 2063 1779 2104 Domus

388 2130 505 2174 enim
527 2139 703 2185 nostrae,
729 2129 841 2176 sicut
862 2145 992 2189 supra
1012 2128 1215 2185 diximus,
1242 2131 1374 2174 eorda
1392 2140 1538 2174 nostra
1559 2138 1676 2174 sunt.
1711 2128 1781 2173 Ibi

388 2200 578 2245 libenter
596 2201 861 2256 habitamus,
877 2201 911 2244 si
934 2216 982 2244 ea
1005 2200 1060 2245 ab
1078 2200 1309 2261 iniquitate
1326 2200 1588 2246 mundemus
1610 2220 1620 2246 2
1638 2200 1701 2244 ibi
1717 2208 1782 2244 est

390 2271 506 2316 mala
521 2271 798 2327 conscientia,
824 2287 923 2332 quae
946 2271 1047 2315 inde
1070 2271 1242 2330 repellit
1263 2272 1486 2316 hominem
1511 2307 1523 2327 ,
1549 2287 1638 2332 quo
1648 2270 1782 2331 jube-

394 2352 466 2387 tur
487 2343 547 2387 ire
567 2351 742 2402 portans
760 2342 991 2401 grabatum
1011 2357 1139 2385 suum
1157 2377 1168 2398 ,
1194 2343 1264 2386 cui
1283 2352 1460 2402 peccata
1471 2343 1644 2387 dimissa
1660 2350 1778 2397 sunt,

395 2413 568 2459 dicente
588 2413 774 2459 Domino
799 2432 809 2459 :
833 2432 854 2456 «
886 2412 1007 2458 Tolle
1021 2413 1250 2472 grabatum
1272 2422 1415 2471 tuum,
1437 2423 1482 2459 et
1499 2413 1609 2459 vade
1630 2413 1676 2457 in
1697 2412 1780 2457 do-

447 2518 456 2534 ¹
473 2510 555 2545 Psal.
575 2521 686 2553 Lxxm,
704 2518 757 2544 20.
773 2526 815 2533 -
833 2515 847 2533 2
863 2512 984 2543 Jerem.
1009 2520 1095 2552 xxxx,
1110 2509 1166 2552 31,
1185 2510 1239 2544 32.
1258 2526 1301 2535 -
1319 2508 1333 2535 3
1353 2510 1466 2545 matth.
1486 2521 1522 2553 v,
1538 2512 1572 2544 8.
1591 2526 1633 2534 -
1646 2507 1664 2536 4
1682 2511 1775 2543 Rom.

399 2578 446 2610 ιι,
465 2576 520 2610 27.
536 2565 608 2592 -5
624 2565 749 2610 Psal.1‚
771 2565 802 2609 4.
822 2582 865 2591 -
883 2563 960 2600 61d,
980 2576 1095 2608 zxvm,
1114 2563 1170 2608 24.
