1889 3285
401 236 483 273 180
839 243 872 271 s.
908 243 1139 273 Aucus'nm
1172 245 1352 274 Emscorr

398 308 583 361 debant,
627 308 759 352 latere
797 311 950 353 Deum.
988 312 1100 354 Ecce
1131 320 1235 370 puta
1252 346 1263 365 ‚
1286 311 1420 354 homo
1442 317 1533 353 erat
1554 308 1750 354 Christus
1765 343 1777 363 ‚

395 379 508 422 sicut
539 378 683 422 caeteri
707 379 925 436 homincs3
950 380 1170 424 nesciebat
1191 380 1298 440 quid
1316 381 1370 424 de
1386 380 1461 425 illo
1484 379 1748 439 cogitaretur
1768 398 1777 423 :

395 448 614 509 numquid
631 457 674 493 et
694 451 809 493 Deus
831 449 966 494 nescit
985 470 996 506 3
1021 451 1058 493 Ο
1075 465 1150 494 cor
1170 451 1436 505 humanum,
1461 465 1596 511 quare
1619 449 1697 493 tibi
1712 448 1783 493 di-

395 519 496 563 xisti
523 537 532 564 :
555 519 660 572 Quis
677 518 796 563 videt
818 535 908 563 me.
929 534 1030 564 cum
1044 518 1118 564 ille
1137 519 1282 565 videat
1303 521 1380 582 qui
1397 530 1441 565 te
1463 520 1592 565 fecit?
1614 538 1634 560 «
1653 519 1784 563 Dixe-
1824 525 1826 528 ’

400 607 422 630 >>
458 598 562 633 runt
592 607 601 633 ε
635 589 740 642 Quis
771 589 939 634 videbit
975 592 1074 634 eas?
1099 609 1119 632 »
1145 590 1332 636 Videbat
1363 594 1498 646 Deus,
1528 589 1707 635 videbat
1741 597 1785 633 et

398 659 595 704 Christus
618 680 630 717 ;
649 660 751 720 quia
773 669 816 704 et
839 660 1035 706 Christus
1057 663 1186 705 Deus.
1215 660 1300 706 Sed
1321 676 1456 722 quare
1476 659 1709 706 videbatur
1727 659 1786 704 eis

398 746 490 776 non
509 730 686 776 videre?
708 731 824 777 Audi
844 732 1095 793 sequentia?

457 804 536 845 XI.
558 821 578 843 «
603 803 864 847 Perscrutati
886 812 988 847 sunt
1009 803 1302 864 iniquitatem,
1322 802 1578 848 defecerunt
1591 810 1788 846 scrutan-

403 890 422 913 >›
457 881 520 916 tes
541 874 824 918 scrutationes
837 876 848 898 ¹
878 892 887 919 :
906 892 926 915 »
949 873 997 918 id
1017 882 1102 929 est,
1121 874 1276 919 acerba
1288 883 1331 919 et
1345 883 1471 919 acuta
1484 871 1788 918 consilia.Non

399 943 596 987 tradatur
617 959 695 1003 per
717 960 795 989 nos
814 980 825 1000 ‚
843 943 918 989 sed
942 960 1017 1004 per
1031 944 1303 1005 Discipulum
1326 960 1454 989 suum
1479 964 1488 990 ε
1514 959 1605 989 non
1625 941 1789 988 occida-

399 1021 472 1056 tur
489 1030 513 1057 a
534 1015 688 1069 nobis,
710 1015 785 1058 sed
800 1031 822 1059 a
833 1015 982 1075 judice
1008 1034 1017 1059 :
1044 1024 1186 1060 totum
1204 1031 1281 1061 nos
1299 1014 1508 1060 faciamus
1529 1024 1572 1059 et
1591 1012 1701 1057 nihil
1722 1012 1790 1057 fe-

399 1084 505 1129 cisse
525 1084 765 1129 videamur.
802 1088 860 1130 Et
893 1086 971 1130 ubi
994 1095 1058 1130 est
1092 1085 1256 1132 clamor
1282 1086 1459 1145 linguae.
1495 1105 1516 1128 «
1545 1085 1788 1142 Crucifige,

404 1172 425 1195 n
461 1155 721 1214 crucifige2?
747 1174 766 1195 »
793 1157 835 1199 Si
864 1157 966 1200 eaeci
988 1157 1107 1212 estis,
1142 1166 1191 1201 ut
1222 1166 1266 1201 et
1293 1156 1411 1201 surdi
1444 1156 1549 1200 sitis.
1584 1153 1791 1200 Simulata

402 1225 651 1270 innocentia
672 1241 761 1270 non
784 1235 848 1269 est
874 1226 1125 1270 innocentia
1154 1247 1164 1273 ;
1199 1227 1399 1271 simulata
1417 1226 1596 1285 aequitas
1618 1240 1709 1269 non
1730 1233 1793 1268 est

402 1296 606 1355 aeqtiitas,
630 1295 706 1339 sed
728 1294 889 1355 duplex
917 1296 1142 1355 iniquita53
1174 1296 1277 1356 quia
1310 1305 1353 1339 et
1385 1295 1591 1356 iniquitas
1626 1304 1710 1350 est,
1750 1303 1794 1338 et

402 1366 634 1412 simulatio.
663 1366 729 1410 Ibi
753 1381 854 1425 ergo
875 1367 943 1411 isti
965 1386 986 1409 «
1010 1367 1274 1412 Defecerunt
1300 1376 1540 1412 scrutantes
1563 1365 1792 1411 scrutatio-

401 1456 422 1479 »
462 1453 553 1481 nes.
577 1456 598 1478 »
627 1442 799 1491 Quanto
822 1438 990 1482 acutius
1007 1438 1087 1481 sibi
1109 1439 1351 1497 excogitare
1366 1436 1646 1492 videbantur,
1670 1445 1793 1481 tanto

403 1509 538 1566 magis
562 1507 854 1565 deficiebant3
879 1508 981 1568 quia
1003 1508 1208 1552 alumine
1225 1509 1415 1553 veritatis
1441 1518 1484 1552 et
1511 1507 1727 1568 aequitatis
1748 1507 1794 1551 in

404 1576 623 1638 profunda
646 1577 925 1622 consiliorum
944 1578 1236 1637 malignorum
1255 1579 1635 1636 demergebantur.
1655 1577 1796 1621 Habet

398 1648 566 1709 justitia
588 1647 824 1708 quamdam
846 1647 989 1692 lucem
1015 1664 1137 1692 suam
1154 1681 1164 1701 ‚
1191 1648 1417 1705 perfundit
1438 1656 1482 1690 et
1496 1645 1684 1690 illustrat
1703 1645 1796 1691 ani-
1850 1639 1851 1642 ¹

406 1735 523 1763 mam
544 1719 830 1763 inhaerentem
853 1719 934 1762 sibi
962 1739 970 1762 ;
997 1718 1139 1761 anima
1160 1732 1263 1761 vero
1286 1727 1482 1761 avertens
1504 1732 1547 1761 se
1561 1716 1795 1776 alucejus-

406 1789 511 1833 titiae
537 1798 734 1848 :quanto
756 1787 890 1846 magis
915 1787 1072 1847 quaerit
1102 1786 1223 1847 quod
1256 1788 1448 1831 inveniat
1485 1796 1636 1831 contra
1668 1788 1795 1847 justi-
1848 1844 1849 1847 Ἴ

406 1860 508 1903 tiam
528 1893 539 1912 ,
566 1867 688 1902 tanto
705 1857 803 1917 plus
827 1874 850 1901 a
871 1857 970 1902 lucc
993 1857 1234 1917 repellitur,
1261 1867 1304 1901 et
1325 1858 1370 1901 in
1384 1857 1612 1902 tenebrosa
1632 1856 1795 1901 demer-
1848 1852 1849 1858 ¹

408 1929 537 1987 gitur.
561 1929 717 1973 Merito
734 1944 836 1986 ergo
854 1937 897 1971 et
910 1928 978 1972 isti
1001 1937 1320 1987 perscrutantes
1332 1926 1453 1988 quod
1470 1936 1619 1972 contra
1628 1928 1794 1987 justum
1847 1987 1849 1991 Ι

408 1999 718 2053 moliebantur,
744 2014 767 2042 a
784 1998 951 2058 justitia
980 1997 1271 2055 recedebant3
1306 2008 1349 2042 et
1387 2008 1553 2058 quanto
1579 2014 1603 2042 a
1633 1998 1795 2055 justitia

411 2068 691 2123 recedebant,
718 2078 839 2113 tanto
853 2067 950 2128 plus
963 2067 1224 2112 deficiebant
1237 2077 1477 2112 scrutantes
1493 2068 1791 2112 scrutationes.

410 2143 620 2199 Magnum
656 2138 885 2183 consilium
915 2138 1180 2183 innoeentiae
1207 2158 1215 2182 :
1242 2138 1420 2199 quando
1456 2140 1600 2199 ipsum
1638 2139 1796 2183 Judam

411 2210 615 2270 poenituit
641 2210 761 2270 quod
783 2209 1028 2253 tradidisset
1049 2209 1292 2254 Christum:
1314 2218 1356 2253 et
1373 2210 1552 2269 projecit
1567 2209 1651 2253 illis
1670 2225 1798 2268 pecu·
1846 2223 1847 2229 ¹

410 2283 526 2326 niam
549 2297 682 2342 quam
707 2281 918 2325 dederant
933 2316 943 2336 ,
969 2279 1031 2324 illi
1053 2279 1292 2324 noluerunt
1313 2296 1407 2324 eam
1422 2281 1594 2325 mittere
1613 2281 1659 2323 in
1671 2295 1796 2338 gazo-

413 2351 686 2412 phylacium,
720 2361 763 2395 et
787 2351 990 2395 dixerunt
1025 2366 1034 2391 t
1072 2352 1307 2395 «Pecunia
1337 2351 1555 2409 sanguinis
1588 2362 1674 2407 est,
1707 2366 1796 2395 non

415 2442 434 2465 »
469 2423 588 2467 illam
612 2423 832 2466 mittamus
860 2423 905 2466 in
946 2422 1301 2482 gazophylacium
1319 2424 1350 2466 3.
1373 2441 1392 2463 >›
1422 2423 1539 2475 Quid
1575 2432 1639 2467 est
1673 2437 1796 2481 gazo-

410 2493 658 2553 phylacium
686 2495 704 2533 ἱ)
727 2496 836 2537 Arca
860 2493 935 2537 Dei
963 2492 1039 2535 ubi
1064 2491 1378 2550 colligebantur
1396 2508 1444 2536 ea
1462 2509 1561 2553 quae
1594 2493 1651 2537 ad
1682 2492 1795 2538 indi-

466 2586 471 2600 ¹
497 2577 574 2609 Psnl.
597 2588 685 2617 tun,
702 2588 731 2619 ς.
756 2593 797 2599 -
825 2584 837 2599 ⁷
858 2578 934 2609 Luc.
953 2588 1020 2617 xxii,
1040 2587 1090 2617 21,
1115 2580 1147 2608 ct
1164 2578 1256 2608 Joan.
1277 2578 1390 2617 x1x76*
1413 2593 1454 2600 —-
1471 2575 1483 2601 '³'
1503 2577 1616 2610 nauh.
1638 2588 1743 2618 xxvu,
1760 2574 1794 2607 6.
1842 2573 1844 2579 ’
