1889 3285
429 288 511 326 252
855 301 888 326 s.
925 297 1154 326 Ancusnm
1186 299 1369 327 EPISCOPI

422 378 488 406 res
521 363 577 407 ad
599 362 790 408 solamen
821 362 996 408 laboris.
1021 364 1203 408 Cantate
1223 379 1299 408 vos
1329 364 1374 407 in
1396 363 1477 406 hac
1503 362 1601 419 via3
1625 361 1804 406 obsecro

421 449 496 477 vos
514 449 591 493 per
611 434 748 494 ipsam
769 434 900 489 viam,
922 443 1091 478 cantate
1112 434 1159 477 in
1178 435 1259 478 hac
1274 434 1344 478 via
1363 454 1370 478 :
1394 434 1619 478 canticum
1639 448 1805 478 novum

421 513 592 548 cantate
610 540 621 559 ‚
652 520 782 549 nemo
803 505 866 548 ibi
894 513 1040 549 vetera
1067 513 1213 549 cantet
1244 523 1253 548 ε
1285 513 1456 549 cantate
1487 504 1694 548 amatoria
1728 518 1805 563 pa-

419 575 513 619 triae
534 585 705 634 vestrae,
731 591 858 620 nemo
883 584 1042 619 vetera.
1077 575 1157 619 Via
1178 590 1305 630 nova,
1331 575 1471 620 viator
1487 590 1642 629 novus,
1666 575 1807 619 canti-

418 661 522 690 cum
542 662 721 691 novum.
753 646 868 691 Audi
889 645 1148 706 Apostolum
1168 647 1415 691 hortantem
1435 655 1480 690 te
1503 645 1557 691 ad
1585 645 1806 690 canticum

419 732 582 761 novum
609 737 617 762 :
648 737 668 759 «
698 718 740 763 Si
761 734 848 778 qna
869 718 999 776 igitur
1026 718 1072 761 in
1093 718 1265 762 Christo
1288 733 1400 762 nova
1422 726 1635 772 creatura,
1659 725 1806 761 vetera

421 804 443 828 »
479 788 756 842 transierunt,
790 803 890 832 ecce
911 787 1024 832 facta
1047 796 1148 831 sunt
1169 790 1316 832 nova¹.
1342 806 1362 828 »
1388 787 1620 837 Canticum
1640 801 1805 831 novum

420 867 591 902 cantate
630 859 675 902 in
704 846 773 902 viai
790 894 800 913 ‚
823 874 956 919 quam
983 858 1242 917 cognovistis
1266 859 1310 902 in
1333 867 1462 902 terra.
1488 861 1540 901 In
1558 873 1644 917 qua
1664 858 1806 901 terra?

424 946 446 970 «
479 931 532 972 In
554 929 755 973 omnibus
777 929 995 988 gentibus.
1023 948 1042 970 ))
1066 933 1299 988 Propterea
1327 938 1370 972 et
1399 929 1619 973 canticum
1641 942 1806 973 novum

419 1014 509 1043 non
530 999 719 1058 pertinet
741 999 796 1043 ad
817 1009 1001 1059 partem.
1028 1000 1113 1054 Qui
1135 1000 1180 1044 in
1203 1009 1326 1059 parte
1349 1008 1496 1044 cantat
1511 1035 1522 1054 ‚
1554 1008 1678 1044 vetus
1699 1014 1806 1043 can-

418 1078 482 1113 tat
503 1089 511 1114 :
537 1069 766 1130 quodlibet
798 1080 968 1126 cantet,
999 1081 1124 1115 vetus
1147 1079 1308 1126 cantat,
1328 1079 1451 1115 vetus
1471 1071 1604 1114 homo
1625 1078 1772 1114 cantat
1792 1088 1803 1115 :

418 1140 580 1184 divisus
598 1151 678 1196 est,
698 1142 876 1186 carnalis
897 1152 975 1187 est.
997 1145 1124 1187 Certe
1150 1143 1195 1187 in
1217 1151 1432 1203 quantum
1455 1141 1637 1186 carnalis
1658 1151 1736 1196 est,
1760 1141 1806 1185 in

416 1219 590 1255 tantum
617 1221 741 1256 vetus
758 1233 769 1270 3
787 1223 830 1257 ct
850 1213 897 1256 in
916 1223 1130 1273 quantum
1149 1213 1348 1273 spiritalis
1363 1249 1373 1268 ‚
1397 1214 1442 1257 in
1454 1222 1626 1258 tantum
1647 1228 1801 1258 novus.

416 1281 527 1325 Vide
545 1281 653 1341 quid
670 1283 786 1326 dicat
803 1283 1036 1343 Apostolus
1057 1303 1065 1328 ι
1096 1304 1116 1326 «
1136 1288 1234 1329 Non
1254 1284 1379 1344 potui
1400 1285 1522 1328 vobis
1540 1283 1663 1344 loqui
1683 1283 1807 1344 quasi

418 1368 440 1392 ³)
475 1352 740 1410 spiritalibus
757 1388 768 1407 ,
794 1353 869 1397 sed
890 1354 1014 1414 quasi
1035 1354 1296 1398 carnalibus.
1321 1373 1341 1396 »
1372 1353 1498 1398 Unde
1526 1353 1623 1398 illos
1647 1354 1808 1413 probat

417 1420 640 1466 carnales?
667 1441 687 1464 «
712 1425 824 1467 Cum
846 1424 962 1467 enirn
992 1439 1105 1467 unus
1124 1424 1250 1468 dicit:
1275 1427 1370 1482 Ego
1400 1438 1497 1468 sum
1520 1422 1668 1481 Pauli3
1698 1422 1807 1467 alter

418 1510 440 1533 n
475 1508 576 1537 vero
612 1512 621 1537 z
657 1496 749 1551 Ego
771 1494 928 1553 Apollo
955 1514 964 1540 :
999 1510 1169 1549 nonne,
1195 1495 1340 1555 inquit
1357 1530 1368 1550 ‚
1392 1494 1583 1539 carnales
1603 1494 1756 1539 estis2?
1781 1512 1803 1535 »

415 1565 531 1620 Ergo
545 1563 590 1606 in
611 1564 764 1622 spiritu
780 1565 999 1608 canticum
1021 1580 1186 1609 novum
1203 1574 1329 1609 canta
1343 1565 1388 1609 in
1407 1566 1476 1609 via
1495 1580 1659 1609 secura.
1689 1565 1807 1610 Sicut

416 1632 600 1683 viatores
623 1642 825 1688 cantant,
854 1643 897 1678 et
918 1634 1178 1694 plerumque
1199 1644 1328 1679 nocte
1355 1644 1547 1679 cantant.
1574 1634 1806 1680 Formido-

414 1703 505 1748 losa
521 1704 888 1764 circumstrepunt
905 1706 1065 1760 omnia,
1080 1705 1149 1749 vel
1162 1706 1305 1766 potius
1318 1722 1407 1750 non
1420 1707 1801 1765 circumstrepunt,

415 1774 491 1818 sed
512 1773 831 1832 circumsilent3
866 1784 909 1818 et
941 1785 1105 1836 quanto
1137 1776 1272 1834 magis
1301 1775 1489 1832 silentia,
1516 1786 1638 1822 tanto
1668 1777 1804 1835 magis

414 1844 695 1889 formidolosa
714 1866 725 1902 3
772 1854 951 1889 cantant
1001 1855 1148 1890 tamen
1193 1856 1236 1890 et
1276 1848 1352 1907 qui
1391 1846 1580 1891 latrones
1627 1847 1799 1892 timent.

416 1919 590 1969 Quanto
603 1917 794 1961 securius
813 1926 959 1961 cantas
982 1918 1027 1961 in
1049 1918 1254 1962 Christo?
1270 1921 1368 1963 Non
1392 1919 1527 1962 habet
1546 1919 1614 1962 via
1641 1918 1720 1962 ista
1735 1918 1802 1962 la-

414 1996 585 2030 tronem
602 2022 612 2041 ‚
649 1987 682 2030 si
704 1997 755 2031 tu
774 2003 866 2031 non
892 1987 1131 2032 deserendo
1166 1988 1280 2032 viam
1312 1988 1476 2032 incidas
1502 1989 1550 2032 in
1569 1988 1798 2033 latronem.

416 2058 581 2111 Canta,
601 2057 804 2117 inquam,
839 2073 1014 2102 securus
1043 2059 1262 2102 canticum
1291 2074 1456 2102 novum
1482 2059 1529 2101 in
1569 2060 1638 2102 via
1669 2074 1802 2118 quam

415 2128 653 2186 cognovisti
694 2129 741 2171 in
783 2138 921 2183 terra,
947 2130 1031 2173 hoc
1059 2138 1143 2183 est,
1173 2148 1193 2170 «
1223 2132 1275 2172 In
1303 2129 1505 2173 omnibus
1534 2128 1750 2187 gentihus.
1776 2147 1798 2170 »

416 2198 525 2242 Vide
546 2200 649 2259 quia
673 2200 816 2258 ipsum
843 2200 1061 2244 canticum
1083 2214 1247 2242 novum
1273 2214 1364 2243 non
1385 2207 1532 2242 tecum
1560 2208 1705 2242 cantat
1725 2200 1802 2259 qui

414 2268 460 2311 in
483 2278 603 2327 parte
630 2284 718 2312 esse
740 2269 893 2313 voluit.
924 2289 944 2311 «
969 2271 1165 2323 Cantate‚
1190 2269 1347 2329 inquit,
1382 2270 1566 2312 Domino
1583 2270 1801 2313 canticum

418 2356 438 2378 »
473 2354 653 2388 novum,
677 2356 697 2379 »
723 2348 766 2382 et
786 2339 982 2399 sequitur
1008 2359 1016 2383 :
1041 2358 1061 2380 ι(
1082 2341 1264 2384 Caritate
1282 2340 1469 2383 Domino
1487 2340 1626 2384 omnis
1647 2342 1796 2384 terrass.

417 2427 438 2450 »
473 2410 775 2454 Confiteantur
813 2411 892 2454 tibi
938 2410 1115 2470 populi,
1158 2413 1286 2454 Deus.
1322 2429 1342 2451 »
1387 2414 1653 2455 Invenerunt
1686 2412 1800 2455 viam

416 2490 535 2524 tuam
551 2516 562 2535 ‚
588 2482 892 2525 confiteantur.
919 2485 1017 2541 Ipsa
1040 2481 1228 2526 cantatio
1251 2480 1462 2525 confessio
1485 2490 1563 2535 est,
1587 2482 1800 2527 confessio

414 2560 693 2610 pcccatorum
724 2561 901 2596 tuorum
939 2562 982 2596 et
1011 2552 1180 2596 virtutis
1214 2552 1307 2596 Dei.
1344 2555 1480 2596 Tuam
1523 2553 1798 2613 iniquitatem

465 2643 474 2658 ¹
494 2645 512 2667 2
532 2637 724 2677 Cor.v,13·.
751 2654 791 2659 —-
811 2645 823 2660 ²
847 2649 860 2669 1
883 2638 952 2670 Cor.
979 2648 1026 2676 in,
1055 2649 1065 2669 1
1086 2641 1118 2669 et
1137 2636 1167 2677 4
1186 2654 1225 2660 -
1251 2636 1263 2659 3
1280 2637 1455 2675 Ρ531.ῑον,
1476 2650 1502 2669 ι.
