1889 3285
403 244 460 286 42
722 244 725 245 ⁷
833 253 868 283 s.
904 252 1137 283 Avensa-nu
1167 255 1350 283 Emscom

397 336 495 376 SUS,
527 318 723 365 exclusus
745 328 808 365 est
832 338 841 363 :
871 319 1055 363 admissa
1079 328 1143 363 est
1162 318 1235 363 illa
1257 317 1312 362 ad
1338 315 1664 377 percipiendam
1700 317 1784 360 mi·-

398 390 693 445 sericordiam,
719 406 818 451 quae
842 390 1057 448 irruperat
1077 389 1123 432 in
1143 388 1443 433 habitaculum
1467 387 1658 431 alienum
1674 421 1685 442 ,
1710 386 1786 431 sed

397 477 487 506 non
524 469 758 505 accesserat
793 458 848 504 ad
877 462 1012 503 Deum
1039 457 1231 502 alienum
1257 477 1265 503 ε
1296 477 1317 501 «
1338 457 1556 503 contrivit
1577 456 1786 502 Dominus

400 550 422 576 >›
455 531 607 576 dentes
629 546 780 575 eorum
801 531 847 574 in
869 545 943 574 ore
962 530 1173 589 ipsorum.
1203 547 1223 570 »

456 604 575 646 XIV.
593 601 765 647 «Molas
782 601 959 645 leonum
980 599 1196 659 confregit
1218 600 1443 645 Dominus.
1462 600 1599 644 »Non
1612 606 1786 642 tantum

399 672 613 732 aspidum.
647 671 760 726 Quid
798 672 853 716 de
881 670 1133 730 aspidibus?
1170 669 1351 730 Aspides
1384 668 1601 714 insidiosae
1631 668 1787 714 volunt

397 757 564 788 venena
586 742 818 786 immittere
834 776 845 796 ,
871 750 914 785 et
938 756 1161 800 spargere,
1185 749 1229 785 et
1248 738 1485 785 insibilare.
1509 738 1786 798 Apertissime

398 814 630 858 saevierunt
658 821 832 871 gentes,
869 821 912 857 et
943 811 1217 856 fremuerunt
1247 811 1359 856 sicut
1391 809 1554 855 leones.
1591 828 1612 851 ι(
1647 813 1787 863 Quare

400 901 422 926 >›
456 882 729 928 fremuerunt
748 891 896 942 gentes
911 918 923 938 ,
953 892 997 927 et
1015 882 1167 943 populi
1197 882 1395 926 meditati
1422 891 1526 926 sunt
1543 880 1742 925 inania¹i³
1762 899 1783 923 »

397 953 584 1007 Quando
602 954 916 998 insidiabantur
933 954 1142 998 Domino:
1167 972 1188 996 «
1207 953 1328 997 Licet
1344 951 1448 996 dare
1466 951 1681 996 tributum
1695 953 1788 996 Cae-

400 1041 423 1068 »
456 1024 566 1079 sari,
600 1040 747 1069 annon
777 1024 933 1069 licet2?
962 1043 982 1066 »
1010 1023 1177 1083 aspides
1209 1031 1358 1077 erant,
1392 1031 1613 1081 serpentes
1645 1029 1782 1067 erant.

397 1094 584 1139 Contriti
601 1104 703 1140 sunt
725 1094 877 1138 dentes
894 1109 1046 1139 eorum
1068 1094 1114 1137 in
1136 1109 1210 1138 ore
1230 1094 1439 1153 ipsorum.
1461 1095 1615 1136 Postea
1632 1090 1787 1137 clama-

396 1173 555 1210 verunt
576 1183 584 1209 :
614 1183 635 1206 ι(
659 1164 875 1223 Crucifige
890 1199 901 1219 ,
921 1164 1126 1222 crucifige
1141 1165 1172 1208 3.
1197 1182 1217 1204 )›
1243 1167 1267 1209 J
1271 1179 1340 1207 am
1361 1178 1451 1207 non
1468 1171 1533 1206 est
1552 1161 1701 1221 lingua
1720 1176 1784 1206 as-

394 1234 522 1293 pidis,
545 1234 621 1279 sed
641 1235 838 1279 fremitus
854 1235 1007 1279 leonis.
1030 1233 1115 1280 Sed
1127 1243 1171 1278 et
1188 1253 1207 1276 «
1224 1233 1362 1279 Molas
1374 1233 1552 1278 leonum
1567 1232 1783 1291 confregit

397 1321 418 1345 ))
453 1305 679 1349 Dominus.
708 1323 728 1345 »
756 1308 885 1349 Forte
902 1305 973 1349 hic
996 1320 1086 1348 non
1111 1313 1237 1349 vacat
1257 1303 1378 1364 quod
1400 1319 1489 1348 non
1519 1302 1709 1357 addidit,
1735 1302 1782 1346 in

395 1390 469 1419 ore
491 1391 658 1420 eorum.
692 1375 950 1420 Insidiantes
974 1376 1092 1419 enim
1115 1375 1314 1435 captiosis
1335 1374 1750 1433 interrogationibus
1766 1408 1778 1429 ,

392 1445 661 1504 cogebantur
684 1446 962 1505 responsione
986 1462 1062 1490 sua
1083 1446 1200 1490 vinci
1224 1465 1232 1490 z
1259 1445 1330 1489 isti
1361 1454 1508 1489 autem
1531 1445 1608 1504 qui
1635 1452 1782 1503 aperte

391 1516 642 1571 saeviebant,
658 1516 875 1576 numquid
893 1516 1304 1575 interrogationibus
1322 1514 1610 1560 convincendi
1632 1515 1782 1558 erant?

398 1587 561 1629 Tamen
584 1595 627 1629 et
653 1601 805 1630 eorum
833 1586 960 1630 molae
983 1586 1181 1630 contritae
1203 1594 1304 1628 sunt
1335 1601 1343 1625 ε
1377 1585 1609 1643 crucifixus
1634 1599 1779 1627 resur-

393 1655 526 1710 rexit,
551 1655 744 1700 ascendit
766 1657 813 1704 in
834 1655 1019 1710 coelum,
1046 1654 1309 1714 glorificatus
1337 1663 1401 1698 est
1423 1655 1619 1699 Christus
1635 1689 1645 1709 ,
1672 1653 1780 1698 ado-

392 1734 512 1769 ratur
538 1725 593 1770 ab
613 1727 815 1771 omnibus
834 1726 1052 1785 gentibus,
1078 1725 1283 1769 adoratur
1301 1725 1356 1769 ab
1373 1725 1574 1769 omnibus
1590 1725 1775 1782 regibus.

395 1796 583 1843 Saeviant
601 1796 733 1841 modo
755 1796 918 1851 Judaei,
945 1796 979 1840 si
1001 1805 1195 1855 possunt.
1229 1798 1328 1841 Non
1355 1796 1540 1840 saeviunt
1562 1814 1571 1841 :
1600 1814 1621 1837 «
1641 1795 1779 1840 Molas

394 1882 416 1909 »
446 1864 625 1910 leonum
646 1864 861 1924 confregit
881 1865 1106 1910 Dominus.
1135 1883 1155 1906 n

448 1938 546 1981 XV.
573 1936 794 1979 Habemus
817 1944 861 1979 et
881 1928 1159 1979 inhaereticis
1184 1935 1269 1980 hoc
1291 1935 1605 1980 documentum
1629 1943 1673 1979 et
1701 1949 1777 1988 ex-

391 2005 708 2065 perimentum,
742 2005 844 2064 quia
867 2014 910 2049 et
937 2005 1050 2064 ipsos
1082 2005 1326 2049 invenimus
1358 2020 1448 2049 esse
1468 2013 1687 2064 serpentes
1708 2005 1779 2049 in-

391 2074 643 2134 dignatione
672 2075 955 2131 obsurdatos,
992 2075 1189 2120 nolentes
1221 2075 1370 2119 audire
1408 2075 1776 2120 medicamentum

391 2145 655 2191 medicatum
679 2163 702 2191 a
724 2148 916 2206 sapiente
940 2167 948 2191 :
975 2156 1017 2191 et
1034 2147 1079 2191 in
1096 2163 1169 2191 ore
1188 2148 1382 2206 ipsorum
1405 2147 1606 2192 contrivit
1622 2148 1774 2192 Domi-

391 2232 474 2262 nus
496 2217 646 2261 dentes
668 2233 834 2261 eorum.
859 2217 1091 2269 Quomodo
1111 2218 1347 2261 saeviebant
1364 2217 1408 2261 in
1426 2233 1519 2272 nos,
1541 2218 1775 2277 reprehen-

393 2286 539 2332 dendo
558 2287 678 2347 quod
702 2289 824 2348 quasi
846 2297 1140 2347 persecutores
1160 2303 1364 2343 essemus,
1385 2287 1656 2332 excludendo
1677 2288 1774 2333 illos

392 2357 447 2402 de
464 2357 673 2401 basilicis?
689 2359 821 2402 Modo
835 2357 931 2402 illos
952 2358 1192 2417 interroga:
1209 2359 1380 2402 Debent
1393 2358 1564 2402 excludi
1581 2360 1773 2403 baeretici

391 2427 446 2472 de
467 2428 673 2482 basilicis,
707 2444 852 2473 annon
887 2428 1081 2472 debent?
1105 2428 1414 2488 Respondeant
1445 2429 1576 2473 modo
1592 2465 1602 2484 ,
1624 2428 1772 2474 dicant

390 2513 483 2543 non
507 2497 666 2542 debere
689 2518 697 2543 :
723 2508 926 2559 repetunt
946 2500 1273 2544 Maximianistae
1296 2499 1507 2544 basilicas.
1538 2503 1601 2545 Ne
1624 2509 1770 2544 autem

441 2589 449 2604 ¹
470 2582 546 2613 Psal.
568 2595 606 2621 11,
627 2594 655 2615 1.
676 2600 716 2606 ——
737 2590 749 2605 ²
768 2583 882 2615 Matth.
903 2594 983 2623 xxxi,
1007 2595 1056 2624 ¹7-
1079 2600 1119 2606 --
1144 2582 1156 2605 3
1176 2584 1222 2615 Id.
1245 2595 1342 2623 xxvu,
1361 2584 1415 2625 23,
1435 2588 1467 2616 et
1489 2587 1580 2616 Joan.
1600 2596 1664 2625 xix,
1680 2585 1713 2615 6.
