1889 3285
397 276 636 304 sumnum
669 277 714 304 m
747 276 947 305 rsALMUM
982 280 1116 305 Lxxn.
1362 264 1444 304 453

0 340 3 347 '
69 342 189 403 quod
209 343 330 403 quasi
350 342 396 385 in
418 356 568 386 somno
590 342 832 386 tenebatur.
867 362 886 385 «
911 341 1056 386 Veluti
1080 343 1295 387 somnium
1317 357 1445 386 exur-

0 402 5 408 ’
73 432 92 455 »
128 414 281 471 gentis.
305 431 325 453 n
353 414 409 455 Et
430 427 485 455 ne
506 405 722 456 diceretur
747 433 756 457 2
782 411 898 466 Quid
927 427 1042 470 ergo,
1071 428 1202 472 parva
1223 413 1299 457 tibi
1322 412 1447 457 vide-

0 481 3 496 '
68 493 141 528 tur
161 484 329 527 claritas
345 498 509 537 eorum,
526 498 654 542 parva
677 484 756 527 tibi
771 485 944 528 videtur
960 498 1120 543 pompa
1142 499 1307 538 eorum,
1328 485 1449 543 parvi

68 554 148 598 tibi
164 553 368 597 videntur
383 553 514 608 tituli,
538 554 761 613 imagines,
792 563 960 609 statuae,
985 553 1149 608 laudes,
1175 554 1300 597 cunci
1322 554 1451 597 clien-

48 624 210 668 num?
234 625 469 679 «Domine,
496 625 570 679 ait,
600 625 645 667 in
668 625 841 668 civitate
860 633 934 668 tua
956 625 1188 683 imaginem
1203 623 1378 667 illorum
1397 623 1453 667 ad

73 713 92 737 »
127 695 312 739 nihilum
339 695 521 754 rediges.
550 715 569 737 n
591 699 743 756 Itaque
756 731 770 751 ,
795 696 946 740 fratres
969 696 1080 750 mei,
1105 695 1241 739 libere
1267 695 1451 755 loquens

68 763 124 809 de
144 766 228 810 hoc
246 765 359 820 loco,
384 765 454 809 vel
474 766 592 809 unde
609 766 736 824 licet,
761 766 861 826 quia
876 764 1053 826 quando
1066 765 1188 810 vobis
1203 766 1450 821 miscemur,

67 836 201 894 magis
222 852 298 881 vos
322 836 517 891 ferimus,
544 852 676 896 quam
703 837 909 881 docemus
935 857 943 882 :
964 837 1009 881 in
1031 837 1206 881 nomine
1229 836 1388 881 Christi
1410 843 1454 879 et

68 907 114 950 in
135 907 288 951 timore
306 908 396 967 ejus
419 907 622 951 exhortor
638 923 729 962 vos,
751 917 801 951 ut
822 908 1088 967 quicumque
1110 908 1188 951 ista
1210 923 1299 951 non
1314 906 1452 950 habe-

69 978 138 1031 tis,
162 993 251 1021 non
273 977 481 1036 cupiatis,
513 978 780 1037 quicumque
808 977 975 1021 habetis
989 1012 1000 1032 ,
1024 993 1114 1022 non
1135 977 1180 1020 in
1202 978 1261 1021 eis
1283 991 1450 1036 praesu-

66 1047 208 1091 matis.
234 1050 346 1092 Ecce
368 1047 457 1091 dixi
479 1048 717 1102 vobis,non
739 1047 853 1102 dico,
873 1048 1146 1092 Damnamini
1164 1067 1172 1091 :
1199 1047 1301 1107 quia
1316 1046 1454 1090 habe-

67 1119 143 1176 tis,
162 1118 237 1163 sed
259 1118 542 1173 damnamini,
564 1119 596 1162 si
618 1118 672 1161 de
688 1117 846 1162 talibus
865 1117 1151 1176 praesumatis,
1172 1117 1205 1161 si
1219 1116 1272 1161 de
1294 1116 1454 1160 talibus

68 1188 295 1242 inflemini,
319 1187 354 1231 si
376 1197 554 1247 propter
576 1187 680 1231 talia
699 1187 844 1244 magni
862 1186 985 1231 vobis
1005 1186 1253 1241 videamini,
1274 1187 1307 1229 si
1323 1201 1455 1246 prop-

68 1267 134 1301 ter
150 1256 251 1301 talia
274 1273 484 1317 pauperes
506 1273 596 1301 non
619 1257 858 1316 agnoscatis
875 1292 885 1311 ,
909 1257 944 1300 si
961 1256 1126 1314 generis
1149 1256 1328 1300 humani
1346 1272 1455 1300 con-

68 1327 281 1371 ditionem
302 1342 581 1371 communem
599 1336 776 1386 propter
793 1326 1077 1370 excellentem
1096 1326 1331 1370 vanitatem
1350 1325 1457 1370 obli-

68 1397 306 1442 viscamini.
335 1400 457 1441 Tunc
480 1397 596 1440 enim
614 1400 728 1441 Deus
749 1411 920 1440 necesse
937 1406 1001 1440 est
1018 1397 1230 1441 retribuat
1245 1397 1291 1440 in
1311 1397 1457 1441 novis-

70 1468 176 1512 sima
195 1502 206 1522 ,
242 1476 286 1512 et
319 1468 365 1511 in
395 1467 566 1512 civitate
601 1482 676 1511 sua
715 1467 947 1524 imaginem
987 1467 1140 1511 talium
1181 1467 1236 1511 ad
1267 1466 1455 1510 nihilum

69 1538 250 1596 redigat.
272 1538 358 1591 Qui
380 1546 526 1582 autem
548 1537 666 1582 dives
684 1546 762 1592 est,
788 1538 872 1581 hoc
895 1536 1028 1581 modo
1051 1537 1120 1592 sit,
1145 1553 1233 1597 quo
1249 1538 1457 1597 praecepit

69 1607 304 1668 Apostolus
341 1627 350 1652 :
389 1628 409 1650 «
445 1608 654 1667 Praecipe,
694 1608 853 1668 inquit,
892 1607 1100 1652 divitibus
1136 1608 1266 1667 hujus
1302 1607 1457 1651 mundi

73 1697 93 1720 »
128 1694 218 1722 non
239 1678 425 1737 superbe
447 1693 620 1737 sapere,
649 1693 794 1737 neque
821 1692 992 1736 sperare
1019 1678 1066 1721 in
1095 1678 1263 1722 incerto
1286 1677 1459 1722 divitia-

72 1767 92 1791 »
128 1764 226 1793 rum
248 1763 442 1803 suarum,
468 1749 603 1792 sedin
627 1752 717 1792 Deo
734 1748 850 1803 vivo,
871 1748 947 1808 qui
968 1757 1143 1807 praestat
1165 1749 1290 1793 nobis
1313 1749 1458 1793 omnia

72 1838 93 1861 »
128 1820 404 1863 abundanter
421 1818 477 1862 ad
491 1817 773 1862 fruendum.»
785 1817 978 1862 Abstulit
991 1818 1238 1877 superbiam
1251 1818 1453 1873 divitum,

71 1890 146 1935 dat
167 1890 412 1935 consilium.
438 1890 565 1943 Quasi
598 1889 793 1933 dicerent
817 1909 826 1934 :
853 1889 1014 1933 Divites
1035 1904 1206 1944 sumus,
1231 1889 1457 1948 superbire

70 1977 149 2005 nos
169 1961 388 2021 prohibes,
399 1962 562 2020 jactare
584 1975 764 2019 pompas
780 1958 1028 2003 divitiarum
1045 1969 1291 2003 nostrarum
1306 1969 1422 2004 vetas
1445 1979 1454 2004 :

70 2030 179 2092 quid
199 2046 302 2089 ergo
323 2030 480 2074 tacturi
504 2046 651 2074 sumus
674 2029 728 2073 de
748 2030 837 2073 istis
858 2030 1044 2074 divitiis?
1072 2032 1218 2090 Usque
1239 2029 1347 2074 adeo
1368 2045 1458 2074 non
1483 2061 1486 2066 -

72 2111 136 2147 est
152 2101 272 2161 quod
294 2100 396 2145 inde
415 2100 607 2144 saciant?
634 2120 654 2142 ι(
674 2100 835 2145 Divites
859 2101 964 2156 sint,
991 2102 1159 2161 inquit,
1181 2102 1226 2144 in
1254 2101 1458 2160 operibus

74 2190 95 2213 »
132 2172 286 2228 bonis,
312 2169 436 2214 facile
460 2170 671 2225 tribuant,
703 2172 1040 2215 communicent.
1069 2189 1089 2211 »
1128 2174 1184 2215 Et
1211 2171 1318 2231 quid
1354 2186 1459 2231 pro-

72 2242 168 2286 dest
184 2243 296 2286 hoc?
323 2261 340 2282 «
364 2244 396 2285 T
401 2242 672 2286 hesaurizent
693 2241 774 2285 sibi
792 2240 1130 2285 fundamentum
1146 2242 1313 2286 bonum
1330 2243 1375 2286 in
1391 2241 1462 2286 fu-

75 2330 96 2353 »
130 2321 302 2366 turum,
337 2320 388 2354 ut
408 2311 738 2370 apprehendant
764 2327 910 2357 veram
932 2313 1063 2356 vitam
1079 2315 1108 2356 ¹.
1146 2331 1166 2353 »
1199 2312 1282 2358 Ubi
1303 2312 1464 2357 debent

73 2381 154 2425 sibi
176 2381 494 2425 thesaurizare?
516 2384 613 2434 Quo
631 2382 746 2425 misit
766 2382 846 2425 iste
869 2380 1063 2437 oculum,
1086 2381 1252 2426 intrans
1274 2383 1320 2426 in
1336 2397 1462 2426 sanc-

74 2451 265 2495 tuarium
289 2451 381 2495 Dei.
419 2451 736 2495 Exhorrescant
766 2466 913 2496 omnes
940 2451 1095 2496 fratres
1118 2452 1253 2496 nostri
1281 2451 1458 2506 divites,

79 2519 350 2564 abundantes
370 2521 554 2579 pecunia
571 2555 582 2575 ,
609 2537 714 2565 auro
732 2557 742 2576 ,
763 2531 940 2578 argento
955 2557 965 2576 ,
991 2521 1152 2566 familia
1167 2556 1177 2576 ,
1196 2521 1433 2566 honoribus
1449 2556 1460 2576 ,

129 2610 136 2625 ¹
164 2615 175 2634 1
197 2604 278 2635 Tim.
302 2615 349 2643 vr,
372 2614 478 2645 ¹7-19.
