1889 3285
412 261 654 291 ENARRATm
685 263 731 290 nv
761 261 964 291 PsALMUM
997 265 1136 292 Lxx1v.
1396 256 1477 295 503

99 349 120 373 «
152 331 211 374 Et
231 330 350 373 hunc
367 327 550 382 exaltat,
580 346 598 368 »
624 327 905 372 confitentem
927 328 1143 372 Gentilem
1164 348 1174 374 ε
1199 347 1216 371 «
1242 330 1474 377 Inclinavit

98 419 118 442 »
152 415 204 443 ex
220 400 304 444 hoc
325 399 371 442 in
391 399 537 453 hunc,
567 417 585 439 »
609 397 656 441 id
676 406 755 451 est,
780 412 805 440 a
817 396 996 457 judai‘co
1017 399 1181 457 populo
1198 399 1243 444 in
1266 400 1472 458 gentilem

90 468 320 529 populum.
340 467 453 521 Quid
470 466 910 526 inclinavitYLegem.
934 467 1164 528 Eliquatus
1180 478 1244 514 est
1259 470 1360 515 inde
1382 471 1473 530 spi-

92 539 226 583 ritalis
260 537 522 582 intellectus.
553 555 571 578 «
599 540 914 582 Verumtamen
944 536 1029 581 faex
1051 539 1142 598 ejus
1163 554 1253 584 non
1284 549 1348 584 est
1383 541 1476 585 exi-

96 629 115 652 »
150 609 321 664 nauita,
346 627 364 649 »
383 609 487 669 quia
510 608 656 653 omnia
672 617 938 653 sacramenta
961 609 1150 653 carnalia
1169 609 1286 669 apud
1300 610 1475 656 Judaeos

92 687 407 723 remanserunt.
438 696 456 719 «
482 679 641 722 Bibent
662 693 810 722 omnes
831 688 1076 738 peccatores
1099 688 1240 723 terrae.
1270 699 1288 721 »
1307 681 1391 733 Qui
1412 681 1478 724 bi-

91 749 224 792 bent?
250 766 267 788 «
293 749 454 792 Omnes
475 757 723 807 peccatores
740 757 883 794 terrae.
899 767 917 791 »
939 749 1024 802 Qui
1046 758 1294 809 peccatores
1316 751 1474 794 terrae?

91 820 234 864 Judaei
256 828 379 863 erant
415 818 595 879 quidem
626 829 900 879 peccatores,
932 821 1010 865 sed
1046 821 1223 880 superbi
1248 839 1258 866 ε
1285 820 1476 866 Gentiles

89 899 236 935 autem
257 899 381 934 erant
411 899 657 950 peccatores
672 925 684 946 ,
715 891 791 935 sed
822 891 1022 935 humiles.
1045 893 1207 936 Omnes
1227 901 1474 951 peccatores

90 961 246 1005 bibent
268 980 276 1006 :
302 959 378 1005 sed
399 960 498 1006 vide
518 961 593 1021 qui
616 960 766 1006 faecem
782 997 793 1017 ,
819 962 896 1022 qui
929 962 1097 1006 vinum.
1122 962 1297 1006 Etenim
1320 962 1383 1006 illi
1404 963 1476 1007 bi-

90 1032 238 1076 bendo
258 1030 428 1087 faecem,
449 1041 722 1077 evanuerunt
739 1051 748 1077 ε
766 1032 835 1076 isti
856 1031 1051 1076 bibendo
1067 1032 1236 1087 vinum,
1255 1033 1478 1092 justificati

89 1110 206 1146 sunt.
232 1102 430 1146 Audeam
453 1102 595 1146 dicere
617 1111 660 1146 et
681 1102 933 1157 inebriatOS,
951 1111 994 1146 et
1015 1117 1104 1147 non
1121 1103 1286 1147 timebo
1312 1120 1322 1148 ε
1347 1111 1477 1162 atque

89 1173 259 1216 utinam
281 1187 430 1216 omnes
447 1172 506 1216 sic
528 1172 816 1216 inebriemini.
844 1171 1147 1217 Recordamini
1162 1207 1173 1227 ‚
1195 1191 1212 1213 «
1236 1171 1357 1217 Calix
1377 1181 1479 1218 tuus

97 1262 117 1284 »
150 1242 369 1288 inebrians
389 1257 521 1301 quam
543 1241 801 1301 praeclarus1
819 1242 829 1285 1
850 1263 867 1282 n
885 1242 1002 1294 Quid
1025 1243 1172 1286 enim?
1190 1243 1372 1301 putatis,
1390 1241 1480 1288 fra-

90 1322 177 1358 tres
197 1313 300 1368 mei,
315 1328 465 1357 omnes
486 1312 600 1368 illos,
616 1312 693 1373 qui
710 1312 961 1357 confitendo
975 1313 1193 1357 Christum
1218 1314 1347 1358 etiam
1368 1315 1480 1359 mori

90 1382 351 1438 voluerunt,
389 1382 555 1426 sobrios
592 1381 758 1426 fuisse?
795 1384 942 1442 Usque
979 1382 1088 1428 adeo
1124 1383 1233 1428 ebrii
1254 1394 1378 1429 erant
1391 1419 1404 1441 ,
1428 1394 1479 1429 ut

90 1470 189 1500 suos
210 1470 301 1498 non
318 1462 615 1514 agnoscerent.
630 1455 791 1498 Omnes
810 1455 1047 1515 propinqui
1066 1454 1147 1510 sui,
1168 1455 1244 1515 qui
1264 1471 1336 1500 eos
1358 1470 1381 1500 a
1403 1471 1480 1516 spe

90 1525 335 1570 coelestium
352 1525 633 1584 praemiorum
646 1524 827 1568 terrenis
847 1524 1155 1570 blandimentis
1177 1535 1369 1570 avertere
1387 1541 1480 1571 mo-

89 1597 155 1641 liti
176 1606 300 1652 sunt,
328 1612 417 1640 non
440 1605 541 1640 sunt
563 1595 720 1653 agniti,
745 1611 835 1639 non
854 1604 956 1639 sunt
977 1595 1114 1639 auditi
1135 1596 1190 1639 ab
1213 1597 1356 1641 ebriis.
1381 1599 1480 1642 Non

90 1675 215 1711 erant
236 1667 365 1721 ebrii,
388 1667 548 1725 quibus
571 1675 791 1710 mutatum
821 1682 896 1710 cor
919 1667 1040 1709 erat?
1067 1668 1166 1710 Non
1192 1675 1316 1710 erant
1342 1667 1478 1722 ebrii,

89 1752 281 1799 quorum
301 1751 423 1780 mens
440 1735 624 1780 alienata
642 1745 733 1779 erat
755 1736 810 1779 ab
833 1736 917 1780 hoc
936 1735 1128 1780 saeculo?
1155 1754 1172 1776 «
1200 1736 1359 1780 Bibent
1378 1771 1390 1792 ‚
1410 1737 1481 1780 in-

94 1827 113 1850 »
149 1807 265 1868 quit,
291 1822 440 1851 omnes
459 1815 706 1865 peccatores
728 1814 870 1850 terrae.
889 1825 906 1847 »
927 1806 1011 1850 Sed
1032 1806 1109 1866 qui
1127 1805 1282 1849 bibent
1302 1806 1481 1851 vinum?

91 1880 342 1921 Peccatores
373 1877 550 1931 bibent,
576 1875 653 1920 sed
675 1891 730 1919 ne
750 1884 1004 1920 remaneant
1024 1884 1299 1935 peccatore53
1320 1885 1371 1921 ut
1387 1878 1481 1937 jus-

91 1946 311 1989 tificentur
328 1979 338 1999 ,
364 1961 455 1988 non
472 1955 522 1990 ut
547 1946 802 2005 puniantur.

149 2017 273 2059 XIII.
305 2033 322 2054 «
349 2017 444 2072 Ego
469 2023 615 2058 autem
642 2035 651 2060 ;
694 2035 712 2057 »
738 2017 847 2061 Nam
868 2029 1018 2059 omnes
1042 2015 1228 2071 bibunt,
1259 2015 1336 2061 sed
1363 2031 1482 2061 seor-

91 2100 188 2130 sum
210 2100 313 2143 ego3
336 2084 382 2129 id
400 2093 481 2139 est,
503 2084 699 2128 Christus
718 2100 819 2129 cum
834 2100 1013 2145 corpore
1033 2100 1111 2130 suo
1138 2104 1146 2130 :
1168 2104 1186 2126 «
1207 2088 1259 2130 In
1273 2086 1480 2131 saeculum

98 2174 116 2197 »
152 2154 375 2214 gaudebo,
407 2153 591 2213 psallam
610 2157 700 2198 Deo
721 2154 858 2198 Jacob
876 2158 893 2181 ²
918 2172 927 2198 ε
955 2172 975 2196 »
1007 2155 1290 2215 promissione
1312 2155 1385 2200 illa
1407 2155 1481 2200 su-

92 2234 192 2269 tura
212 2225 258 2268 in
278 2225 391 2279 fine,
416 2225 471 2268 de
492 2239 580 2284 qua
596 2223 783 2268 dicitur:
814 2226 911 2270 «Ne
932 2239 1200 2285 corrumpas.
1220 2228 1315 2286 Ego
1337 2235 1482 2272 autem

96 2313 118 2338 »
151 2296 197 2339 in
216 2294 425 2340 saeculum
449 2295 710 2353 gaudebo.»

152 2368 273 2410 XIV.
302 2368 400 2410 «Et
421 2366 568 2410 omnia
600 2380 764 2410 cornua
795 2373 1073 2425 peccatorum
1107 2365 1410 2426 confringam,
1440 2375 1484 2413 et

100 2455 119 2478 »
154 2435 462 2481 exaltabuntur
482 2437 804 2495 cornuajustiss.
824 2454 844 2477 »
867 2438 960 2480 Hoc
978 2444 1057 2492 est,
1078 2455 1098 2479 «
1114 2439 1243 2481 Hunc
1264 2438 1481 2494 humiliat,

99 2523 120 2547 n
155 2515 198 2550 et
217 2507 338 2553 hunc
359 2507 533 2552 exaltat.
562 2525 582 2548 »
604 2507 771 2553 Nolunt
784 2507 866 2551 sibi
883 2505 1023 2565 frangi
1041 2523 1204 2553 cornua
1220 2517 1481 2567 peccatores,

145 2598 154 2613 ¹
178 2591 256 2623 Psal.
280 2601 364 2632 xxii,
391 2592 421 2623 5.
439 2609 479 2614 —
501 2599 512 2614 ²
532 2592 577 2622 Id.
600 2603 708 2631 mxxiv,
732 2603 777 2623 lo,
800 2609 841 2614 —
862 2590 973 2623 31bi11.
998 2603 1047 2623 ιι.
