1889 3285
393 222 478 262 226
822 228 856 258 s.
891 227 1123 258 Ancus'nm
1154 231 1339 258 Emscom

392 316 414 340 »
448 298 626 341 ficatum
666 303 730 339 est
761 294 975 354 templum
1009 295 1092 339 hoc
1116 330 1127 350 ,
1162 304 1205 339 et
1241 305 1288 339 tu
1318 297 1362 339 in
1395 295 1541 341 triduo
1567 296 1771 341 excitabis
1850 331 1854 339 .

393 385 415 409 »
448 364 590 409 illud?
623 382 644 406 »
673 367 730 409 Et
765 363 1065 422 Evangelista,
1106 363 1213 423 quid
1244 365 1356 409 illud
1381 375 1491 410 esset
1521 381 1769 425 exponens:

394 455 417 478 α
449 438 544 480 Hoc
565 443 710 479 autem
726 469 737 490 ,
766 434 932 495 inquit,
958 433 1133 478 dicebat
1152 437 1276 478 Jesus
1301 434 1356 478 de
1385 435 1549 495 templo
1580 436 1772 495 corporis

392 524 414 548 2)
448 505 578 550 sui¹.»
603 507 717 549 Ecce
728 505 841 548 hanc
857 504 1097 563 potentiam
1113 519 1236 548 suam
1250 505 1502 549 hominibus
1517 521 1561 550 se
1576 506 1774 549 demons-

389 585 608 622 traturum
628 575 818 630 dicebat,
842 573 961 618 unde
977 573 1304 619 similitudinem
1320 575 1376 620 de
1392 575 1558 636 templo
1575 575 1770 631 dederat,

388 656 567 707 propter
597 661 771 691 carnem
792 661 936 700 suam,
963 661 1062 705 quae
1084 655 1176 690 erat
1204 645 1418 706 templum
1450 645 1625 690 latentis
1655 646 1774 690 intus

388 717 646 763 Divinitatis.
673 716 798 762 Unde
814 716 957 761 Judaei
977 716 1192 776 templum
1217 716 1324 761 foris
1344 717 1576 773 videbant,
1600 719 1775 762 Numen

389 788 507 833 intus
530 787 729 831 habitans
751 802 841 831 non
869 786 1090 831 videbant.
1116 789 1181 831 Ex
1201 787 1290 832 istis
1312 788 1455 832 verbis
1474 787 1647 832 Domini
1667 802 1775 831 con-

389 858 676 903 cinnaverunt
692 855 788 900 falsi
806 865 935 901 testes
952 856 1246 912 mendacium,
1271 858 1392 918 quod
1409 867 1560 902 contra
1582 872 1684 901 eum
1701 856 1774 900 di-

388 937 550 983 cerent,
568 943 620 971 ex
630 928 696 971 his
714 927 815 987 ipsis
832 927 911 971 ubi
932 927 1256 972 commendavit
1275 929 1637 972 resurrectionem
1654 942 1777 971 suam

388 1001 585 1045 futuram
602 1033 613 1054 ‚
637 998 822 1058 loquens
843 998 899 1042 de
928 998 1109 1058 templo.
1150 998 1360 1043 Dixerunt
1381 999 1500 1043 enim
1526 998 1624 1042 falsi
1648 1007 1776 1042 testes
1844 1007 1847 1018 ⁴

391 1069 594 1115 adversus
616 1084 733 1124 eum,
749 1084 850 1112 cum
866 1079 1134 1129 quaereretur
1149 1070 1204 1112 ab
1218 1069 1277 1113 eis
1299 1069 1405 1130 quid
1421 1069 1547 1113 illum
1558 1067 1776 1114 audissent

391 1140 546 1185 dixisse
583 1159 592 1185 :
627 1158 648 1182 α
679 1138 937 1184 Audivimus
957 1155 1059 1183 eum
1087 1140 1304 1184 dicentem
1329 1160 1338 1184 :
1367 1139 1539 1185 Solvam
1563 1138 1780 1198 ternplum

393 1228 415 1252 »
448 1210 549 1265 hoc,
574 1219 618 1254 et
636 1218 736 1268 post
751 1208 948 1253 triduum
978 1210 1242 1253 resuscitabo
1271 1208 1424 1254 illud‘2.
1451 1213 1553 1254 Post
1581 1209 1780 1253 triduum
1844 1208 1849 1271 J

392 1298 414 1322 »
448 1279 729 1334 resuscitabo,
756 1296 775 1320 »
797 1278 1039 1324 audierant.
1069 1298 1090 1322 ‹<
1124 1278 1296 1324 Solvam
1313 1314 1325 1335 ,
1353 1298 1374 1321 1>
1400 1295 1490 1324 non
1512 1280 1740 1324 audierant
1766 1297 1777 1324 :
1844 1279 1849 1330 ¹,

389 1350 466 1395 sed
482 1348 726 1404 audierant,
752 1348 972 1394 «Solvite.
997 1367 1018 1391 »
1052 1352 1198 1394 Unum
1227 1349 1412 1394 verbum
1433 1359 1715 1395 mutaverunt
1735 1359 1780 1395 et
1844 1339 1849 1392 s

390 1436 547 1482 paucas
578 1419 764 1475 litteras,
794 1429 846 1464 ut
873 1419 1032 1464 falsum
1064 1420 1362 1464 testimonium
1388 1419 1661 1465 molirentur.
1695 1420 1781 1465 Sed
1842 1442 1844 1466 ε

391 1492 462 1537 cui
483 1500 624 1535 mutas
647 1490 847 1544 verbum,
871 1505 898 1534 o
915 1490 1108 1533 humana
1123 1490 1308 1544 vanitas,
1334 1506 1360 1534 o
1381 1490 1575 1534 humana
1595 1490 1782 1534 infirmi-
1842 1512 1845 1531 ι

392 1563 486 1606 tas?
506 1560 648 1605 Verbo
664 1557 1015 1604 incommutabili
1030 1559 1214 1604 verbum
1229 1569 1372 1604 mutas
1388 1562 1407 1604 Ξ)
1422 1563 1568 1604 Mutas
1588 1569 1639 1604 tu
1654 1569 1783 1604 tuum
1841 1598 1844 1604 .
1886 1560 1889 1565 '

391 1631 575 1677 verbum
596 1665 608 1686 ,
642 1629 860 1689 numquid
881 1637 1024 1672 mutas
1058 1629 1137 1673 Dei
1160 1629 1387 1673 Verbum?
1420 1629 1544 1674 Unde
1566 1629 1659 1674 alio
1684 1629 1782 1675 loco
1840 1633 1844 1669 s
1883 1631 1889 1686 ’ς

394 1701 552 1746 dicitur
583 1720 592 1746 z
630 1719 650 1742 «
682 1702 739 1744 Et
763 1699 944 1742 mentita
968 1708 1032 1742 est
1058 1698 1265 1759 iniquitas
1295 1700 1378 1743 sibi
1395 1701 1427 1743 3.
1455 1719 1476 1742 »
1511 1703 1654 1753 Quare
1681 1716 1783 1759 ergo

396 1773 474 1818 tibi
496 1771 666 1816 mentiti
693 1779 796 1815 sunt
817 1770 979 1814 inimici
1001 1770 1079 1825 tui,
1105 1786 1131 1814 o
1156 1771 1357 1826 Domine,
1379 1771 1451 1815 cui
1466 1772 1627 1831 jubilat
1642 1773 1783 1818 omnis
1840 1802 1841 1809 κ
1874 1794 1880 1809 x

395 1845 533 1888 terra?
556 1862 575 1884 «
607 1845 659 1886 In
678 1840 960 1885 multitudine
983 1841 1189 1900 potentiae
1217 1850 1301 1885 tuae
1323 1842 1589 1886 mentientur
1604 1843 1686 1886 tibi
1706 1843 1784 1887 ini-
1838 1848 1841 1903 j
1874 1853 1876 1856 ’

399 1934 420 1956 »
453 1913 555 1958 mici
572 1912 652 1956 tui.
676 1930 697 1953 »
714 1912 884 1965 Dicent,
912 1910 1084 1955 Solvam
1110 1931 1119 1955 :
1140 1927 1240 1955 cum
1263 1921 1313 1955 tu
1330 1911 1501 1968 dixeris,
1530 1931 1551 1955 ι(
1573 1913 1779 1958 Solvite.»
1838 1908 1840 1923 '

398 1987 540 2038 Quare
563 1992 606 2027 te
634 1983 834 2026 dixerunt
867 1980 1050 2036 dixisse,
1088 2000 1108 2022 «
1136 1981 1332 2039 Solvam3
1360 2000 1380 2023 »
1411 1992 1454 2026 et
1474 1999 1563 2027 non
1583 1984 1786 2029 dixerunt
1837 1982 1840 2030 ἕ
1870 1988 1888 2029 ;'

399 2056 519 2116 quod
540 2064 589 2099 tu
611 2054 769 2107 dixisti,
799 2072 819 2094 «
846 2051 1033 2097 Solvite?
1059 2070 1078 2092 »
1101 2054 1158 2096 Ut
1175 2053 1296 2111 quasi
1312 2053 1392 2111 ipsi
1414 2068 1457 2097 se
1482 2070 1506 2097 a
1522 2054 1700 2099 crimine
1720 2071 1788 2100 so·
1837 2058 1839 2078 ²

398 2126 481 2170 luti
502 2123 654 2184 templi
676 2122 962 2168 defenderent
994 2123 1085 2166 sine
1115 2138 1258 2166 causa.
1285 2123 1482 2167 Christus
1509 2125 1623 2167 enim
1640 2160 1652 2179 ,
1681 2126 1786 2184 quia
1836 2139 1838 2158 =

399 2195 556 2250 voluit,
580 2204 779 2239 mortuus
796 2202 860 2238 est
878 2212 886 2237 :
908 2201 952 2236 et
975 2202 1119 2236 tamen
1139 2208 1215 2236 vos
1238 2193 1468 2237 occidistis.
1492 2197 1605 2238 Ecce
1626 2211 1786 2239 conce-

402 2267 546 2312 dimus
572 2265 695 2311 vobis
712 2300 723 2320 ,
748 2281 774 2309 o
795 2264 1048 2318 mendaces,
1074 2263 1164 2322 ipsc
1192 2262 1320 2306 solvit
1352 2264 1581 2324 templum.
1612 2267 1786 2311 Dictum
1834 2277 1837 2321 j
1885 2271 1888 2277 '

404 2346 468 2382 est
488 2337 605 2381 enim
634 2335 688 2379 ab
720 2333 928 2394 Apostolo
955 2353 964 2377 :
1000 2352 1020 2374 (ι
1045 2332 1126 2385 Qui
1148 2348 1217 2376 me
1239 2332 1412 2389 dilexit,
1449 2344 1492 2378 et
1518 2335 1694 2380 tradidit
1719 2351 1786 2382 se·
1834 2327 1837 2336 Ἀ

405 2427 427 2452 »
462 2407 695 2468 metipsum
714 2421 794 2466 pro
812 2405 917 2448 me4.
947 2422 967 2445 n
992 2403 1167 2448 Dictum
1184 2412 1247 2447 est
1270 2403 1325 2447 de
1342 2408 1468 2449 Patre
1494 2425 1502 2449 :
1533 2424 1554 2448 «
1577 2407 1662 2459 Qui
1682 2420 1802 2466 pro-⁷

452 2514 460 2529 ¹
483 2508 576 2538 Joau.
599 2517 639 2546 11,
668 2514 774 2546 19-21.
796 2520 837 2525 —
858 2509 869 2525 2
888 2501 998 2534 Manli.
1027 2504 1182 2542 xxV1,61,
1212 2518 1251 2522 —
1273 2499 1285 2523 3
1304 2502 1382 2533 Psal.
1406 2513 1491 2544 xxvi,
1520 2512 1569 2534 12.
1593 2520 1632 2526 -—
1649 2502 1782 2538 4Galat‚

408 2575 451 2605 ιι,
474 2571 527 2595 20.
