1889 3285
417 248 656 277 ENARRATm
689 251 734 276 IN
766 248 967 277 PSALMUM
1000 250 1088 276 Lxx.
1359 238 1441 275 129

61 314 360 357 administrent
380 328 445 357 res
468 314 730 373 pertinentes
747 314 801 357 ad
824 313 1058 358 Jerusalem
1073 334 1083 370 3
1098 321 1140 356 et
1151 328 1320 356 rursum
1339 313 1440 373 qui-

61 383 160 428 dam
178 383 439 443 pertinentes
451 384 506 427 ad
519 382 772 438 Jerusalem,
786 383 1086 428 administrent
1101 398 1165 427 res
1178 383 1442 442 pertinentes

61 454 116 499 acl
148 453 448 512 Babyloniam.
485 453 669 498 Difficile
696 453 860 514 aliquid
890 454 1135 514 promisisse
1169 453 1334 498 videor.
1366 457 1446 497 Pa-

59 524 214 568 tientes
235 533 384 579 estote,
405 523 544 568 donec
565 524 886 568 demonstretur
907 523 1125 583 exemplis.
1151 523 1307 567 Omnia
1325 522 1442 566 enim

57 595 103 638 in
122 603 266 639 vetere
279 593 466 653 populo,
489 594 601 639 sicut
616 594 764 638 scribit
785 593 1017 653 Apostolus
1033 629 1043 648 ‚
1069 612 1088 635 «
1105 596 1157 637 In
1177 594 1316 652 figura
1339 608 1439 637 con-

60 683 82 708 »
116 665 344 724 tingebant
360 665 419 709 eis
440 685 448 709 :
471 665 629 725 scripta
650 675 751 709 sunt
773 675 919 710 autem
941 664 996 708 ad
1015 665 1327 709 correctionem
1347 680 1444 708 nos-

62 754 84 779 »
117 745 224 781 tram
243 772 254 792 ‚
288 737 335 780 in
363 752 471 796 quos
505 736 602 781 finis
632 736 891 781 saeculorum
923 736 1143 781 obvenit1.
1171 754 1191 777 n
1227 735 1445 794 Respieite

59 822 161 866 ergo
182 806 396 867 populum
412 806 536 851 illurn
554 807 747 866 primum
770 807 960 866 positum
979 806 1108 850 etiam
1129 805 1184 850 ad
1202 805 1446 864 significan-

61 875 165 920 dum
187 877 401 936 populum
423 877 706 936 posteriorem
725 898 736 935 3
763 886 806 920 et
826 875 971 921 videte
992 877 1053 920 ibi
1076 893 1175 937 quae
1197 876 1309 920 dico.
1331 878 1448 920 Fue-

58 955 163 991 runt
183 962 303 1006 reges
325 947 555 1006 magni2in
579 946 841 991 Jerusalem:
860 955 1014 990 notum
1038 956 1116 1002 est,
1141 956 1443 1001 numerantur,

58 1018 355 1063 nominantur.
387 1020 548 1062 Omnes
573 1034 675 1077 ergo
698 1018 837 1077 iniqui
875 1018 986 1062 cives
1016 1025 1138 1061 erant
1161 1017 1415 1075 Babyloniae
1432 1052 1443 1069 ‚

60 1098 103 1133 et
135 1087 496 1132 administrabant
527 1104 594 1132 res
623 1087 860 1132 Jerusalem
892 1107 900 1131 :
926 1102 1075 1132 omnes
1108 1087 1154 1130 in
1182 1087 1315 1130 finem
1343 1086 1447 1130 inde

59 1159 284 1219 separandi
312 1160 482 1204 nonnisi
505 1159 559 1203 ad
581 1158 808 1203 diabolum
828 1158 1062 1218 pertinent.
1089 1161 1254 1202 Rursus
1276 1158 1448 1202 inveni-

57 1245 153 1273 mus
175 1230 287 1274 cives
303 1229 357 1274 de
379 1229 619 1274 Jerusalem
642 1228 959 1273 administrasse
981 1244 1047 1272 res
1075 1227 1287 1288 quasdam
1307 1229 1446 1288 perti-

59 1309 210 1345 nentes
233 1299 288 1344 ad
308 1299 610 1357 Babyloniam.
647 1302 756 1344 Nam
789 1309 874 1343 tres
896 1299 992 1343 illos
1013 1303 1169 1358 pueros
1199 1299 1337 1342 victus
1360 1299 1446 1342 mi-

59 1372 205 1414 raculo
221 1370 625 1415 Nabuchodonosor
641 1370 763 1428 regni
784 1370 848 1413 sui
863 1369 1229 1413 administratores
1251 1369 1354 1413 fecit
1367 1404 1377 1423 ‚
1404 1378 1448 1414 et

59 1439 284 1484 constituit
307 1454 377 1484 eos
409 1454 538 1499 super
565 1448 753 1497 satrapas
779 1453 904 1494 suos3
931 1447 973 1481 et
993 1437 1354 1482 administrabant
1380 1454 1446 1483 res

59 1509 308 1567 Babyloniae
340 1509 451 1553 cives
479 1508 533 1552 de
565 1507 850 1551 Jerusalemss.
886 1507 1103 1567 Respicite
1130 1524 1249 1553 nunc
1274 1508 1447 1568 impleri

58 1579 141 1624 hoc
163 1588 206 1623 et
226 1578 295 1637 agi
312 1579 359 1621 in
377 1576 568 1622 Ecclesia
585 1613 595 1633 ‚
627 1587 669 1622 et
689 1577 755 1621 his
776 1577 1060 1636 temporibus.
1089 1580 1248 1622 Omnes
1272 1580 1325 1623 de
1348 1579 1448 1640 qui-

0 1655 1 1680 ἶ
59 1649 141 1695 bus
167 1650 335 1694 dictum
357 1658 421 1693 est
441 1669 449 1693 ;
477 1668 497 1690 «
518 1651 626 1702 Quae
645 1647 801 1692 dicunt
819 1647 970 1703 facite,
995 1665 1095 1709 quae
1113 1660 1258 1693 autem
1280 1648 1448 1694 faciunt

60 1738 81 1762 »
115 1719 256 1765 facere
283 1720 418 1764 nolite
436 1719 468 1773 4,
507 1719 620 1763 cives
654 1727 756 1762 sunt
788 1718 1063 1776 Babyloniae,
1100 1719 1447 1765 administrantes

59 1790 373 1851 rempublicam
395 1789 577 1834 civitatis
607 1789 859 1833 Jerusalem.
889 1789 931 1833 Si
962 1790 1077 1832 enim
1105 1790 1214 1833 nihil
1236 1790 1445 1836 adminis-

62 1871 223 1906 trarent
245 1860 428 1905 civitatis
451 1859 689 1903 Jerusalem
703 1894 713 1914 ,
739 1859 857 1902 unde
874 1895 884 1914 ‚
912 1879 931 1901 «
953 1862 1060 1912 Quae
1079 1858 1233 1904 dicunt
1249 1859 1403 1905 facite?
1419 1880 1440 1903 n

59 1932 194 1987 unde,
205 1951 223 1973 «
232 1934 368 1991 Super
376 1931 626 1975 cathedram
634 1930 776 1988 Moysi
785 1929 1156 1974 sedent?»Rursus
1168 1930 1201 1974 si
1215 1931 1327 1975 cives
1342 1940 1444 1976 sunt

62 2003 191 2063 ipsius
214 2001 451 2047 Jerusalem
470 2002 545 2061 qui
567 2000 815 2060 regnabunt
830 2000 874 2043 in
893 2009 1105 2044 aeternum
1128 2016 1229 2045 cum
1252 2002 1440 2057 Christo,

60 2073 178 2117 unde
196 2093 204 2118 :
230 2092 248 2114 «
274 2075 381 2126 Quae
398 2070 565 2116 faciunt
587 2070 726 2116 facere
751 2070 901 2125 nolite,
919 2089 939 2112 υ
961 2071 1042 2115 nisi
1060 2071 1161 2132 quia
1184 2082 1227 2116 et
1249 2072 1442 2116 audituri

62 2153 181 2188 sunt:
202 2162 220 2185 «
235 2143 476 2188 Receditea
489 2158 558 2186 mc
576 2157 723 2186 omnes
739 2141 814 2202 qui
829 2141 1067 2201 operamini
1082 2142 1375 2202 iniquitatem5
1388 2145 1405 2187 Ξ)
1419 2161 1439 2183 n

61 2216 222 2260 Notum
253 2223 317 2258 est
338 2228 437 2271 ergo
459 2213 582 2257 vobis
598 2248 608 2268 ,
642 2212 753 2257 cives
781 2211 908 2256 malfe
940 2212 1123 2256 civitatis
1146 2213 1444 2257 administrare

63 2283 272 2344 quosdam
290 2293 409 2328 actus
433 2283 558 2327 bonae
585 2282 781 2327 civitatis.
816 2282 1050 2326 Videamus
1074 2282 1108 2326 si
1129 2291 1172 2326 et
1192 2299 1310 2327 nunc
1332 2283 1445 2327 cives

63 2353 190 2399 bonae
208 2353 390 2399 civitatis
405 2352 707 2397 administrent
724 2351 936 2412 quosdam
958 2360 1077 2396 actus
1098 2351 1223 2396 malae
1241 2353 1439 2397 civitatis.

111 2469 120 2485 ¹
149 2464 220 2495 Cor.
236 2473 256 2494 x
272 2487 280 2503 ‚
303 2473 354 2494 ιι.
375 2478 417 2484 -·-
436 2468 449 2485 ²
468 2464 562 2495 Forte
586 2461 677 2494 mali.
697 2478 740 2483 —
771 2459 784 2484 3
814 2464 891 2493 Dan.
917 2472 963 2502 ιιι,
981 2472 1035 2504 97.
1065 2478 1104 2483 —
1128 2460 1143 2491 4
1168 2461 1281 2494 Matth.
1300 2472 1389 2501 xxiii,
1411 2463 1441 2494 3.

65 2532 106 2540 ——
124 2516 139 2541 5
155 2520 231 2551 Luc.
249 2530 320 2559 xlii,
339 2529 387 2559 ις.

249 2594 371 2624 cva
1234 2584 1257 2620 9
