1889 3285
407 266 648 297 ENARRATIO
679 271 725 297 IN
756 264 959 298 PSALMUM
991 270 1080 297 Lm.
1356 257 1439 296 127

59 353 80 377 »
114 349 296 394 regnum
313 334 433 395 quod
445 335 566 379 vobis
584 343 784 394 paratum
800 343 862 379 est
877 335 930 378 ab
948 334 1071 377 initio
1092 331 1246 376 mundi
1258 333 1289 376 1.
1309 350 1330 373 ›>
1347 335 1440 376 Rex

54 407 236 451 civitatis
258 422 370 461 suae,
388 406 527 450 victor
542 421 671 465 super
685 406 845 450 omnia.
873 405 962 449 Illis
983 413 1128 448 autem
1149 402 1203 447 ad
1225 403 1440 447 sinistram

54 477 297 522 constitutis
329 485 542 536 tanquam
575 476 738 520 civitati
775 476 1047 536 iniquorum,
1089 490 1110 516 t<
1148 476 1234 528 Ite,
1271 473 1436 533 inquit,

58 563 80 589 s»
112 548 157 591 in
179 549 326 607 ignem
352 557 579 591 aeternum.
609 566 629 588 ³>
654 547 878 608 Numquid
899 555 1068 606 separat
1089 546 1143 590 ab
1177 546 1235 589 eis
1264 547 1441 604 regem?

53 619 165 664 Non.
193 617 373 662 Addidit
395 618 512 662 enim
528 653 539 674 ‚
568 637 589 660 «
612 619 696 672 Qui
718 627 892 678 paratus
911 626 974 661 est
997 615 1177 661 diabolo
1203 625 1246 660 et
1278 614 1439 674 angelis

55 703 159 748 ejus.
187 706 208 729 »

113 761 211 803 VII.
238 759 478 814 Intendite‚
507 758 660 803 fratres
677 795 687 814 ‚
723 759 962 813 intendite,
989 772 1093 816 rogo
1123 772 1215 801 VOS.
1246 756 1442 801 Delectat

54 829 170 873 enim
190 844 259 872 me
280 844 420 888 pauca
449 828 593 873 adhuc
623 828 745 890 loqui
777 830 900 874 vobis
922 827 977 873 de
1000 829 1172 873 civitate
1199 828 1280 872 hac
1303 826 1437 872 dulci.

58 917 79 942 «
113 898 423 943 Gloriosissima
438 899 555 942 enim
575 898 629 943 de
648 909 690 943 te
716 899 832 943 dicta
861 908 983 952 sunt,
1009 898 1156 942 civitas
1171 898 1248 942 Dei
1276 901 1308 941 ².
1333 900 1391 941 Et
1407 897 1442 941 si

57 988 77 1011 n
113 969 274 1014 oblitus
299 969 425 1014 fuero
455 971 541 1025 tui,
569 969 835 1025 Jerusalem,
874 969 1153 1014 obliviscatur
1174 984 1243 1012 me
1265 968 1442 1012 dextera

56 1057 77 1082 »
112 1042 250 1084 mea3.
279 1059 297 1082 »
325 1040 470 1085 Dulcis
494 1051 557 1085 est
571 1042 686 1085 enim
708 1057 795 1085 una
813 1041 951 1100 patria
965 1076 976 1095 ‚
995 1049 1037 1084 et
1054 1055 1154 1084 vere
1175 1055 1262 1084 una
1283 1039 1436 1098 patria,

53 1110 143 1155 sola
160 1110 298 1170 patria
321 1131 329 1155 ε
349 1121 506 1171 praeter
527 1111 644 1156 illam
663 1111 880 1171 quidquid
898 1111 1022 1155 nobis
1041 1120 1104 1155 est
1121 1147 1131 1166 ‚
1154 1110 1441 1170 peregrinatio

0 1224 1 1234 ἶ
54 1190 132 1225 est.
149 1182 297 1225 Dicam
314 1197 417 1240 ergo
428 1180 548 1242 quod
561 1183 811 1240 agnoscatis,
827 1181 947 1242 quod
966 1181 1213 1241 approbetis
1226 1201 1233 1226 :
1246 1195 1441 1225 comme-

0 1255 1 1298 Ῑ
54 1252 234 1297 morabo
259 1252 381 1312 quod
415 1254 570 1311 nostis3
590 1269 679 1297 non
702 1253 869 1297 docebo
899 1252 1019 1314 quod
1048 1253 1269 1312 ignoratis.
1301 1254 1442 1296 «Non

57 1339 78 1364 »
111 1323 252 1382 prius,
282 1323 424 1383 inquit
456 1323 717 1383 Apostolus,
751 1324 872 1383 quod
901 1322 1091 1382 spiritale
1114 1332 1200 1377 est,
1225 1321 1299 1366 sed
1322 1320 1443 1382 quod

0 1408 1 1450 ς
58 1407 76 1434 3»
112 1389 473 1452 animale‚postea
496 1393 616 1454 quod
631 1393 820 1452 spiritale
834 1395 865 1436 4.
886 1411 906 1433 n
924 1393 1027 1437 Ideo
1051 1393 1198 1437 civitas
1215 1391 1288 1436 illa
1310 1393 1445 1452 major

0 1479 1 1503 ι
53 1472 199 1517 aetate,
225 1463 327 1523 quia
348 1463 466 1523 prior
485 1473 612 1507 natus
635 1473 700 1507 est
719 1466 851 1516 Cain,
879 1472 921 1507 et
941 1472 1089 1522 postea
1111 1461 1223 1507 Abel
1237 1464 1251 1488 ⁵
1273 1482 1281 1506 :
1302 1461 1376 1506 sed
1397 1462 1444 1507 in

0 1529 2 1544 ’
54 1533 119 1577 his
145 1553 165 1575 «
191 1534 329 1593 Major
352 1534 507 1577 serviet
528 1534 731 1577 minoriss.
761 1551 780 1573 »
811 1532 889 1577 Illa
912 1534 1050 1593 major
1073 1542 1198 1577 aetate
1215 1568 1225 1588 ‚
1250 1533 1330 1577 ista
1347 1546 1442 1576 ma-

49 1603 118 1663 j0r
151 1602 374 1661 dignitate.
412 1606 555 1656 Quare
590 1602 663 1646 illa
690 1603 826 1663 major
848 1605 1004 1647 aetate?
1030 1622 1050 1645 «
1074 1604 1186 1656 Quia
1207 1619 1297 1648 non
1325 1603 1444 1663 prius

57 1691 78 1715 »
113 1672 234 1734 quod
253 1673 442 1733 spiritale
464 1683 549 1729 est,
575 1672 650 1717 sed
667 1673 787 1733 quod
809 1673 1010 1717 animale.
1041 1691 1060 1714 »
1088 1677 1227 1726 Quare
1248 1674 1326 1717 ista
1348 1689 1445 1718 ma·-

50 1743 118 1804 jor
135 1743 372 1803 dignitate?
399 1744 512 1798 Quia
537 1762 557 1786 «
583 1744 721 1803 Major
743 1743 897 1787 serviet
928 1743 1123 1804 minori4
1145 1761 1165 1785 »
1196 1743 1446 1788 AEdificavit

61 1833 80 1855 »
116 1824 261 1859 autem
279 1815 495 1858 civitatem
512 1816 643 1867 Cain,
659 1813 717 1857 sie
730 1813 910 1871 legimus
923 1814 939 1839 ⁷
957 1832 964 1857 :
985 1822 1218 1873 antequam
1233 1822 1342 1857 esset
1354 1813 1444 1858 ulla

58 1883 207 1928 civitas
222 1919 232 1939 ,
258 1885 304 1927 in
325 1883 563 1944 primordio
587 1898 731 1926 rerum
746 1883 1034 1927 humanarum
1049 1919 1060 1938 ‚
1084 1883 1316 1928 aedificavit
1337 1884 1443 1927 eivi-

60 1963 192 1999 tatem
214 1957 339 1999 Ca'i'n.
363 1953 520 1998 Procul
541 1954 677 1998 dubio
699 1953 913 2012 intelligas
932 1956 1020 2014 jam
1042 1965 1165 1998 natos
1182 1954 1311 1999 fuisse
1328 1954 1445 1999 mul-

59 2033 124 2069 tos
145 2024 342 2069 homines
364 2040 415 2068 ex
435 2023 519 2067 illis
532 2023 706 2068 duobus
725 2059 735 2079 ‚
762 2032 804 2067 et
826 2040 877 2067 ex
897 2025 962 2068 his
980 2041 1089 2085 quos
1112 2035 1370 2083 genuerant,
1396 2034 1447 2069 ut

59 2105 201 2155 posset
219 2111 307 2139 esse
336 2105 460 2155 aptus
478 2104 520 2138 et
534 2110 752 2154 congruus
767 2110 975 2139 numerus
992 2096 1062 2139 cui
1079 2111 1238 2140 nomen
1261 2096 1446 2140 civitatis

61 2165 370 2225 imponeretur.
408 2165 657 2209 AEdificavit
690 2180 790 2223 ergo
823 2165 1039 2209 civitatem
1077 2168 1188 2211 Ca‘i'n
1204 2202 1214 2222 ,
1250 2167 1326 2210 ubi
1357 2183 1448 2211 non

62 2246 152 2281 erat
181 2237 343 2281 civitas.
379 2237 609 2281 AEdificata
639 2246 702 2281 est
734 2246 776 2280 et
797 2246 944 2296 postea
968 2237 1229 2292 Jerusalem,
1264 2253 1447 2296 regnum

62 2308 160 2363 Dei,
187 2308 336 2353 civitas
353 2317 498 2352 sancta
511 2344 522 2363 ,
541 2308 689 2352 civitas
706 2308 806 2365 Dei3
825 2317 868 2352 et
884 2308 1020 2368 posita
1039 2308 1085 2352 in
1102 2308 1242 2368 specie
1257 2308 1448 2369 quadam

62 2379 233 2423 umbrae
264 2378 544 2438 significantis
582 2377 746 2422 futura.
785 2377 1021 2437 Intelligite
1054 2379 1202 2439 itaque
1239 2393 1448 2438 magnum

64 2450 318 2506 mysterium
333 2484 343 2504 ‚
367 2460 411 2493 et
431 2457 576 2493 tenete
599 2448 718 2508 quod
737 2448 999 2507 praelocutus
1020 2464 1138 2504 sum,
1168 2468 1186 2490 «
1212 2452 1308 2494 Non
1330 2450 1448 2509 prius

113 2544 123 2568 i
143 2546 256 2578 Matth.
278 2556 352 2586 xxv,
372 2543 485 2587 34-41.
506 2560 547 2567 -—-
570 2551 583 2568 2
601 2545 683 2577 Psal.
705 2556 834 2586 Lxxxw,
855 2544 885 2577 3.
905 2561 947 2567 —
965 2543 978 2568 3
997 2546 1043 2578 Id.
1064 2545 1239 2588 cxxxv1‚5.
1263 2543 1329 2575 ——4
1346 2556 1358 2577 1
1373 2547 1445 2578 Cor.

65 2611 120 2641 xv,
140 2599 193 2641 46.
210 2598 280 2623 —5
303 2603 381 2633 Gen.
401 2611 444 2640 iv,
474 2612 502 2640 1,
519 2610 548 2632 2.
570 2616 610 2622 -‹
628 2597 644 2622 6
667 2600 813 2641 mxxv,
832 2599 885 2632 23.
908 2617 949 2623 -—
968 2598 1108 2641 7‘1d.1v‚
1128 2611 1177 2641 17-
