1889 3285
450 277 691 306 amanum
723 280 767 306 m
801 277 1002 311 PsALMUM
1038 280 1174 305 Lxxn.
1386 265 1469 306 455

90 364 112 388 »
146 354 250 395 terae
278 360 400 390 meae.
429 363 449 385 »
470 345 514 389 Si
535 344 723 389 dexterae
758 361 911 390 manus
937 354 1026 400 est,
1052 358 1206 393 manus
1227 344 1359 393 habet
1377 360 1472 394 ma-

86 431 210 464 num.
234 434 255 458 «
279 419 460 460 Manum
479 416 655 460 tenuisti
672 415 859 459 dexterae
871 431 996 470 meae,
1023 433 1043 456 »
1063 424 1113 459 ut
1134 414 1370 466 deduceres
1383 430 1470 460 me.

86 484 203 540 Quid
245 486 404 545 posuit,
430 488 642 531 manum?
683 489 961 534 Potestatem.
1004 486 1099 529 Hoc
1134 484 1251 529 enim
1288 484 1474 532 dicimus

87 570 354 616 quemquam
385 555 545 599 hahere
576 555 621 598 in
648 570 783 599 manu
799 590 810 610 ,
841 554 963 615 quod
992 554 1129 599 habet
1153 555 1198 597 in
1224 563 1436 613 potestate
1463 574 1472 600 ε

0 638 3 662 ³
58 625 311 687 ·quomod0
344 624 453 670 dixit
486 624 685 669 diabolus
720 628 810 669 Deo
838 624 893 669 de
923 624 1008 669 Job
1040 643 1049 669 :
1089 642 1107 664 ι(
1139 624 1265 669 Mitte
1295 640 1476 668 manum

90 716 110 739 »
145 705 282 752 tuam,
302 705 345 740 et
367 694 471 739 tolle
492 711 592 756 quae
614 695 788 739 habet1.
812 713 832 737 »
855 694 970 748 Quid
995 704 1083 750 est,
1111 712 1132 739 ς(
1149 694 1275 738 Mitte
1296 710 1477 739 manum

88 785 110 810 >›
145 768 297 812 tuam?
323 786 340 807 »
373 769 436 810 Da
459 775 736 825 potestatem.
768 768 950 810 Manum
977 764 1086 819 Dei,
1113 773 1371 823 potestatem
1398 764 1477 809 Dei

87 836 196 881 dixit
223 855 232 881 ε
265 836 376 880 sieut
397 836 610 895 seriptum
633 844 698 879 est
717 835 800 879 alio
817 834 914 879 loco
941 853 950 879 :
975 837 1127 879 «Mors
1147 843 1190 878 et
1211 834 1299 879 vita
1321 834 1365 878 in
1381 849 1477 880 ma-

90 924 112 948 »
145 907 275 951 nibus
302 905 507 964 linguae2.
536 923 557 947 »
581 904 808 965 Numquid
834 904 986 964 lingua
1013 904 1145 967 habet
1177 906 1360 952 manus?
1392 903 1477 948 Sed

86 975 196 1038 quid
215 986 296 1032 est,
317 996 338 1019 «
355 979 407 1020 In
428 976 630 1021 manibus
646 975 920 1035 linguaeP»In
940 984 1152 1035 potestate
1170 975 1347 1034 linguae.
1365 973 1480 1028 Quid

87 1056 168 1103 est,
194 1047 240 1091 in
261 1055 474 1106 potestate
491 1045 679 1103 linguae?
705 1065 724 1087 «
749 1049 814 1090 Ex
833 1061 906 1090 ore
928 1054 1006 1089 tuo
1022 1045 1343 1105 justificaberis,
1365 1053 1410 1088 et
1431 1059 1482 1088 ex

91 1136 114 1160 n
148 1133 222 1162 ore
244 1127 322 1163 tuo
343 1116 743 1163 condemnaberis3,
765 1117 958 1161 Tenuisti
970 1130 1071 1174 ergo
1091 1130 1271 1159 manum
1293 1113 1481 1159 dexterae

93 1207 114 1231 »
147 1204 286 1244 meae,
313 1206 334 1229 »
366 1196 625 1247 potestatem
664 1186 852 1231 dexterae
886 1202 1010 1230 meae.
1053 1189 1161 1239 Quae
1186 1194 1278 1229 erat
1305 1185 1482 1229 dextera

90 1261 215 1305 mea?
240 1279 261 1302 «
280 1259 388 1312 Quia
409 1274 490 1317 ego
513 1274 681 1318 semper
703 1266 866 1302 tecum.
894 1276 914 1300 »
942 1261 994 1302 In
1016 1258 1229 1301 sinistram
1246 1257 1480 1312 habebam,

95 1350 116 1373 «
149 1330 262 1384 Quia
290 1345 423 1389 pecus
449 1327 588 1372 factus
621 1343 742 1383 sum,
776 1346 796 1370 »
824 1327 868 1371 id
891 1337 976 1383 est,
1011 1328 1113 1388 quia
1135 1337 1304 1373 terrena
1336 1327 1382 1371 in
1411 1342 1482 1371 me

92 1402 179 1447 fuit
199 1400 554 1460 concupiscentia
586 1418 595 1444 2
621 1398 697 1443 sed
720 1397 894 1443 dextera
918 1413 1015 1443 mea
1040 1407 1153 1453 erat,
1186 1399 1288 1458 quia
1316 1413 1486 1458 semper

91 1482 238 1517 tecum
261 1486 393 1515 eram.
417 1471 557 1530 Hujus
579 1468 768 1513 dexterae
789 1483 898 1512 meae
919 1483 1098 1512 manum
1121 1468 1315 1523 tenuisti,
1339 1468 1386 1512 id
1403 1477 1482 1522 est,

92 1551 352 1603 potestatem
382 1541 540 1584 rexisti.
571 1543 712 1593 Quam
745 1541 1033 1598 potestatem?
1061 1558 1081 1579 «
1106 1537 1235 1582 Dedit
1258 1539 1317 1582 eis
1338 1547 1485 1597 potes-

96 1632 117 1655 »
152 1622 288 1657 tatem
306 1611 418 1656 filios
436 1612 512 1655 Dei
534 1610 667 1654 fieri&
701 1628 721 1651 >³
745 1609 890 1668 Coepit
913 1623 1002 1652 esse
1018 1609 1109 1668 jam
1128 1609 1242 1653 inter
1258 1607 1368 1652 filios
1388 1609 1483 1664 Dei,

95 1683 151 1728 ad
168 1686 340 1728 Novum
360 1685 684 1725 Testamentum
700 1679 940 1738 pertinens.
955 1678 1066 1722 Vide
1080 1677 1303 1738 quomodo
1321 1687 1488 1722 retenta

95 1763 157 1799 est
175 1769 330 1798 manus
347 1752 535 1797 dexterae
553 1752 661 1811 ejus.
687 1769 707 1791 α
724 1753 776 1793 In
794 1748 1020 1793 voluntate
1039 1757 1114 1792 tua
1133 1748 1351 1793 deduxisti
1369 1764 1485 1792 me.»

96 1823 214 1878 Quid
234 1832 313 1877 est,
341 1842 361 1865 «
388 1825 439 1866 In
460 1820 687 1865 voluntate
709 1820 809 1863 tua?
828 1837 848 1860 »
866 1821 964 1863 Non
986 1818 1029 1861 in
1045 1818 1207 1862 meritis
1230 1818 1351 1865 meis,
1376 1818 1489 1871 Quid

98 1904 177 1948 est,
203 1913 224 1936 «
247 1897 300 1938 In
316 1893 542 1938 voluntate
565 1894 670 1936 tua?
695 1910 714 1933 »
741 1890 857 1935 Audi
870 1889 1146 1950 Apostolum,
1166 1890 1242 1949 qui
1258 1887 1342 1932 fuit
1357 1904 1488 1948 pecus

97 1965 239 2025 primo
247 1974 419 2008 terrena
435 1963 698 2018 desiderans,
714 1971 757 2006 et
769 1961 1148 2006 secundumVetus
1164 1963 1489 2005 Testamentum

69 2086 80 2092 κ
98 2036 269 2091 vivens,
299 2033 408 2095 quid
435 2034 519 2078 ait?
544 2053 565 2076 «
590 2034 675 2087 Qui
695 2033 836 2093 primo
858 2031 923 2077 fui
947 2031 1225 2091 blasphemus
1240 2065 1252 2084 ,
1276 2040 1321 2075 et
1340 2046 1489 2090 perse-

99 2115 241 2160 cutor,
258 2114 302 2149 et
315 2104 571 2164 injuriosus3
591 2103 666 2148 sed
682 2102 1021 2147 misericordiam
1033 2109 1291 2148 consecutus
1313 2116 1409 2145 sum
1425 2103 1454 2144 5.
1465 2119 1485 2141 n

101 2175 215 2229 Quid
229 2183 307 2230 est,
317 2193 338 2218 «
353 2177 405 2218 In
422 2173 647 2219 voluntate
668 2175 770 2218 tua?
787 2173 932 2218 Gratia
950 2173 1025 2217 Dei
1042 2188 1138 2216 sum
1154 2171 1200 2216 id
1221 2170 1341 2232 quod
1354 2172 1486 2219 sum⁰.

105 2263 126 2288 υ
160 2248 218 2290 Et
238 2260 339 2290 cum
355 2244 490 2304 gloria
505 2244 768 2304 assumpsisti
783 2259 897 2288 me.»
912 2245 936 2286 J
940 2258 1009 2286 am
1030 2258 1120 2303 quo
1142 2251 1386 2301 assumptus
1409 2250 1487 2296 est,

104 2324 148 2360 et
168 2317 214 2359 in
242 2331 330 2375 qua
354 2314 516 2374 gloria,
547 2314 644 2374 quis
672 2314 886 2374 explicat?
909 2313 1005 2373 quis
1039 2312 1174 2357 dicit?
1205 2315 1492 2372 Expectemus

103 2387 189 2431 hoc
203 2421 215 2441 ,
244 2386 348 2446 quia
371 2385 422 2428 in·
443 2385 755 2429 resurrectione
777 2385 873 2439 erit,
892 2383 939 2427 in
959 2383 1200 2428 novissimis
1221 2383 1316 2431 erit.
1342 2402 1361 2426 «
1382 2384 1494 2428 Cum

107 2477 130 2500 η
167 2456 304 2516 gloria
326 2456 590 2516 assumpsisti
612 2471 726 2500 me.»

157 2561 166 2576 ¹
187 2553 261 2585 Job.
278 2565 301 2592 1,
320 2565 348 2584 1.
367 2570 407 2580 τε
424 2560 437 2576 ²
456 2555 553 2585 Prov.
575 2564 656 2593 xvu,
679 2551 1037 2592 21.—³Mat†11.x11,
1059 2551 1112 2593 37.
1139 2567 1178 2574 -
1195 2550 1210 2578 4
1231 2552 1496 2588 Joan.1,=2.—

111 2608 125 2629 ⁵
153 2620 163 2638 ι
190 2609 272 2639 Tim.
299 2609 396 2647 1,13.
424 2625 464 2630 —-
484 2607 499 2628 ⁶
524 2619 534 2638 ι
558 2610 627 2639 Cor.
647 2619 700 2647 xv,
724 2619 773 2639 ιο.
