<?xml version="1.0" encoding="UTF-8"?>
<!DOCTYPE html PUBLIC "-//W3C//DTD XHTML 1.0 Transitional//EN"
    "http://www.w3.org/TR/xhtml1/DTD/xhtml1-transitional.dtd">
<html xmlns="http://www.w3.org/1999/xhtml" xml:lang="en" lang="en">
 <head>
  <title>
</title>
<meta http-equiv="Content-Type" content="text/html;charset=utf-8" />
  <meta name='ocr-system' content='tesseract 3.04.00' />
  <meta name='ocr-capabilities' content='ocr_page ocr_carea ocr_par ocr_line ocrx_word'/>
</head>
<body>
  <div class='ocr_page' id='page_1' title='image "./operaomniaaccura09auguuoft_0202.png"; bbox 0 0 1889 3285; ppageno 0'>
   <div class='ocr_carea' id='block_1_1' title="bbox 433 218 1386 256">
    <p class='ocr_par' dir='ltr' id='par_1_1' title="bbox 433 218 1386 256">
     <span class='ocr_line' id='line_1_1' title="bbox 433 218 1386 256; baseline -0.004 0"><span class='ocrx_word' id='word_1_1' title='bbox 433 218 516 256; x_wconf 76' lang='lat'>192</span> <span class='ocrx_word' id='word_1_2' title='bbox 871 222 906 252; x_wconf 82' lang='lat' dir='ltr'>s.</span> <span class='ocrx_word' id='word_1_3' title='bbox 942 223 1173 253; x_wconf 73' lang='lat' dir='ltr'>Aucusnm</span> <span class='ocrx_word' id='word_1_4' title='bbox 1205 224 1386 252; x_wconf 70' lang='lat' dir='ltr'>muscum</span> 
     </span>
    </p>
   </div>
   <div class='ocr_carea' id='block_1_2' title="bbox 428 381 1863 409">
    <p class='ocr_par' dir='ltr' id='par_1_2' title="bbox 428 381 1863 409">
     <span class='ocr_line' id='line_1_2' title="bbox 428 381 1863 409; baseline -0.003 -6"><span class='ocrx_word' id='word_1_5' title='bbox 428 384 639 403; x_wconf 61' lang='lat' dir='ltr'>mmm</span> <span class='ocrx_word' id='word_1_6' title='bbox 644 382 1556 402; x_wconf 58' lang='lat' dir='ltr'>WWWMMWMMM</span> <span class='ocrx_word' id='word_1_7' title='bbox 1561 381 1808 398; x_wconf 45' lang='lat' dir='ltr'>&amp;mmmm</span> <span class='ocrx_word' id='word_1_8' title='bbox 1859 390 1863 409; x_wconf 30' lang='grc' dir='ltr'>πὶ</span> 
     </span>
    </p>
   </div>
   <div class='ocr_carea' id='block_1_3' title="bbox 927 504 1311 554">
    <p class='ocr_par' dir='ltr' id='par_1_3' title="bbox 927 504 1311 554">
     <span class='ocr_line' id='line_1_3' title="bbox 927 504 1311 554; baseline 0 0"><span class='ocrx_word' id='word_1_9' title='bbox 927 504 1311 554; x_wconf 81' lang='lat' dir='ltr'><strong>ENARRATIO</strong></span> 
     </span>
    </p>
   </div>
   <div class='ocr_carea' id='block_1_4' title="bbox 811 641 1426 683">
    <p class='ocr_par' dir='ltr' id='par_1_4' title="bbox 811 641 1426 683">
     <span class='ocr_line' id='line_1_4' title="bbox 811 641 1426 683; baseline 0 -1"><span class='ocrx_word' id='word_1_10' title='bbox 811 643 872 682; x_wconf 88' lang='lat' dir='ltr'>IN</span> <span class='ocrx_word' id='word_1_11' title='bbox 920 641 1221 683; x_wconf 84' lang='lat' dir='ltr'><strong>PSALMUM</strong></span> <span class='ocrx_word' id='word_1_12' title='bbox 1259 641 1426 682; x_wconf 84' lang='lat' dir='ltr'>LXIV.</span> 
     </span>
    </p>
   </div>
   <div class='ocr_carea' id='block_1_5' title="bbox 897 782 1333 844">
    <p class='ocr_par' dir='ltr' id='par_1_5' title="bbox 897 782 1333 844">
     <span class='ocr_line' id='line_1_5' title="bbox 897 782 1333 844; baseline -0.002 -14"><span class='ocrx_word' id='word_1_13' title='bbox 897 786 1047 830; x_wconf 87' lang='lat' dir='ltr'>Sermo</span> <span class='ocrx_word' id='word_1_14' title='bbox 1068 782 1125 829; x_wconf 88' lang='lat' dir='ltr'>ad</span> <span class='ocrx_word' id='word_1_15' title='bbox 1143 783 1333 844; x_wconf 87' lang='lat' dir='ltr'>plebem.</span> 
     </span>
    </p>
   </div>
   <div class='ocr_carea' id='block_1_6' title="bbox 1850 0 1883 983">
    <p class='ocr_par' dir='ltr' id='par_1_6' title="bbox 1850 0 1883 983">
     <span class='ocr_line' id='line_1_6' title="bbox 1850 0 1883 983; baseline 0 0"><span class='ocrx_word' id='word_1_16' title='bbox 1850 0 1883 983; x_wconf 95' lang='lat' dir='ltr'> </span> 
     </span>
    </p>
   </div>
   <div class='ocr_carea' id='block_1_7' title="bbox 422 916 1889 2453">
    <p class='ocr_par' dir='ltr' id='par_1_7' title="bbox 422 916 1889 2453">
     <span class='ocr_line' id='line_1_7' title="bbox 485 916 1810 979; baseline -0.002 -14"><span class='ocrx_word' id='word_1_17' title='bbox 485 923 521 965; x_wconf 89' lang='grc' dir='ltr'>Ι.</span> <span class='ocrx_word' id='word_1_18' title='bbox 542 923 827 966; x_wconf 69' lang='grc' dir='ltr'>ΑαΝοεεΕΝυΑ</span> <span class='ocrx_word' id='word_1_19' title='bbox 849 928 914 964; x_wconf 89' lang='lat' dir='ltr'>est</span> <span class='ocrx_word' id='word_1_20' title='bbox 936 934 1020 964; x_wconf 80' lang='lat' dir='ltr'>vox</span> <span class='ocrx_word' id='word_1_21' title='bbox 1041 928 1202 964; x_wconf 88' lang='lat' dir='ltr'>sanctae</span> <span class='ocrx_word' id='word_1_22' title='bbox 1223 919 1464 979; x_wconf 81' lang='lat' dir='ltr'>prophetiae</span> <span class='ocrx_word' id='word_1_23' title='bbox 1491 933 1543 962; x_wconf 82' lang='lat' dir='ltr'>ex</span> <span class='ocrx_word' id='word_1_24' title='bbox 1568 918 1660 978; x_wconf 89' lang='lat' dir='ltr'>ipso</span> <span class='ocrx_word' id='word_1_25' title='bbox 1682 916 1810 962; x_wconf 89' lang='lat' dir='ltr'>titulo</span> 
     </span>
     <span class='ocr_line' id='line_1_8' title="bbox 425 987 1807 1050; baseline -0.002 -15"><span class='ocrx_word' id='word_1_26' title='bbox 425 989 584 1035; x_wconf 86' lang='lat' dir='ltr'>Psalmi</span> <span class='ocrx_word' id='word_1_27' title='bbox 616 991 761 1050; x_wconf 89' lang='lat' dir='ltr'>hujus.</span> <span class='ocrx_word' id='word_1_28' title='bbox 795 990 1050 1034; x_wconf 85' lang='lat' dir='ltr'>Inscribitur</span> <span class='ocrx_word' id='word_1_29' title='bbox 1076 1008 1085 1034; x_wconf 94' lang='lat'><strong>:</strong></span> <span class='ocrx_word' id='word_1_30' title='bbox 1115 1009 1135 1032; x_wconf 87' lang='lat'>«</span> <span class='ocrx_word' id='word_1_31' title='bbox 1161 993 1212 1034; x_wconf 92' lang='lat' dir='ltr'>In</span> <span class='ocrx_word' id='word_1_32' title='bbox 1244 990 1398 1045; x_wconf 88' lang='lat' dir='ltr'>finem,</span> <span class='ocrx_word' id='word_1_33' title='bbox 1424 987 1620 1033; x_wconf 88' lang='lat' dir='ltr'>Psalmus</span> <span class='ocrx_word' id='word_1_34' title='bbox 1644 987 1807 1044; x_wconf 88' lang='lat' dir='ltr'>David,</span> 
     </span>
     <span class='ocr_line' id='line_1_9' title="bbox 428 1058 1812 1120; baseline 0 -18"><span class='ocrx_word' id='word_1_35' title='bbox 428 1079 449 1102; x_wconf 89' lang='lat'>»</span> <span class='ocrx_word' id='word_1_36' title='bbox 485 1061 714 1106; x_wconf 77' lang='lat' dir='ltr'>Canticum</span> <span class='ocrx_word' id='word_1_37' title='bbox 739 1064 762 1105; x_wconf 87' lang='lat' dir='ltr'><strong>J</strong></span> <span class='ocrx_word' id='word_1_38' title='bbox 767 1061 936 1105; x_wconf 85' lang='lat' dir='ltr'>eremiae</span> <span class='ocrx_word' id='word_1_39' title='bbox 953 1070 996 1105; x_wconf 89' lang='lat' dir='ltr'>et</span> <span class='ocrx_word' id='word_1_40' title='bbox 1015 1060 1251 1105; x_wconf 83' lang='lat' dir='ltr'>Ezechielis</span> <span class='ocrx_word' id='word_1_41' title='bbox 1272 1076 1322 1104; x_wconf 87' lang='lat' dir='ltr'>ex</span> <span class='ocrx_word' id='word_1_42' title='bbox 1344 1060 1508 1120; x_wconf 89' lang='lat' dir='ltr'>populo</span> <span class='ocrx_word' id='word_1_43' title='bbox 1531 1058 1812 1118; x_wconf 86' lang='lat' dir='ltr'>transmigra-</span> 
     </span>
     <span class='ocr_line' id='line_1_10' title="bbox 427 1127 1813 1191; baseline 0.001 -20"><span class='ocrx_word' id='word_1_44' title='bbox 427 1148 448 1171; x_wconf 86' lang='lat'>»</span> <span class='ocrx_word' id='word_1_45' title='bbox 482 1131 611 1175; x_wconf 88' lang='lat' dir='ltr'>tionis</span> <span class='ocrx_word' id='word_1_46' title='bbox 651 1146 752 1175; x_wconf 86' lang='lat' dir='ltr'>cum</span> <span class='ocrx_word' id='word_1_47' title='bbox 784 1131 1026 1190; x_wconf 83' lang='lat' dir='ltr'>inciperent</span> <span class='ocrx_word' id='word_1_48' title='bbox 1060 1131 1222 1175; x_wconf 85' lang='lat' dir='ltr'>exire¹.</span> <span class='ocrx_word' id='word_1_49' title='bbox 1258 1149 1278 1172; x_wconf 90' lang='lat'>»</span> <span class='ocrx_word' id='word_1_50' title='bbox 1311 1133 1396 1175; x_wconf 88' lang='lat' dir='ltr'>Res</span> <span class='ocrx_word' id='word_1_51' title='bbox 1439 1127 1813 1191; x_wconf 85' lang='lat' dir='ltr'>quemadmodum</span> 
     </span>
     <span class='ocr_line' id='line_1_11' title="bbox 424 1199 1857 1260; baseline 0.001 -16"><span class='ocrx_word' id='word_1_52' title='bbox 424 1209 540 1257; x_wconf 87' lang='lat' dir='ltr'>gesta</span> <span class='ocrx_word' id='word_1_53' title='bbox 557 1200 612 1244; x_wconf 91' lang='lat' dir='ltr'>sit</span> <span class='ocrx_word' id='word_1_54' title='bbox 633 1200 750 1260; x_wconf 90' lang='lat' dir='ltr'>apud</span> <span class='ocrx_word' id='word_1_55' title='bbox 769 1209 910 1259; x_wconf 84' lang='lat' dir='ltr'>patres</span> <span class='ocrx_word' id='word_1_56' title='bbox 927 1209 1094 1244; x_wconf 88' lang='lat' dir='ltr'>nostros</span> <span class='ocrx_word' id='word_1_57' title='bbox 1112 1210 1307 1260; x_wconf 90' lang='lat' dir='ltr'>tempore</span> <span class='ocrx_word' id='word_1_58' title='bbox 1324 1199 1710 1259; x_wconf 81' lang='lat' dir='ltr'>transmigrationis</span> <span class='ocrx_word' id='word_1_59' title='bbox 1728 1200 1812 1243; x_wconf 87' lang='lat' dir='ltr'>Ba·</span> <span class='ocrx_word' id='word_1_60' title='bbox 1854 1222 1857 1246; x_wconf 86' lang='grc'>;</span> 
     </span>
     <span class='ocr_line' id='line_1_12' title="bbox 422 1269 1856 1331; baseline 0 -17"><span class='ocrx_word' id='word_1_61' title='bbox 422 1269 637 1329; x_wconf 83' lang='lat' dir='ltr'>byloniae,</span> <span class='ocrx_word' id='word_1_62' title='bbox 663 1286 753 1315; x_wconf 89' lang='lat' dir='ltr'>non</span> <span class='ocrx_word' id='word_1_63' title='bbox 776 1270 980 1315; x_wconf 89' lang='lat' dir='ltr'>omnibus</span> <span class='ocrx_word' id='word_1_64' title='bbox 1001 1279 1157 1315; x_wconf 88' lang='lat' dir='ltr'>notum</span> <span class='ocrx_word' id='word_1_65' title='bbox 1175 1280 1239 1315; x_wconf 85' lang='lat' dir='ltr'>est</span> <span class='ocrx_word' id='word_1_66' title='bbox 1255 1306 1266 1326; x_wconf 82' lang='lat'>‚</span> <span class='ocrx_word' id='word_1_67' title='bbox 1292 1271 1368 1315; x_wconf 91' lang='lat' dir='ltr'>sed</span> <span class='ocrx_word' id='word_1_68' title='bbox 1389 1270 1456 1314; x_wconf 89' lang='lat' dir='ltr'>his</span> <span class='ocrx_word' id='word_1_69' title='bbox 1469 1271 1546 1331; x_wconf 89' lang='lat' dir='ltr'>qui</span> <span class='ocrx_word' id='word_1_70' title='bbox 1571 1270 1813 1329; x_wconf 81' lang='lat' dir='ltr'>Scripturas</span> <span class='ocrx_word' id='word_1_71' title='bbox 1854 1293 1856 1322; x_wconf 70' lang='grc' dir='ltr'><strong><em>ς</em></strong></span> 
     </span>
     <span class='ocr_line' id='line_1_13' title="bbox 423 1338 1810 1400; baseline -0.001 -15"><span class='ocrx_word' id='word_1_72' title='bbox 423 1350 590 1385; x_wconf 87' lang='lat' dir='ltr'>sanctas</span> <span class='ocrx_word' id='word_1_73' title='bbox 612 1339 845 1400; x_wconf 80' lang='lat' dir='ltr'>diligenter</span> <span class='ocrx_word' id='word_1_74' title='bbox 868 1340 1104 1385; x_wconf 87' lang='lat' dir='ltr'>advertunt</span> <span class='ocrx_word' id='word_1_75' title='bbox 1119 1375 1130 1395; x_wconf 84' lang='lat'>‚</span> <span class='ocrx_word' id='word_1_76' title='bbox 1155 1340 1226 1385; x_wconf 91' lang='lat' dir='ltr'>vel</span> <span class='ocrx_word' id='word_1_77' title='bbox 1247 1340 1489 1394; x_wconf 85' lang='lat' dir='ltr'>audiendo,</span> <span class='ocrx_word' id='word_1_78' title='bbox 1517 1339 1586 1384; x_wconf 91' lang='lat' dir='ltr'>vel</span> <span class='ocrx_word' id='word_1_79' title='bbox 1607 1338 1810 1399; x_wconf 86' lang='lat' dir='ltr'>legendo.</span> 
     </span>
     <span class='ocr_line' id='line_1_14' title="bbox 422 1408 1855 1471; baseline -0.002 -14"><span class='ocrx_word' id='word_1_80' title='bbox 422 1411 675 1471; x_wconf 87' lang='lat' dir='ltr'>Captivatus</span> <span class='ocrx_word' id='word_1_81' title='bbox 712 1410 828 1454; x_wconf 92' lang='lat' dir='ltr'>enim</span> <span class='ocrx_word' id='word_1_82' title='bbox 865 1411 1054 1470; x_wconf 86' lang='lat' dir='ltr'>populus</span> <span class='ocrx_word' id='word_1_83' title='bbox 1093 1411 1245 1466; x_wconf 70' lang='lat' dir='ltr'>Israel,</span> <span class='ocrx_word' id='word_1_84' title='bbox 1282 1426 1333 1455; x_wconf 87' lang='lat' dir='ltr'>ex</span> <span class='ocrx_word' id='word_1_85' title='bbox 1369 1411 1541 1455; x_wconf 85' lang='lat' dir='ltr'>civitate</span> <span class='ocrx_word' id='word_1_86' title='bbox 1574 1408 1814 1455; x_wconf 80' lang='lat' dir='ltr'>Jerusalem</span> <span class='ocrx_word' id='word_1_87' title='bbox 1854 1450 1855 1466; x_wconf 19' lang='grc' dir='ltr'><strong>ἶ</strong></span> 
     </span>
     <span class='ocr_line' id='line_1_15' title="bbox 423 1480 1814 1541; baseline -0.001 -16"><span class='ocrx_word' id='word_1_88' title='bbox 423 1480 582 1525; x_wconf 91' lang='lat' dir='ltr'>ductus</span> <span class='ocrx_word' id='word_1_89' title='bbox 601 1490 665 1525; x_wconf 89' lang='lat' dir='ltr'>est</span> <span class='ocrx_word' id='word_1_90' title='bbox 684 1481 731 1524; x_wconf 91' lang='lat' dir='ltr'>in</span> <span class='ocrx_word' id='word_1_91' title='bbox 752 1481 1003 1524; x_wconf 85' lang='lat' dir='ltr'>servitutem</span> <span class='ocrx_word' id='word_1_92' title='bbox 1026 1480 1281 1538; x_wconf 73' lang='lat' dir='ltr'>Babyloniae</span> <span class='ocrx_word' id='word_1_93' title='bbox 1299 1482 1331 1524; x_wconf 76' lang='lat'>².</span> <span class='ocrx_word' id='word_1_94' title='bbox 1364 1480 1646 1541; x_wconf 87' lang='lat' dir='ltr'>Prophetavit</span> <span class='ocrx_word' id='word_1_95' title='bbox 1668 1488 1814 1524; x_wconf 90' lang='lat' dir='ltr'>autem</span> 
     </span>
     <span class='ocr_line' id='line_1_16' title="bbox 424 1549 1815 1609; baseline -0.001 -15"><span class='ocrx_word' id='word_1_96' title='bbox 424 1551 634 1595; x_wconf 86' lang='lat' dir='ltr'>Jeremias</span> <span class='ocrx_word' id='word_1_97' title='bbox 660 1559 855 1605; x_wconf 82' lang='lat' dir='ltr'>sanctus,</span> <span class='ocrx_word' id='word_1_98' title='bbox 881 1559 979 1609; x_wconf 91' lang='lat' dir='ltr'>post</span> <span class='ocrx_word' id='word_1_99' title='bbox 1000 1549 1273 1609; x_wconf 85' lang='lat' dir='ltr'>septuaginta</span> <span class='ocrx_word' id='word_1_100' title='bbox 1297 1565 1432 1594; x_wconf 92' lang='lat' dir='ltr'>annos</span> <span class='ocrx_word' id='word_1_101' title='bbox 1460 1549 1704 1594; x_wconf 87' lang='lat' dir='ltr'>rediturum</span> <span class='ocrx_word' id='word_1_102' title='bbox 1731 1565 1815 1608; x_wconf 88' lang='lat' dir='ltr'>po-</span> 
     </span>
     <span class='ocr_line' id='line_1_17' title="bbox 423 1619 1855 1681; baseline -0.001 -16"><span class='ocrx_word' id='word_1_103' title='bbox 423 1620 580 1681; x_wconf 88' lang='lat' dir='ltr'>pulum</span> <span class='ocrx_word' id='word_1_104' title='bbox 606 1620 661 1664; x_wconf 91' lang='lat' dir='ltr'>de</span> <span class='ocrx_word' id='word_1_105' title='bbox 697 1620 967 1680; x_wconf 82' lang='lat' dir='ltr'>captivitate,</span> <span class='ocrx_word' id='word_1_106' title='bbox 993 1629 1036 1665; x_wconf 87' lang='lat' dir='ltr'>et</span> <span class='ocrx_word' id='word_1_107' title='bbox 1068 1621 1411 1664; x_wconf 87' lang='lat' dir='ltr'>instauraturum</span> <span class='ocrx_word' id='word_1_108' title='bbox 1432 1619 1651 1663; x_wconf 87' lang='lat' dir='ltr'>civitatem</span> <span class='ocrx_word' id='word_1_109' title='bbox 1678 1619 1814 1678; x_wconf 86' lang='lat' dir='ltr'>ipsam</span> <span class='ocrx_word' id='word_1_110' title='bbox 1852 1631 1855 1650; x_wconf 71' lang='lat'>³</span> 
     </span>
     <span class='ocr_line' id='line_1_18' title="bbox 425 1687 1855 1750; baseline -0.001 -15"><span class='ocrx_word' id='word_1_111' title='bbox 425 1689 689 1745; x_wconf 84' lang='lat' dir='ltr'>Jerusalem,</span> <span class='ocrx_word' id='word_1_112' title='bbox 715 1705 849 1750; x_wconf 88' lang='lat' dir='ltr'>quam</span> <span class='ocrx_word' id='word_1_113' title='bbox 870 1689 1085 1734; x_wconf 88' lang='lat' dir='ltr'>devictam</span> <span class='ocrx_word' id='word_1_114' title='bbox 1114 1689 1169 1733; x_wconf 91' lang='lat' dir='ltr'>ab</span> <span class='ocrx_word' id='word_1_115' title='bbox 1200 1688 1399 1733; x_wconf 91' lang='lat' dir='ltr'>hostibus</span> <span class='ocrx_word' id='word_1_116' title='bbox 1426 1688 1695 1748; x_wconf 64' lang='lat' dir='ltr'>planxeratss.</span> <span class='ocrx_word' id='word_1_117' title='bbox 1733 1687 1814 1734; x_wconf 89' lang='lat' dir='ltr'>Illo</span> <span class='ocrx_word' id='word_1_118' title='bbox 1852 1699 1855 1733; x_wconf 66' lang='grc' dir='ltr'><em>ὲ</em></span> 
     </span>
     <span class='ocr_line' id='line_1_19' title="bbox 425 1758 1854 1820; baseline -0.001 -15"><span class='ocrx_word' id='word_1_119' title='bbox 425 1770 571 1805; x_wconf 88' lang='lat' dir='ltr'>autem</span> <span class='ocrx_word' id='word_1_120' title='bbox 594 1769 788 1819; x_wconf 90' lang='lat' dir='ltr'>tempore</span> <span class='ocrx_word' id='word_1_121' title='bbox 806 1759 987 1804; x_wconf 86' lang='lat' dir='ltr'>fuerunt</span> <span class='ocrx_word' id='word_1_122' title='bbox 1007 1760 1237 1819; x_wconf 86' lang='lat' dir='ltr'>Prophetae</span> <span class='ocrx_word' id='word_1_123' title='bbox 1249 1760 1294 1803; x_wconf 90' lang='lat' dir='ltr'>in</span> <span class='ocrx_word' id='word_1_124' title='bbox 1312 1758 1384 1803; x_wconf 91' lang='lat' dir='ltr'>illa</span> <span class='ocrx_word' id='word_1_125' title='bbox 1402 1759 1650 1819; x_wconf 89' lang='lat' dir='ltr'>captivitate</span> <span class='ocrx_word' id='word_1_126' title='bbox 1662 1758 1814 1820; x_wconf 83' lang='lat' dir='ltr'>populi</span> <span class='ocrx_word' id='word_1_127' title='bbox 1852 1795 1854 1797; x_wconf 93' lang='lat'>.</span> 
     </span>
     <span class='ocr_line' id='line_1_20' title="bbox 424 1828 1889 1890; baseline -0.001 -15"><span class='ocrx_word' id='word_1_128' title='bbox 424 1830 650 1875; x_wconf 84' lang='lat' dir='ltr'>constituti</span> <span class='ocrx_word' id='word_1_129' title='bbox 671 1829 718 1873; x_wconf 91' lang='lat' dir='ltr'>in</span> <span class='ocrx_word' id='word_1_130' title='bbox 740 1829 1008 1888; x_wconf 84' lang='lat' dir='ltr'>Babylonia,</span> <span class='ocrx_word' id='word_1_131' title='bbox 1039 1829 1153 1873; x_wconf 92' lang='lat' dir='ltr'>inter</span> <span class='ocrx_word' id='word_1_132' title='bbox 1175 1845 1284 1890; x_wconf 91' lang='lat' dir='ltr'>quos</span> <span class='ocrx_word' id='word_1_133' title='bbox 1305 1839 1397 1873; x_wconf 85' lang='lat' dir='ltr'>erat</span> <span class='ocrx_word' id='word_1_134' title='bbox 1421 1838 1461 1873; x_wconf 88' lang='lat' dir='ltr'>et</span> <span class='ocrx_word' id='word_1_135' title='bbox 1488 1828 1689 1874; x_wconf 82' lang='lat' dir='ltr'>Ezechiel</span> <span class='ocrx_word' id='word_1_136' title='bbox 1709 1845 1814 1889; x_wconf 85' lang='lat' dir='ltr'>pro·</span> <span class='ocrx_word' id='word_1_137' title='bbox 1852 1868 1854 1878; x_wconf 80' lang='grc'>,</span> <span class='ocrx_word' id='word_1_138' title='bbox 1886 1848 1889 1864; x_wconf 82' lang='lat'><strong>¹</strong></span> 
     </span>
     <span class='ocr_line' id='line_1_21' title="bbox 424 1893 1889 1961; baseline -0.001 -16"><span class='ocrx_word' id='word_1_139' title='bbox 424 1893 571 1961; x_wconf 82' lang='lat' dir='ltr'>pheta.</span> <span class='ocrx_word' id='word_1_140' title='bbox 598 1899 870 1959; x_wconf 84' lang='lat' dir='ltr'>Expectabat</span> <span class='ocrx_word' id='word_1_141' title='bbox 891 1908 1037 1943; x_wconf 91' lang='lat' dir='ltr'>autem</span> <span class='ocrx_word' id='word_1_142' title='bbox 1059 1898 1131 1943; x_wconf 91' lang='lat' dir='ltr'>ille</span> <span class='ocrx_word' id='word_1_143' title='bbox 1152 1899 1341 1959; x_wconf 91' lang='lat' dir='ltr'>populus</span> <span class='ocrx_word' id='word_1_144' title='bbox 1371 1898 1511 1944; x_wconf 90' lang='lat' dir='ltr'>donec</span> <span class='ocrx_word' id='word_1_145' title='bbox 1530 1899 1853 1960; x_wconf 85' lang='lat' dir='ltr'>implerentur</span> <span class='ocrx_word' id='word_1_146' title='bbox 1875 1912 1889 1944; x_wconf 76' lang='grc'>.·</span> 
     </span>
     <span class='ocr_line' id='line_1_22' title="bbox 423 1970 1878 2048; baseline 0 -32"><span class='ocrx_word' id='word_1_147' title='bbox 423 1981 620 2048; x_wconf 83' lang='lat' dir='ltr'>tempora</span> <span class='ocrx_word' id='word_1_148' title='bbox 638 1971 911 2031; x_wconf 81' lang='lat' dir='ltr'>septuaginta</span> <span class='ocrx_word' id='word_1_149' title='bbox 935 1986 1166 2025; x_wconf 84' lang='lat' dir='ltr'>annorum,</span> <span class='ocrx_word' id='word_1_150' title='bbox 1190 1970 1433 2015; x_wconf 88' lang='lat' dir='ltr'>secundum</span> <span class='ocrx_word' id='word_1_151' title='bbox 1447 1971 1722 2031; x_wconf 87' lang='lat' dir='ltr'>prophetiam</span> <span class='ocrx_word' id='word_1_152' title='bbox 1744 1974 1816 2016; x_wconf 84' lang='lat' dir='ltr'>Je-</span> <span class='ocrx_word' id='word_1_153' title='bbox 1851 1973 1854 2002; x_wconf 81' lang='lat'><strong>¹</strong></span> <span class='ocrx_word' id='word_1_154' title='bbox 1874 1987 1878 2021; x_wconf 79' lang='lat'>¹,</span> 
     </span>
     <span class='ocr_line' id='line_1_23' title="bbox 423 2040 1815 2100; baseline 0.001 -15"><span class='ocrx_word' id='word_1_155' title='bbox 423 2041 585 2086; x_wconf 81' lang='lat' dir='ltr'>iemiae.</span> <span class='ocrx_word' id='word_1_156' title='bbox 613 2044 794 2086; x_wconf 87' lang='lat' dir='ltr'>Factum</span> <span class='ocrx_word' id='word_1_157' title='bbox 830 2050 894 2085; x_wconf 91' lang='lat' dir='ltr'>est</span> <span class='ocrx_word' id='word_1_158' title='bbox 920 2040 1144 2099; x_wconf 87' lang='lat' dir='ltr'>completis</span> <span class='ocrx_word' id='word_1_159' title='bbox 1167 2042 1440 2100; x_wconf 83' lang='lat' dir='ltr'>septuaginta</span> <span class='ocrx_word' id='word_1_160' title='bbox 1462 2041 1612 2097; x_wconf 85' lang='lat' dir='ltr'>annis,</span> <span class='ocrx_word' id='word_1_161' title='bbox 1638 2042 1815 2087; x_wconf 89' lang='lat' dir='ltr'>restitu-</span> 
     </span>
     <span class='ocr_line' id='line_1_24' title="bbox 423 2111 1889 2173; baseline 0.001 -16"><span class='ocrx_word' id='word_1_162' title='bbox 423 2122 520 2157; x_wconf 86' lang='lat' dir='ltr'>tum</span> <span class='ocrx_word' id='word_1_163' title='bbox 543 2122 607 2157; x_wconf 89' lang='lat' dir='ltr'>est</span> <span class='ocrx_word' id='word_1_164' title='bbox 636 2113 849 2173; x_wconf 89' lang='lat' dir='ltr'>templum</span> <span class='ocrx_word' id='word_1_165' title='bbox 878 2111 998 2173; x_wconf 85' lang='lat' dir='ltr'>quod</span> <span class='ocrx_word' id='word_1_166' title='bbox 1026 2111 1243 2171; x_wconf 87' lang='lat' dir='ltr'>dejectum</span> <span class='ocrx_word' id='word_1_167' title='bbox 1265 2121 1377 2169; x_wconf 77' lang='lat' dir='ltr'>erat3</span> <span class='ocrx_word' id='word_1_168' title='bbox 1402 2121 1445 2156; x_wconf 89' lang='lat' dir='ltr'>et</span> <span class='ocrx_word' id='word_1_169' title='bbox 1465 2128 1652 2171; x_wconf 80' lang='lat' dir='ltr'>regressa</span> <span class='ocrx_word' id='word_1_170' title='bbox 1674 2123 1738 2158; x_wconf 86' lang='lat' dir='ltr'>est</span> <span class='ocrx_word' id='word_1_171' title='bbox 1758 2113 1814 2158; x_wconf 89' lang='lat' dir='ltr'>de</span> <span class='ocrx_word' id='word_1_172' title='bbox 1851 2119 1889 2162; x_wconf 49' lang='lat' dir='ltr'>w?</span> 
     </span>
     <span class='ocr_line' id='line_1_25' title="bbox 424 2181 1889 2245; baseline -0.001 -18"><span class='ocrx_word' id='word_1_173' title='bbox 424 2182 673 2242; x_wconf 86' lang='lat' dir='ltr'>captivitate</span> <span class='ocrx_word' id='word_1_174' title='bbox 696 2197 850 2240; x_wconf 79' lang='lat' dir='ltr'>magna</span> <span class='ocrx_word' id='word_1_175' title='bbox 873 2197 969 2241; x_wconf 88' lang='lat' dir='ltr'>pars</span> <span class='ocrx_word' id='word_1_176' title='bbox 993 2181 1108 2225; x_wconf 88' lang='lat' dir='ltr'>illius</span> <span class='ocrx_word' id='word_1_177' title='bbox 1141 2181 1308 2242; x_wconf 87' lang='lat' dir='ltr'>populi.</span> <span class='ocrx_word' id='word_1_178' title='bbox 1353 2182 1437 2227; x_wconf 88' lang='lat' dir='ltr'>Sed</span> <span class='ocrx_word' id='word_1_179' title='bbox 1469 2183 1676 2243; x_wconf 90' lang='lat' dir='ltr'>quoniam</span> <span class='ocrx_word' id='word_1_180' title='bbox 1707 2183 1814 2228; x_wconf 89' lang='lat' dir='ltr'>dicit</span> <span class='ocrx_word' id='word_1_181' title='bbox 1850 2182 1889 2245; x_wconf 67' lang='grc' dir='ltr'>ξίῖ</span> 
     </span>
     <span class='ocr_line' id='line_1_26' title="bbox 424 2252 1813 2313; baseline -0.003 -16"><span class='ocrx_word' id='word_1_182' title='bbox 424 2252 659 2312; x_wconf 86' lang='lat' dir='ltr'>Apostolus</span> <span class='ocrx_word' id='word_1_183' title='bbox 682 2271 692 2296; x_wconf 74' lang='grc' dir='ltr'>ι</span> <span class='ocrx_word' id='word_1_184' title='bbox 721 2271 741 2295; x_wconf 90' lang='lat'>«</span> <span class='ocrx_word' id='word_1_185' title='bbox 769 2255 872 2296; x_wconf 85' lang='lat' dir='ltr'>Haec</span> <span class='ocrx_word' id='word_1_186' title='bbox 895 2252 940 2295; x_wconf 91' lang='lat' dir='ltr'>in</span> <span class='ocrx_word' id='word_1_187' title='bbox 969 2252 1108 2310; x_wconf 72' lang='lat' dir='ltr'>figura</span> <span class='ocrx_word' id='word_1_188' title='bbox 1132 2252 1445 2310; x_wconf 84' lang='lat' dir='ltr'>contingebant</span> <span class='ocrx_word' id='word_1_189' title='bbox 1467 2253 1511 2296; x_wconf 91' lang='lat' dir='ltr'>in</span> <span class='ocrx_word' id='word_1_190' title='bbox 1529 2253 1611 2298; x_wconf 90' lang='lat' dir='ltr'>illis</span> <span class='ocrx_word' id='word_1_191' title='bbox 1626 2289 1637 2308; x_wconf 85' lang='lat'>‚</span> <span class='ocrx_word' id='word_1_192' title='bbox 1658 2254 1813 2313; x_wconf 88' lang='lat' dir='ltr'>scripta</span> 
     </span>
     <span class='ocr_line' id='line_1_27' title="bbox 427 2321 1889 2382; baseline 0.001 -18"><span class='ocrx_word' id='word_1_193' title='bbox 427 2341 448 2364; x_wconf 86' lang='lat'>»</span> <span class='ocrx_word' id='word_1_194' title='bbox 484 2331 588 2369; x_wconf 85' lang='lat' dir='ltr'>sunt</span> <span class='ocrx_word' id='word_1_195' title='bbox 606 2331 751 2366; x_wconf 89' lang='lat' dir='ltr'>autem</span> <span class='ocrx_word' id='word_1_196' title='bbox 770 2331 946 2382; x_wconf 88' lang='lat' dir='ltr'>propter</span> <span class='ocrx_word' id='word_1_197' title='bbox 969 2337 1067 2376; x_wconf 88' lang='lat' dir='ltr'>nos,</span> <span class='ocrx_word' id='word_1_198' title='bbox 1094 2321 1140 2365; x_wconf 91' lang='lat' dir='ltr'>in</span> <span class='ocrx_word' id='word_1_199' title='bbox 1157 2338 1265 2382; x_wconf 89' lang='lat' dir='ltr'>quos</span> <span class='ocrx_word' id='word_1_200' title='bbox 1287 2322 1384 2366; x_wconf 87' lang='lat' dir='ltr'>finis</span> <span class='ocrx_word' id='word_1_201' title='bbox 1400 2323 1658 2367; x_wconf 86' lang='lat' dir='ltr'>saeculorum</span> <span class='ocrx_word' id='word_1_202' title='bbox 1678 2324 1814 2368; x_wconf 90' lang='lat' dir='ltr'>obve-</span> <span class='ocrx_word' id='word_1_203' title='bbox 1849 2332 1889 2378; x_wconf 71' lang='grc' dir='ltr'>ξ-ε-</span> 
     </span>
     <span class='ocr_line' id='line_1_28' title="bbox 428 2392 1888 2453; baseline 0.001 -18"><span class='ocrx_word' id='word_1_204' title='bbox 428 2412 448 2436; x_wconf 80' lang='lat'>&gt;›</span> <span class='ocrx_word' id='word_1_205' title='bbox 484 2394 594 2438; x_wconf 71' lang='lat' dir='ltr'>nit4:</span> <span class='ocrx_word' id='word_1_206' title='bbox 612 2411 632 2435; x_wconf 90' lang='lat'>»</span> <span class='ocrx_word' id='word_1_207' title='bbox 645 2392 853 2438; x_wconf 86' lang='lat' dir='ltr'>debemus</span> <span class='ocrx_word' id='word_1_208' title='bbox 866 2401 909 2437; x_wconf 85' lang='lat' dir='ltr'>et</span> <span class='ocrx_word' id='word_1_209' title='bbox 921 2408 998 2437; x_wconf 88' lang='lat' dir='ltr'>nos</span> <span class='ocrx_word' id='word_1_210' title='bbox 1016 2408 1140 2437; x_wconf 89' lang='lat' dir='ltr'>nosse</span> <span class='ocrx_word' id='word_1_211' title='bbox 1157 2394 1275 2452; x_wconf 89' lang='lat' dir='ltr'>prius</span> <span class='ocrx_word' id='word_1_212' title='bbox 1293 2394 1587 2453; x_wconf 88' lang='lat' dir='ltr'>captivitatem</span> <span class='ocrx_word' id='word_1_213' title='bbox 1600 2404 1806 2450; x_wconf 89' lang='lat' dir='ltr'>nostram,</span> <span class='ocrx_word' id='word_1_214' title='bbox 1849 2396 1851 2450; x_wconf 79' lang='lat' dir='ltr'>j</span> <span class='ocrx_word' id='word_1_215' title='bbox 1873 2409 1888 2436; x_wconf 51' lang='grc' dir='ltr'>ιζ</span> 
     </span>
    </p>
   </div>
   <div class='ocr_carea' id='block_1_8' title="bbox 1868 981 1878 1198">
    <p class='ocr_par' dir='ltr' id='par_1_8' title="bbox 1868 981 1878 1198">
     <span class='ocr_line' id='line_1_29' title="bbox 1869 981 1877 1055; baseline 0 -7"><span class='ocrx_word' id='word_1_216' title='bbox 1869 981 1877 1055; x_wconf 64' lang='grc' dir='ltr'><em>ἐ</em></span> 
     </span>
     <span class='ocr_line' id='line_1_30' title="bbox 1868 1077 1877 1123; baseline 0 0"><span class='ocrx_word' id='word_1_217' title='bbox 1868 1077 1877 1123; x_wconf 56' lang='lat' dir='ltr'>t</span> 
     </span>
     <span class='ocr_line' id='line_1_31' title="bbox 1868 1125 1878 1198; baseline 0 0"><span class='ocrx_word' id='word_1_218' title='bbox 1868 1125 1878 1198; x_wconf 59' lang='lat' dir='ltr'>t</span> 
     </span>
    </p>
   </div>
   <div class='ocr_carea' id='block_1_9' title="bbox 1866 1382 1879 1861">
    <p class='ocr_par' dir='ltr' id='par_1_9' title="bbox 1866 1382 1879 1861">
     <span class='ocr_line' id='line_1_32' title="bbox 1866 1382 1879 1861; textangle 90"><span class='ocrx_word' id='word_1_219' title='bbox 1876 1856 1877 1861; x_wconf 33' lang='grc' dir='ltr'><em>Α</em></span> <span class='ocrx_word' id='word_1_220' title='bbox 1867 1705 1878 1814; x_wconf 34' lang='grc' dir='ltr'>Α-ιᾼυ</span> <span class='ocrx_word' id='word_1_221' title='bbox 1876 1684 1877 1687; x_wconf 29' lang='grc' dir='ltr'><em>Α</em></span> <span class='ocrx_word' id='word_1_222' title='bbox 1868 1636 1878 1664; x_wconf 69' lang='grc'>-.’</span> <span class='ocrx_word' id='word_1_223' title='bbox 1866 1561 1877 1602; x_wconf 35' lang='grc' dir='ltr'>Αιᾼ</span> <span class='ocrx_word' id='word_1_224' title='bbox 1866 1382 1879 1535; x_wconf 27' lang='lat' dir='ltr'>*Ac-A*</span> 
     </span>
    </p>
   </div>
   <div class='ocr_carea' id='block_1_10' title="bbox 1852 1331 1857 2047">
    <p class='ocr_par' dir='ltr' id='par_1_10' title="bbox 1852 1331 1857 2047">
     <span class='ocr_line' id='line_1_33' title="bbox 1852 1331 1857 2047; baseline 0 0"><span class='ocrx_word' id='word_1_225' title='bbox 1852 1331 1857 2047; x_wconf 95' lang='lat' dir='ltr'> </span> 
     </span>
    </p>
   </div>
   <div class='ocr_carea' id='block_1_11' title="bbox 427 2478 1889 2585">
    <p class='ocr_par' dir='ltr' id='par_1_11' title="bbox 427 2478 1889 2585">
     <span class='ocr_line' id='line_1_34' title="bbox 471 2478 1889 2533; baseline 0.002 -13"><span class='ocrx_word' id='word_1_226' title='bbox 471 2495 480 2512; x_wconf 90' lang='lat'><em>¹</em></span> <span class='ocrx_word' id='word_1_227' title='bbox 498 2488 576 2521; x_wconf 87' lang='lat' dir='ltr'>Psal.</span> <span class='ocrx_word' id='word_1_228' title='bbox 596 2498 679 2530; x_wconf 76' lang='lat' dir='ltr'>mv,</span> <span class='ocrx_word' id='word_1_229' title='bbox 702 2499 730 2520; x_wconf 88' lang='lat'>1.</span> <span class='ocrx_word' id='word_1_230' title='bbox 760 2504 802 2511; x_wconf 92' lang='lat'>—·</span> <span class='ocrx_word' id='word_1_231' title='bbox 827 2494 840 2510; x_wconf 77' lang='lat'>²</span> <span class='ocrx_word' id='word_1_232' title='bbox 862 2486 880 2531; x_wconf 75' lang='grc'><em>4</em></span> <span class='ocrx_word' id='word_1_233' title='bbox 905 2489 983 2531; x_wconf 72' lang='lat' dir='ltr'>Reg.</span> <span class='ocrx_word' id='word_1_234' title='bbox 1009 2497 1093 2530; x_wconf 61' lang='lat' dir='ltr'>xxm,</span> <span class='ocrx_word' id='word_1_235' title='bbox 1113 2487 1167 2520; x_wconf 85' lang='lat'>25.</span> <span class='ocrx_word' id='word_1_236' title='bbox 1188 2504 1230 2512; x_wconf 92' lang='lat'><em>-</em></span> <span class='ocrx_word' id='word_1_237' title='bbox 1253 2486 1266 2512; x_wconf 80' lang='lat'>3</span> <span class='ocrx_word' id='word_1_238' title='bbox 1284 2489 1404 2522; x_wconf 85' lang='lat' dir='ltr'>Jerem.</span> <span class='ocrx_word' id='word_1_239' title='bbox 1426 2500 1500 2532; x_wconf 76' lang='lat' dir='ltr'>xxv,</span> <span class='ocrx_word' id='word_1_240' title='bbox 1526 2500 1577 2533; x_wconf 84' lang='lat'>11,</span> <span class='ocrx_word' id='word_1_241' title='bbox 1593 2494 1627 2522; x_wconf 89' lang='lat' dir='ltr'>et</span> <span class='ocrx_word' id='word_1_242' title='bbox 1651 2501 1736 2533; x_wconf 78' lang='lat' dir='ltr'>xxix,</span> <span class='ocrx_word' id='word_1_243' title='bbox 1754 2500 1806 2523; x_wconf 79' lang='grc' dir='ltr'>ιο.</span> <span class='ocrx_word' id='word_1_244' title='bbox 1848 2478 1851 2488; x_wconf 39' lang='lat'><strong><em>¹</em></strong></span> <span class='ocrx_word' id='word_1_245' title='bbox 1872 2491 1889 2502; x_wconf 61' lang='lat'>⁴⁴</span> 
     </span>
     <span class='ocr_line' id='line_1_35' title="bbox 427 2543 761 2585; baseline 0.006 -10"><span class='ocrx_word' id='word_1_246' title='bbox 427 2543 500 2575; x_wconf 66' lang='lat'>-4</span> <span class='ocrx_word' id='word_1_247' title='bbox 521 2552 534 2578; x_wconf 76' lang='grc'>1</span> <span class='ocrx_word' id='word_1_248' title='bbox 560 2547 633 2578; x_wconf 89' lang='lat' dir='ltr'>Cor.</span> <span class='ocrx_word' id='word_1_249' title='bbox 655 2555 688 2585; x_wconf 82' lang='lat' dir='ltr'>x,</span> <span class='ocrx_word' id='word_1_250' title='bbox 711 2555 761 2577; x_wconf 86' lang='lat'>11.</span> 
     </span>
    </p>
   </div>
  </div>
 </body>
</html>
