<?xml version="1.0" encoding="UTF-8"?>
<!DOCTYPE html PUBLIC "-//W3C//DTD XHTML 1.0 Transitional//EN"
    "http://www.w3.org/TR/xhtml1/DTD/xhtml1-transitional.dtd">
<html xmlns="http://www.w3.org/1999/xhtml" xml:lang="en" lang="en">
 <head>
  <title>
</title>
<meta http-equiv="Content-Type" content="text/html;charset=utf-8" />
  <meta name='ocr-system' content='tesseract 3.04.00' />
  <meta name='ocr-capabilities' content='ocr_page ocr_carea ocr_par ocr_line ocrx_word'/>
</head>
<body>
  <div class='ocr_page' id='page_1' title='image "./operaomniaaccura09auguuoft_0084.png"; bbox 0 0 1889 3285; ppageno 0'>
   <div class='ocr_carea' id='block_1_1' title="bbox 399 271 1342 313">
    <p class='ocr_par' dir='ltr' id='par_1_1' title="bbox 399 271 1342 313">
     <span class='ocr_line' id='line_1_1' title="bbox 399 271 1342 313; baseline -0.004 -1"><span class='ocrx_word' id='word_1_1' title='bbox 399 271 456 313; x_wconf 80' lang='lat'>74</span> <span class='ocrx_word' id='word_1_2' title='bbox 828 280 864 310; x_wconf 86' lang='lat' dir='ltr'>s.</span> <span class='ocrx_word' id='word_1_3' title='bbox 899 281 1130 311; x_wconf 72' lang='lat' dir='ltr'>Aucus-nm</span> <span class='ocrx_word' id='word_1_4' title='bbox 1161 281 1342 309; x_wconf 75' lang='lat' dir='ltr'>Emscom</span> 
     </span>
    </p>
   </div>
   <div class='ocr_carea' id='block_1_2' title="bbox 398 340 1880 456">
    <p class='ocr_par' dir='ltr' id='par_1_2' title="bbox 398 340 1880 456">
     <span class='ocr_line' id='line_1_2' title="bbox 398 340 1880 456; baseline -0.004 -61"><span class='ocrx_word' id='word_1_5' title='bbox 398 351 457 395; x_wconf 90' lang='lat' dir='ltr'>cis</span> <span class='ocrx_word' id='word_1_6' title='bbox 471 383 484 405; x_wconf 77' lang='lat'>‚</span> <span class='ocrx_word' id='word_1_7' title='bbox 507 363 682 409; x_wconf 89' lang='lat' dir='ltr'>prorsus</span> <span class='ocrx_word' id='word_1_8' title='bbox 698 363 851 394; x_wconf 85' lang='lat' dir='ltr'>verum</span> <span class='ocrx_word' id='word_1_9' title='bbox 872 347 999 404; x_wconf 83' lang='lat' dir='ltr'>dicis,</span> <span class='ocrx_word' id='word_1_10' title='bbox 1034 348 1151 392; x_wconf 88' lang='lat' dir='ltr'>canis</span> <span class='ocrx_word' id='word_1_11' title='bbox 1174 362 1255 407; x_wconf 85' lang='lat' dir='ltr'>ego</span> <span class='ocrx_word' id='word_1_12' title='bbox 1275 361 1388 391; x_wconf 85' lang='lat' dir='ltr'>sum.</span> <span class='ocrx_word' id='word_1_13' title='bbox 1413 364 1434 388; x_wconf 92' lang='lat'>«</span> <span class='ocrx_word' id='word_1_14' title='bbox 1457 345 1541 391; x_wconf 86' lang='lat' dir='ltr'>Sed</span> <span class='ocrx_word' id='word_1_15' title='bbox 1562 353 1606 390; x_wconf 90' lang='lat' dir='ltr'>et</span> <span class='ocrx_word' id='word_1_16' title='bbox 1625 359 1752 390; x_wconf 87' lang='lat' dir='ltr'>canes</span> <span class='ocrx_word' id='word_1_17' title='bbox 1767 377 1780 401; x_wconf 86' lang='lat'>‚</span> <span class='ocrx_word' id='word_1_18' title='bbox 1846 340 1848 347; x_wconf 75' lang='grc'><em>’</em></span> <span class='ocrx_word' id='word_1_19' title='bbox 1877 382 1880 456; x_wconf 57' lang='lat' dir='ltr'>i</span> 
     </span>
    </p>
   </div>
   <div class='ocr_carea' id='block_1_3' title="bbox 402 486 1881 542">
    <p class='ocr_par' dir='ltr' id='par_1_3' title="bbox 402 486 1881 542">
     <span class='ocr_line' id='line_1_3' title="bbox 402 486 1881 542; baseline -0.001 -8"><span class='ocrx_word' id='word_1_20' title='bbox 402 510 423 533; x_wconf 71' lang='lat'>&gt;2</span> <span class='ocrx_word' id='word_1_21' title='bbox 457 506 556 535; x_wconf 88' lang='lat' dir='ltr'>rum</span> <span class='ocrx_word' id='word_1_22' title='bbox 594 492 817 536; x_wconf 80' lang='lat' dir='ltr'>suorum1.</span> <span class='ocrx_word' id='word_1_23' title='bbox 849 509 869 532; x_wconf 90' lang='lat'>»</span> <span class='ocrx_word' id='word_1_24' title='bbox 900 493 957 535; x_wconf 88' lang='lat' dir='ltr'>Et</span> <span class='ocrx_word' id='word_1_25' title='bbox 982 489 1192 534; x_wconf 85' lang='lat' dir='ltr'>continuo</span> <span class='ocrx_word' id='word_1_26' title='bbox 1215 488 1426 534; x_wconf 87' lang='lat' dir='ltr'>Dominus</span> <span class='ocrx_word' id='word_1_27' title='bbox 1458 507 1468 532; x_wconf 71' lang='grc' dir='ltr'>ε</span> <span class='ocrx_word' id='word_1_28' title='bbox 1497 506 1517 529; x_wconf 93' lang='lat'>«</span> <span class='ocrx_word' id='word_1_29' title='bbox 1541 488 1580 531; x_wconf 91' lang='grc' dir='ltr'><strong>Ο</strong></span> <span class='ocrx_word' id='word_1_30' title='bbox 1609 487 1782 542; x_wconf 88' lang='lat' dir='ltr'>mulier,</span> <span class='ocrx_word' id='word_1_31' title='bbox 1848 486 1849 489; x_wconf 63' lang='grc'>’</span> <span class='ocrx_word' id='word_1_32' title='bbox 1878 521 1881 532; x_wconf 89' lang='grc'><em>.</em></span> 
     </span>
    </p>
   </div>
   <div class='ocr_carea' id='block_1_4' title="bbox 401 415 1784 480">
    <p class='ocr_par' dir='ltr' id='par_1_4' title="bbox 401 415 1784 480">
     <span class='ocr_line' id='line_1_4' title="bbox 401 415 1784 480; baseline -0.003 -17"><span class='ocrx_word' id='word_1_33' title='bbox 401 439 421 462; x_wconf 86' lang='grc'>»</span> <span class='ocrx_word' id='word_1_34' title='bbox 456 420 600 480; x_wconf 86' lang='lat' dir='ltr'>inquit</span> <span class='ocrx_word' id='word_1_35' title='bbox 615 454 626 475; x_wconf 86' lang='lat'><strong><em>‚</em></strong></span> <span class='ocrx_word' id='word_1_36' title='bbox 646 419 782 463; x_wconf 89' lang='lat' dir='ltr'>edunt</span> <span class='ocrx_word' id='word_1_37' title='bbox 804 418 859 463; x_wconf 90' lang='lat' dir='ltr'>de</span> <span class='ocrx_word' id='word_1_38' title='bbox 883 419 1004 463; x_wconf 92' lang='lat' dir='ltr'>micis</span> <span class='ocrx_word' id='word_1_39' title='bbox 1026 434 1125 478; x_wconf 85' lang='lat' dir='ltr'>quae</span> <span class='ocrx_word' id='word_1_40' title='bbox 1141 417 1306 462; x_wconf 89' lang='lat' dir='ltr'>cadunt</span> <span class='ocrx_word' id='word_1_41' title='bbox 1326 415 1381 461; x_wconf 90' lang='lat' dir='ltr'>de</span> <span class='ocrx_word' id='word_1_42' title='bbox 1407 431 1555 460; x_wconf 87' lang='lat' dir='ltr'>mensa</span> <span class='ocrx_word' id='word_1_43' title='bbox 1579 415 1784 460; x_wconf 89' lang='lat' dir='ltr'>domino-</span> 
     </span>
    </p>
   </div>
   <div class='ocr_carea' id='block_1_5' title="bbox 403 556 1787 692">
    <p class='ocr_par' dir='ltr' id='par_1_5' title="bbox 403 556 1787 692">
     <span class='ocr_line' id='line_1_5' title="bbox 403 556 1782 619; baseline -0.002 -16"><span class='ocrx_word' id='word_1_44' title='bbox 403 580 423 603; x_wconf 87' lang='lat'>»</span> <span class='ocrx_word' id='word_1_45' title='bbox 459 576 614 619; x_wconf 86' lang='lat' dir='ltr'>magna</span> <span class='ocrx_word' id='word_1_46' title='bbox 631 570 695 605; x_wconf 90' lang='lat' dir='ltr'>est</span> <span class='ocrx_word' id='word_1_47' title='bbox 715 561 822 605; x_wconf 86' lang='lat' dir='ltr'>fides</span> <span class='ocrx_word' id='word_1_48' title='bbox 839 564 956 605; x_wconf 69' lang='lat' dir='ltr'>tua‘2.</span> <span class='ocrx_word' id='word_1_49' title='bbox 976 578 996 601; x_wconf 86' lang='lat'>»</span> <span class='ocrx_word' id='word_1_50' title='bbox 1013 558 1282 604; x_wconf 86' lang='lat' dir='ltr'>Jamdudum</span> <span class='ocrx_word' id='word_1_51' title='bbox 1304 558 1442 611; x_wconf 82' lang='lat' dir='ltr'>canis,</span> <span class='ocrx_word' id='word_1_52' title='bbox 1466 556 1598 602; x_wconf 93' lang='lat' dir='ltr'>modo</span> <span class='ocrx_word' id='word_1_53' title='bbox 1608 556 1782 601; x_wconf 88' lang='lat' dir='ltr'>mulier.</span> 
     </span>
     <span class='ocr_line' id='line_1_6' title="bbox 403 628 1787 692; baseline -0.004 -15"><span class='ocrx_word' id='word_1_54' title='bbox 403 632 528 678; x_wconf 83' lang='lat' dir='ltr'>Unde</span> <span class='ocrx_word' id='word_1_55' title='bbox 547 634 638 692; x_wconf 85' lang='lat' dir='ltr'>jam</span> <span class='ocrx_word' id='word_1_56' title='bbox 659 632 816 676; x_wconf 88' lang='lat' dir='ltr'>mulier</span> <span class='ocrx_word' id='word_1_57' title='bbox 837 648 936 692; x_wconf 85' lang='lat' dir='ltr'>quae</span> <span class='ocrx_word' id='word_1_58' title='bbox 959 631 1090 691; x_wconf 90' lang='lat' dir='ltr'>paulo</span> <span class='ocrx_word' id='word_1_59' title='bbox 1114 640 1214 675; x_wconf 86' lang='lat' dir='ltr'>ante</span> <span class='ocrx_word' id='word_1_60' title='bbox 1238 630 1384 674; x_wconf 76' lang='lat' dir='ltr'>canis?</span> <span class='ocrx_word' id='word_1_61' title='bbox 1415 628 1679 674; x_wconf 88' lang='lat' dir='ltr'>Confitendo</span> <span class='ocrx_word' id='word_1_62' title='bbox 1701 629 1787 672; x_wconf 92' lang='lat' dir='ltr'>hu-</span> 
     </span>
    </p>
   </div>
   <div class='ocr_carea' id='block_1_6' title="bbox 401 701 1882 763">
    <p class='ocr_par' dir='ltr' id='par_1_6' title="bbox 401 701 1882 763">
     <span class='ocr_line' id='line_1_7' title="bbox 401 701 1882 763; baseline -0.001 -17"><span class='ocrx_word' id='word_1_63' title='bbox 401 702 576 758; x_wconf 81' lang='lat' dir='ltr'>militer,</span> <span class='ocrx_word' id='word_1_64' title='bbox 601 718 690 747; x_wconf 90' lang='lat' dir='ltr'>non</span> <span class='ocrx_word' id='word_1_65' title='bbox 712 702 963 762; x_wconf 85' lang='lat' dir='ltr'>repellendo</span> <span class='ocrx_word' id='word_1_66' title='bbox 985 702 1106 763; x_wconf 83' lang='lat' dir='ltr'>quod</span> <span class='ocrx_word' id='word_1_67' title='bbox 1127 718 1150 746; x_wconf 91' lang='lat' dir='ltr'>a</span> <span class='ocrx_word' id='word_1_68' title='bbox 1170 703 1355 747; x_wconf 91' lang='lat' dir='ltr'>Domino</span> <span class='ocrx_word' id='word_1_69' title='bbox 1368 701 1535 746; x_wconf 89' lang='lat' dir='ltr'>dictum</span> <span class='ocrx_word' id='word_1_70' title='bbox 1548 710 1654 746; x_wconf 85' lang='lat' dir='ltr'>erat.</span> <span class='ocrx_word' id='word_1_71' title='bbox 1671 703 1788 759; x_wconf 85' lang='lat' dir='ltr'>Ergo</span> <span class='ocrx_word' id='word_1_72' title='bbox 1850 703 1851 745; x_wconf 78' lang='lat'><em>3</em></span> <span class='ocrx_word' id='word_1_73' title='bbox 1880 715 1882 719; x_wconf 90' lang='lat'>·</span> 
     </span>
    </p>
   </div>
   <div class='ocr_carea' id='block_1_7' title="bbox 403 771 1851 828">
    <p class='ocr_par' dir='ltr' id='par_1_7' title="bbox 403 771 1851 828">
     <span class='ocr_line' id='line_1_8' title="bbox 403 771 1851 828; baseline -0.001 -12"><span class='ocrx_word' id='word_1_74' title='bbox 403 774 562 817; x_wconf 83' lang='lat' dir='ltr'><strong>Gentes</strong></span> <span class='ocrx_word' id='word_1_75' title='bbox 584 788 732 828; x_wconf 83' lang='lat' dir='ltr'>canes,</span> <span class='ocrx_word' id='word_1_76' title='bbox 757 782 799 817; x_wconf 89' lang='lat' dir='ltr'>et</span> <span class='ocrx_word' id='word_1_77' title='bbox 813 773 912 818; x_wconf 88' lang='lat' dir='ltr'>ideo</span> <span class='ocrx_word' id='word_1_78' title='bbox 929 773 1179 817; x_wconf 82' lang='lat' dir='ltr'>esurientes.</span> <span class='ocrx_word' id='word_1_79' title='bbox 1201 776 1373 817; x_wconf 88' lang='lat' dir='ltr'>Bonum</span> <span class='ocrx_word' id='word_1_80' title='bbox 1394 780 1511 816; x_wconf 88' lang='lat' dir='ltr'>estet</span> <span class='ocrx_word' id='word_1_81' title='bbox 1532 771 1716 826; x_wconf 82' lang='lat' dir='ltr'>Judaeis,</span> <span class='ocrx_word' id='word_1_82' title='bbox 1739 779 1790 815; x_wconf 87' lang='lat' dir='ltr'>ut</span> <span class='ocrx_word' id='word_1_83' title='bbox 1850 776 1851 783; x_wconf 76' lang='grc'>’</span> 
     </span>
    </p>
   </div>
   <div class='ocr_carea' id='block_1_8' title="bbox 401 841 1793 1186">
    <p class='ocr_par' dir='ltr' id='par_1_8' title="bbox 401 841 1793 1186">
     <span class='ocr_line' id='line_1_9' title="bbox 403 841 1791 902; baseline -0.001 -16"><span class='ocrx_word' id='word_1_84' title='bbox 403 852 637 901; x_wconf 85' lang='lat' dir='ltr'>agnoscant</span> <span class='ocrx_word' id='word_1_85' title='bbox 653 858 696 886; x_wconf 94' lang='lat' dir='ltr'>se</span> <span class='ocrx_word' id='word_1_86' title='bbox 718 853 965 902; x_wconf 80' lang='lat' dir='ltr'>peccatores</span> <span class='ocrx_word' id='word_1_87' title='bbox 983 864 994 901; x_wconf 81' lang='lat'><em>3</em></span> <span class='ocrx_word' id='word_1_88' title='bbox 1018 852 1061 888; x_wconf 88' lang='lat' dir='ltr'>et</span> <span class='ocrx_word' id='word_1_89' title='bbox 1082 841 1184 887; x_wconf 88' lang='lat' dir='ltr'>licet</span> <span class='ocrx_word' id='word_1_90' title='bbox 1204 841 1260 886; x_wconf 89' lang='lat' dir='ltr'>ad</span> <span class='ocrx_word' id='word_1_91' title='bbox 1274 856 1498 902; x_wconf 87' lang='lat' dir='ltr'>vesperam</span> <span class='ocrx_word' id='word_1_92' title='bbox 1509 877 1520 897; x_wconf 89' lang='lat'>‚</span> <span class='ocrx_word' id='word_1_93' title='bbox 1536 849 1791 886; x_wconf 85' lang='lat' dir='ltr'>convertan-</span> 
     </span>
     <span class='ocr_line' id='line_1_10' title="bbox 401 911 1790 974; baseline 0.001 -18"><span class='ocrx_word' id='word_1_94' title='bbox 401 922 504 971; x_wconf 79' lang='lat' dir='ltr'>tur3</span> <span class='ocrx_word' id='word_1_95' title='bbox 538 922 583 958; x_wconf 87' lang='lat' dir='ltr'>et</span> <span class='ocrx_word' id='word_1_96' title='bbox 613 912 772 958; x_wconf 85' lang='lat' dir='ltr'>famem</span> <span class='ocrx_word' id='word_1_97' title='bbox 798 915 1020 974; x_wconf 88' lang='lat' dir='ltr'>patiantur</span> <span class='ocrx_word' id='word_1_98' title='bbox 1051 923 1102 958; x_wconf 89' lang='lat' dir='ltr'>ut</span> <span class='ocrx_word' id='word_1_99' title='bbox 1122 929 1264 958; x_wconf 90' lang='lat' dir='ltr'>canes.</span> <span class='ocrx_word' id='word_1_100' title='bbox 1297 916 1406 959; x_wconf 87' lang='lat' dir='ltr'>Nam</span> <span class='ocrx_word' id='word_1_101' title='bbox 1438 911 1552 957; x_wconf 89' lang='lat' dir='ltr'>male</span> <span class='ocrx_word' id='word_1_102' title='bbox 1574 920 1790 958; x_wconf 86' lang='lat' dir='ltr'>saturatus</span> 
     </span>
     <span class='ocr_line' id='line_1_11' title="bbox 402 982 1791 1045; baseline -0.001 -18"><span class='ocrx_word' id='word_1_103' title='bbox 402 992 494 1027; x_wconf 89' lang='lat' dir='ltr'>erat</span> <span class='ocrx_word' id='word_1_104' title='bbox 514 983 587 1027; x_wconf 88' lang='lat' dir='ltr'>ille</span> <span class='ocrx_word' id='word_1_105' title='bbox 603 984 681 1044; x_wconf 89' lang='lat' dir='ltr'>qui</span> <span class='ocrx_word' id='word_1_106' title='bbox 702 983 899 1029; x_wconf 88' lang='lat' dir='ltr'>dicebat:</span> <span class='ocrx_word' id='word_1_107' title='bbox 919 986 1114 1045; x_wconf 88' lang='lat' dir='ltr'>«Jejuno</span> <span class='ocrx_word' id='word_1_108' title='bbox 1136 984 1204 1028; x_wconf 92' lang='lat' dir='ltr'>bis</span> <span class='ocrx_word' id='word_1_109' title='bbox 1224 985 1272 1027; x_wconf 92' lang='lat' dir='ltr'>in</span> <span class='ocrx_word' id='word_1_110' title='bbox 1287 983 1483 1028; x_wconf 86' lang='lat' dir='ltr'>sabbato.</span> <span class='ocrx_word' id='word_1_111' title='bbox 1503 1000 1524 1024; x_wconf 84' lang='lat'>»</span> <span class='ocrx_word' id='word_1_112' title='bbox 1547 982 1627 1027; x_wconf 88' lang='lat' dir='ltr'>Ille</span> <span class='ocrx_word' id='word_1_113' title='bbox 1644 991 1791 1026; x_wconf 89' lang='lat' dir='ltr'>autem</span> 
     </span>
     <span class='ocr_line' id='line_1_12' title="bbox 402 1051 1791 1114; baseline -0.001 -17"><span class='ocrx_word' id='word_1_114' title='bbox 402 1052 662 1113; x_wconf 88' lang='lat' dir='ltr'>publicanus</span> <span class='ocrx_word' id='word_1_115' title='bbox 676 1054 793 1098; x_wconf 89' lang='lat' dir='ltr'>canis</span> <span class='ocrx_word' id='word_1_116' title='bbox 816 1063 908 1099; x_wconf 85' lang='lat' dir='ltr'>erat</span> <span class='ocrx_word' id='word_1_117' title='bbox 924 1090 934 1109; x_wconf 85' lang='lat'>‚</span> <span class='ocrx_word' id='word_1_118' title='bbox 959 1054 1122 1099; x_wconf 90' lang='lat' dir='ltr'>famem</span> <span class='ocrx_word' id='word_1_119' title='bbox 1138 1053 1308 1114; x_wconf 88' lang='lat' dir='ltr'>patiens</span> <span class='ocrx_word' id='word_1_120' title='bbox 1323 1074 1334 1111; x_wconf 81' lang='lat'>3</span> <span class='ocrx_word' id='word_1_121' title='bbox 1355 1062 1399 1097; x_wconf 88' lang='lat' dir='ltr'>et</span> <span class='ocrx_word' id='word_1_122' title='bbox 1413 1051 1515 1096; x_wconf 89' lang='lat' dir='ltr'>inde</span> <span class='ocrx_word' id='word_1_123' title='bbox 1528 1052 1791 1096; x_wconf 88' lang='lat' dir='ltr'>beneficium</span> 
     </span>
     <span class='ocr_line' id='line_1_13' title="bbox 402 1123 1793 1186; baseline -0.001 -17"><span class='ocrx_word' id='word_1_124' title='bbox 402 1124 576 1169; x_wconf 89' lang='lat' dir='ltr'>Domini</span> <span class='ocrx_word' id='word_1_125' title='bbox 599 1125 831 1181; x_wconf 83' lang='lat' dir='ltr'>esuriebat,</span> <span class='ocrx_word' id='word_1_126' title='bbox 857 1127 933 1186; x_wconf 89' lang='lat' dir='ltr'>qui</span> <span class='ocrx_word' id='word_1_127' title='bbox 954 1125 1149 1170; x_wconf 86' lang='lat' dir='ltr'>dicebat:</span> <span class='ocrx_word' id='word_1_128' title='bbox 1169 1144 1190 1167; x_wconf 88' lang='lat'>«</span> <span class='ocrx_word' id='word_1_129' title='bbox 1212 1124 1428 1184; x_wconf 86' lang='lat' dir='ltr'>Propitius</span> <span class='ocrx_word' id='word_1_130' title='bbox 1447 1132 1538 1168; x_wconf 89' lang='lat' dir='ltr'>esto</span> <span class='ocrx_word' id='word_1_131' title='bbox 1559 1123 1666 1167; x_wconf 92' lang='lat' dir='ltr'>mihi</span> <span class='ocrx_word' id='word_1_132' title='bbox 1688 1138 1793 1183; x_wconf 90' lang='lat' dir='ltr'>pec—</span> 
     </span>
    </p>
   </div>
   <div class='ocr_carea' id='block_1_9' title="bbox 405 1187 1857 1818">
    <p class='ocr_par' dir='ltr' id='par_1_9' title="bbox 405 1187 1857 1818">
     <span class='ocr_line' id='line_1_14' title="bbox 406 1187 1854 1254; baseline -0.001 -18"><span class='ocrx_word' id='word_1_133' title='bbox 406 1212 427 1235; x_wconf 89' lang='lat'>»</span> <span class='ocrx_word' id='word_1_134' title='bbox 461 1195 596 1238; x_wconf 87' lang='lat' dir='ltr'>catori</span> <span class='ocrx_word' id='word_1_135' title='bbox 611 1196 644 1238; x_wconf 81' lang='lat'>3.</span> <span class='ocrx_word' id='word_1_136' title='bbox 668 1197 991 1240; x_wconf 84' lang='lat' dir='ltr'>Convertantur</span> <span class='ocrx_word' id='word_1_137' title='bbox 1013 1211 1114 1254; x_wconf 85' lang='lat' dir='ltr'>ergo</span> <span class='ocrx_word' id='word_1_138' title='bbox 1147 1204 1191 1239; x_wconf 88' lang='lat' dir='ltr'>et</span> <span class='ocrx_word' id='word_1_139' title='bbox 1222 1194 1285 1238; x_wconf 89' lang='lat' dir='ltr'>illi</span> <span class='ocrx_word' id='word_1_140' title='bbox 1307 1193 1364 1238; x_wconf 88' lang='lat' dir='ltr'>ad</span> <span class='ocrx_word' id='word_1_141' title='bbox 1383 1208 1608 1253; x_wconf 85' lang='lat' dir='ltr'>vesperam</span> <span class='ocrx_word' id='word_1_142' title='bbox 1623 1228 1634 1248; x_wconf 84' lang='lat'>,</span> <span class='ocrx_word' id='word_1_143' title='bbox 1659 1202 1704 1237; x_wconf 91' lang='lat' dir='ltr'>et</span> <span class='ocrx_word' id='word_1_144' title='bbox 1722 1192 1792 1237; x_wconf 86' lang='lat' dir='ltr'>fa·</span> <span class='ocrx_word' id='word_1_145' title='bbox 1852 1187 1854 1234; x_wconf 71' lang='grc' dir='ltr'>ἶ</span> 
     </span>
     <span class='ocr_line' id='line_1_15' title="bbox 407 1264 1854 1336; baseline 0.002 -29"><span class='ocrx_word' id='word_1_146' title='bbox 407 1282 428 1306; x_wconf 85' lang='grc'>))</span> <span class='ocrx_word' id='word_1_147' title='bbox 463 1280 578 1308; x_wconf 90' lang='lat' dir='ltr'>mem</span> <span class='ocrx_word' id='word_1_148' title='bbox 599 1266 823 1324; x_wconf 87' lang='lat' dir='ltr'>patiantur</span> <span class='ocrx_word' id='word_1_149' title='bbox 838 1276 889 1311; x_wconf 90' lang='lat' dir='ltr'>ut</span> <span class='ocrx_word' id='word_1_150' title='bbox 910 1282 1052 1311; x_wconf 89' lang='lat' dir='ltr'>canes.</span> <span class='ocrx_word' id='word_1_151' title='bbox 1076 1285 1096 1308; x_wconf 91' lang='lat'>»</span> <span class='ocrx_word' id='word_1_152' title='bbox 1123 1265 1379 1311; x_wconf 73' lang='lat' dir='ltr'>Desidet-ent</span> <span class='ocrx_word' id='word_1_153' title='bbox 1401 1264 1582 1324; x_wconf 83' lang='lat' dir='ltr'>gratiam</span> <span class='ocrx_word' id='word_1_154' title='bbox 1604 1265 1699 1319; x_wconf 83' lang='lat' dir='ltr'>Dei,</span> <span class='ocrx_word' id='word_1_155' title='bbox 1726 1265 1794 1310; x_wconf 91' lang='lat' dir='ltr'>in-</span> <span class='ocrx_word' id='word_1_156' title='bbox 1853 1305 1854 1336; x_wconf 30' lang='grc' dir='ltr'><strong>ἶ</strong></span> 
     </span>
     <span class='ocr_line' id='line_1_16' title="bbox 406 1333 1854 1396; baseline -0.001 -17"><span class='ocrx_word' id='word_1_157' title='bbox 406 1334 602 1394; x_wconf 84' lang='lat' dir='ltr'>telligant</span> <span class='ocrx_word' id='word_1_158' title='bbox 622 1352 666 1380; x_wconf 89' lang='lat' dir='ltr'>se</span> <span class='ocrx_word' id='word_1_159' title='bbox 684 1346 930 1396; x_wconf 84' lang='lat' dir='ltr'>peccatores</span> <span class='ocrx_word' id='word_1_160' title='bbox 952 1357 961 1381; x_wconf 76' lang='lat' dir='ltr'><strong><em>z</em></strong></span> <span class='ocrx_word' id='word_1_161' title='bbox 980 1336 1111 1381; x_wconf 87' lang='lat' dir='ltr'>fortes</span> <span class='ocrx_word' id='word_1_162' title='bbox 1134 1336 1198 1380; x_wconf 86' lang='lat' dir='ltr'>illi</span> <span class='ocrx_word' id='word_1_163' title='bbox 1217 1336 1325 1379; x_wconf 88' lang='lat' dir='ltr'>fiant</span> <span class='ocrx_word' id='word_1_164' title='bbox 1344 1335 1504 1379; x_wconf 88' lang='lat' dir='ltr'>infirmi</span> <span class='ocrx_word' id='word_1_165' title='bbox 1521 1369 1532 1389; x_wconf 84' lang='lat'>‚</span> <span class='ocrx_word' id='word_1_166' title='bbox 1555 1334 1710 1379; x_wconf 88' lang='lat' dir='ltr'>divites</span> <span class='ocrx_word' id='word_1_167' title='bbox 1730 1333 1795 1379; x_wconf 93' lang='lat' dir='ltr'>illi</span> <span class='ocrx_word' id='word_1_168' title='bbox 1853 1373 1854 1396; x_wconf 23' lang='grc' dir='ltr'>ἶ</span> 
     </span>
     <span class='ocr_line' id='line_1_17' title="bbox 406 1404 1794 1467; baseline 0 -18"><span class='ocrx_word' id='word_1_169' title='bbox 406 1406 513 1450; x_wconf 88' lang='lat' dir='ltr'>fiant</span> <span class='ocrx_word' id='word_1_170' title='bbox 533 1421 766 1466; x_wconf 83' lang='lat' dir='ltr'>paupereS‚</span> <span class='ocrx_word' id='word_1_171' title='bbox 788 1408 894 1467; x_wconf 84' lang='lat' dir='ltr'>justi</span> <span class='ocrx_word' id='word_1_172' title='bbox 920 1407 984 1451; x_wconf 88' lang='lat' dir='ltr'>illi</span> <span class='ocrx_word' id='word_1_173' title='bbox 1012 1416 1247 1466; x_wconf 87' lang='lat' dir='ltr'>agnoscant</span> <span class='ocrx_word' id='word_1_174' title='bbox 1281 1421 1325 1450; x_wconf 89' lang='lat' dir='ltr'>se</span> <span class='ocrx_word' id='word_1_175' title='bbox 1352 1415 1622 1465; x_wconf 78' lang='lat' dir='ltr'>peccatores,</span> <span class='ocrx_word' id='word_1_176' title='bbox 1646 1404 1794 1450; x_wconf 88' lang='lat' dir='ltr'>leones</span> 
     </span>
     <span class='ocr_line' id='line_1_18' title="bbox 405 1470 1855 1535; baseline -0.001 -15"><span class='ocrx_word' id='word_1_177' title='bbox 405 1473 468 1520; x_wconf 82' lang='lat' dir='ltr'>issi</span> <span class='ocrx_word' id='word_1_178' title='bbox 490 1490 616 1520; x_wconf 89' lang='lat' dir='ltr'>canes</span> <span class='ocrx_word' id='word_1_179' title='bbox 632 1477 754 1521; x_wconf 88' lang='lat' dir='ltr'>fiant.</span> <span class='ocrx_word' id='word_1_180' title='bbox 780 1496 799 1519; x_wconf 87' lang='lat'>«</span> <span class='ocrx_word' id='word_1_181' title='bbox 815 1480 1138 1522; x_wconf 82' lang='lat' dir='ltr'>Convertamur</span> <span class='ocrx_word' id='word_1_182' title='bbox 1153 1475 1208 1520; x_wconf 89' lang='lat' dir='ltr'>ad</span> <span class='ocrx_word' id='word_1_183' title='bbox 1229 1491 1470 1535; x_wconf 83' lang='lat' dir='ltr'>vesperam,</span> <span class='ocrx_word' id='word_1_184' title='bbox 1486 1484 1530 1519; x_wconf 90' lang='lat' dir='ltr'>et</span> <span class='ocrx_word' id='word_1_185' title='bbox 1547 1474 1795 1534; x_wconf 86' lang='lat' dir='ltr'>famempa-</span> <span class='ocrx_word' id='word_1_186' title='bbox 1854 1470 1855 1512; x_wconf 62' lang='grc' dir='ltr'><strong>ἓ</strong></span> 
     </span>
     <span class='ocr_line' id='line_1_19' title="bbox 409 1545 1855 1605; baseline 0.002 -19"><span class='ocrx_word' id='word_1_187' title='bbox 409 1563 430 1586; x_wconf 84' lang='lat'>»</span> <span class='ocrx_word' id='word_1_188' title='bbox 466 1545 629 1590; x_wconf 82' lang='lat' dir='ltr'>tiantur</span> <span class='ocrx_word' id='word_1_189' title='bbox 655 1556 705 1590; x_wconf 90' lang='lat' dir='ltr'>ut</span> <span class='ocrx_word' id='word_1_190' title='bbox 732 1562 873 1591; x_wconf 86' lang='lat' dir='ltr'>canes.</span> <span class='ocrx_word' id='word_1_191' title='bbox 911 1550 969 1591; x_wconf 91' lang='lat' dir='ltr'>Et</span> <span class='ocrx_word' id='word_1_192' title='bbox 1000 1547 1295 1591; x_wconf 88' lang='lat' dir='ltr'>circumibunt</span> <span class='ocrx_word' id='word_1_193' title='bbox 1326 1546 1561 1590; x_wconf 87' lang='lat' dir='ltr'>civitatem.</span> <span class='ocrx_word' id='word_1_194' title='bbox 1600 1562 1620 1586; x_wconf 91' lang='lat'>»</span> <span class='ocrx_word' id='word_1_195' title='bbox 1653 1547 1795 1598; x_wconf 88' lang='lat' dir='ltr'>Quam</span> <span class='ocrx_word' id='word_1_196' title='bbox 1854 1577 1855 1605; x_wconf 68' lang='lat'>3</span> 
     </span>
     <span class='ocr_line' id='line_1_20' title="bbox 405 1615 1856 1677; baseline -0.001 -17"><span class='ocrx_word' id='word_1_197' title='bbox 405 1615 657 1660; x_wconf 77' lang='lat' dir='ltr'>civitatem?</span> <span class='ocrx_word' id='word_1_198' title='bbox 678 1617 894 1662; x_wconf 90' lang='lat' dir='ltr'>Mundum</span> <span class='ocrx_word' id='word_1_199' title='bbox 918 1618 1064 1672; x_wconf 80' lang='lat' dir='ltr'>istum,</span> <span class='ocrx_word' id='word_1_200' title='bbox 1092 1632 1224 1677; x_wconf 88' lang='lat' dir='ltr'>quem</span> <span class='ocrx_word' id='word_1_201' title='bbox 1253 1616 1517 1677; x_wconf 88' lang='lat' dir='ltr'>quibusdam</span> <span class='ocrx_word' id='word_1_202' title='bbox 1539 1615 1644 1660; x_wconf 87' lang='lat' dir='ltr'>locis</span> <span class='ocrx_word' id='word_1_203' title='bbox 1667 1623 1795 1660; x_wconf 88' lang='lat' dir='ltr'>vocat</span> <span class='ocrx_word' id='word_1_204' title='bbox 1854 1623 1856 1660; x_wconf 78' lang='lat'>3</span> 
     </span>
     <span class='ocr_line' id='line_1_21' title="bbox 410 1685 1857 1746; baseline -0.001 -15"><span class='ocrx_word' id='word_1_205' title='bbox 410 1686 631 1746; x_wconf 81' lang='lat' dir='ltr'>Scriptura</span> <span class='ocrx_word' id='word_1_206' title='bbox 653 1688 871 1732; x_wconf 86' lang='lat' dir='ltr'>civitatem</span> <span class='ocrx_word' id='word_1_207' title='bbox 892 1688 1228 1733; x_wconf 80' lang='lat' dir='ltr'>circumstantiae</span> <span class='ocrx_word' id='word_1_208' title='bbox 1241 1687 1256 1711; x_wconf 70' lang='lat'><strong>⁴</strong></span> <span class='ocrx_word' id='word_1_209' title='bbox 1279 1706 1288 1730; x_wconf 78' lang='lat' dir='ltr'><em>z</em></span> <span class='ocrx_word' id='word_1_210' title='bbox 1307 1687 1353 1730; x_wconf 91' lang='lat' dir='ltr'>id</span> <span class='ocrx_word' id='word_1_211' title='bbox 1366 1695 1450 1741; x_wconf 83' lang='lat' dir='ltr'>est⁷</span> <span class='ocrx_word' id='word_1_212' title='bbox 1471 1686 1572 1746; x_wconf 87' lang='lat' dir='ltr'>quia</span> <span class='ocrx_word' id='word_1_213' title='bbox 1591 1686 1637 1730; x_wconf 92' lang='lat' dir='ltr'>in</span> <span class='ocrx_word' id='word_1_214' title='bbox 1652 1685 1794 1730; x_wconf 87' lang='lat' dir='ltr'>omni·</span> <span class='ocrx_word' id='word_1_215' title='bbox 1855 1706 1857 1712; x_wconf 39' lang='lat'>⁸</span> 
     </span>
     <span class='ocr_line' id='line_1_22' title="bbox 407 1755 1857 1818; baseline 0.001 -19"><span class='ocrx_word' id='word_1_216' title='bbox 407 1756 488 1800; x_wconf 89' lang='lat' dir='ltr'>bus</span> <span class='ocrx_word' id='word_1_217' title='bbox 511 1757 712 1814; x_wconf 88' lang='lat' dir='ltr'>gentibus</span> <span class='ocrx_word' id='word_1_218' title='bbox 734 1758 929 1818; x_wconf 90' lang='lat' dir='ltr'>undique</span> <span class='ocrx_word' id='word_1_219' title='bbox 957 1755 1297 1802; x_wconf 82' lang='lat' dir='ltr'>circumfuderat</span> <span class='ocrx_word' id='word_1_220' title='bbox 1317 1755 1507 1801; x_wconf 91' lang='lat' dir='ltr'>mundus</span> <span class='ocrx_word' id='word_1_221' title='bbox 1528 1772 1662 1800; x_wconf 90' lang='lat' dir='ltr'>unam</span> <span class='ocrx_word' id='word_1_222' title='bbox 1686 1772 1794 1815; x_wconf 85' lang='lat' dir='ltr'>gen-</span> <span class='ocrx_word' id='word_1_223' title='bbox 1855 1785 1857 1789; x_wconf 86' lang='lat'><em>.</em></span> 
     </span>
    </p>
   </div>
   <div class='ocr_carea' id='block_1_10' title="bbox 407 1826 1793 1886">
    <p class='ocr_par' dir='ltr' id='par_1_10' title="bbox 407 1826 1793 1886">
     <span class='ocr_line' id='line_1_23' title="bbox 407 1826 1793 1886; baseline 0.001 -16"><span class='ocrx_word' id='word_1_224' title='bbox 407 1836 496 1871; x_wconf 90' lang='lat' dir='ltr'>tem</span> <span class='ocrx_word' id='word_1_225' title='bbox 519 1827 773 1872; x_wconf 83' lang='lat' dir='ltr'>Judaeorum</span> <span class='ocrx_word' id='word_1_226' title='bbox 787 1863 798 1883; x_wconf 84' lang='lat'>‚</span> <span class='ocrx_word' id='word_1_227' title='bbox 824 1829 902 1872; x_wconf 92' lang='lat' dir='ltr'>ubi</span> <span class='ocrx_word' id='word_1_228' title='bbox 919 1827 1019 1872; x_wconf 89' lang='lat' dir='ltr'>talia</span> <span class='ocrx_word' id='word_1_229' title='bbox 1038 1827 1314 1882; x_wconf 87' lang='lat' dir='ltr'>dicebantur,</span> <span class='ocrx_word' id='word_1_230' title='bbox 1340 1835 1383 1870; x_wconf 88' lang='lat' dir='ltr'>et</span> <span class='ocrx_word' id='word_1_231' title='bbox 1404 1826 1708 1886; x_wconf 88' lang='lat' dir='ltr'>appellabatur</span> <span class='ocrx_word' id='word_1_232' title='bbox 1729 1827 1793 1872; x_wconf 67' lang='lat' dir='ltr'>cim</span> 
     </span>
    </p>
   </div>
   <div class='ocr_carea' id='block_1_11' title="bbox 407 1897 1859 2170">
    <p class='ocr_par' dir='ltr' id='par_1_11' title="bbox 407 1897 1859 2170">
     <span class='ocr_line' id='line_1_24' title="bbox 408 1897 1857 1958; baseline 0.001 -17"><span class='ocrx_word' id='word_1_233' title='bbox 408 1898 514 1942; x_wconf 89' lang='lat' dir='ltr'>vitas</span> <span class='ocrx_word' id='word_1_234' title='bbox 535 1898 884 1943; x_wconf 69' lang='lat' dir='ltr'>circumstantiae.</span> <span class='ocrx_word' id='word_1_235' title='bbox 911 1902 1041 1943; x_wconf 89' lang='lat' dir='ltr'>Istam</span> <span class='ocrx_word' id='word_1_236' title='bbox 1060 1898 1279 1943; x_wconf 87' lang='lat' dir='ltr'>civitatem</span> <span class='ocrx_word' id='word_1_237' title='bbox 1307 1897 1601 1942; x_wconf 89' lang='lat' dir='ltr'>circumibunt</span> <span class='ocrx_word' id='word_1_238' title='bbox 1625 1897 1688 1941; x_wconf 89' lang='lat' dir='ltr'>illi</span> <span class='ocrx_word' id='word_1_239' title='bbox 1703 1899 1795 1958; x_wconf 87' lang='lat' dir='ltr'>jam</span> <span class='ocrx_word' id='word_1_240' title='bbox 1856 1946 1857 1951; x_wconf 41' lang='lat'>,</span> 
     </span>
     <span class='ocr_line' id='line_1_25' title="bbox 408 1966 1858 2028; baseline 0 -16"><span class='ocrx_word' id='word_1_241' title='bbox 408 1983 535 2012; x_wconf 87' lang='lat' dir='ltr'>canes</span> <span class='ocrx_word' id='word_1_242' title='bbox 562 1967 663 2012; x_wconf 88' lang='lat' dir='ltr'>facti</span> <span class='ocrx_word' id='word_1_243' title='bbox 685 1969 935 2013; x_wconf 83' lang='lat' dir='ltr'>esurientes.</span> <span class='ocrx_word' id='word_1_244' title='bbox 969 1967 1202 2022; x_wconf 86' lang='lat' dir='ltr'>Quomodo</span> <span class='ocrx_word' id='word_1_245' title='bbox 1235 1968 1532 2012; x_wconf 87' lang='lat' dir='ltr'>circumibunt</span> <span class='ocrx_word' id='word_1_246' title='bbox 1553 1969 1572 2010; x_wconf 82' lang='lat'>‘?</span> <span class='ocrx_word' id='word_1_247' title='bbox 1592 1966 1794 2028; x_wconf 61' lang='lat' dir='ltr'>Evange‘-</span> <span class='ocrx_word' id='word_1_248' title='bbox 1856 2004 1858 2028; x_wconf 72' lang='lat'>3</span> 
     </span>
     <span class='ocr_line' id='line_1_26' title="bbox 407 2031 1858 2099; baseline 0.001 -17"><span class='ocrx_word' id='word_1_249' title='bbox 407 2037 593 2083; x_wconf 83' lang='lat' dir='ltr'>lizando.</span> <span class='ocrx_word' id='word_1_250' title='bbox 623 2037 776 2083; x_wconf 82' lang='lat' dir='ltr'>Saulus</span> <span class='ocrx_word' id='word_1_251' title='bbox 794 2054 846 2082; x_wconf 84' lang='lat' dir='ltr'>ex</span> <span class='ocrx_word' id='word_1_252' title='bbox 868 2038 974 2099; x_wconf 90' lang='lat' dir='ltr'>lupo</span> <span class='ocrx_word' id='word_1_253' title='bbox 996 2039 1114 2083; x_wconf 83' lang='lat' dir='ltr'>canis</span> <span class='ocrx_word' id='word_1_254' title='bbox 1135 2038 1275 2083; x_wconf 86' lang='lat' dir='ltr'>factus</span> <span class='ocrx_word' id='word_1_255' title='bbox 1292 2047 1355 2082; x_wconf 91' lang='lat' dir='ltr'>est</span> <span class='ocrx_word' id='word_1_256' title='bbox 1375 2038 1432 2083; x_wconf 88' lang='lat' dir='ltr'>ad</span> <span class='ocrx_word' id='word_1_257' title='bbox 1453 2053 1673 2098; x_wconf 87' lang='lat' dir='ltr'>vesperam</span> <span class='ocrx_word' id='word_1_258' title='bbox 1691 2042 1724 2094; x_wconf 83' lang='lat'>⁵,</span> <span class='ocrx_word' id='word_1_259' title='bbox 1748 2038 1794 2083; x_wconf 91' lang='lat' dir='ltr'>id</span> <span class='ocrx_word' id='word_1_260' title='bbox 1856 2031 1858 2070; x_wconf 70' lang='grc' dir='ltr'><strong><em>ἶ</em></strong></span> 
     </span>
     <span class='ocr_line' id='line_1_27' title="bbox 407 2109 1859 2170; baseline -0.001 -18"><span class='ocrx_word' id='word_1_261' title='bbox 407 2117 496 2164; x_wconf 88' lang='lat' dir='ltr'>est,</span> <span class='ocrx_word' id='word_1_262' title='bbox 521 2124 615 2153; x_wconf 87' lang='lat' dir='ltr'>sero</span> <span class='ocrx_word' id='word_1_263' title='bbox 637 2124 891 2165; x_wconf 83' lang='lat' dir='ltr'>conversus,</span> <span class='ocrx_word' id='word_1_264' title='bbox 926 2109 980 2154; x_wconf 94' lang='lat' dir='ltr'>de</span> <span class='ocrx_word' id='word_1_265' title='bbox 1010 2109 1131 2153; x_wconf 90' lang='lat' dir='ltr'>micis</span> <span class='ocrx_word' id='word_1_266' title='bbox 1154 2109 1320 2154; x_wconf 91' lang='lat' dir='ltr'>domini</span> <span class='ocrx_word' id='word_1_267' title='bbox 1347 2109 1443 2165; x_wconf 85' lang='lat' dir='ltr'>sui,</span> <span class='ocrx_word' id='word_1_268' title='bbox 1467 2109 1514 2154; x_wconf 85' lang='lat' dir='ltr'>in</span> <span class='ocrx_word' id='word_1_269' title='bbox 1539 2110 1675 2169; x_wconf 85' lang='lat' dir='ltr'>gratia</span> <span class='ocrx_word' id='word_1_270' title='bbox 1702 2111 1794 2170; x_wconf 86' lang='lat' dir='ltr'>ejus</span> <span class='ocrx_word' id='word_1_271' title='bbox 1857 2127 1859 2150; x_wconf 55' lang='grc' dir='ltr'>ς</span> 
     </span>
    </p>
   </div>
   <div class='ocr_carea' id='block_1_12' title="bbox 406 2181 1201 2235">
    <p class='ocr_par' dir='ltr' id='par_1_12' title="bbox 406 2181 1201 2235">
     <span class='ocr_line' id='line_1_28' title="bbox 406 2181 1201 2235; baseline 0.001 -12"><span class='ocrx_word' id='word_1_272' title='bbox 406 2181 619 2235; x_wconf 78' lang='lat' dir='ltr'>cucurrit,</span> <span class='ocrx_word' id='word_1_273' title='bbox 643 2189 686 2225; x_wconf 86' lang='lat' dir='ltr'>et</span> <span class='ocrx_word' id='word_1_274' title='bbox 702 2181 946 2225; x_wconf 86' lang='lat' dir='ltr'>circumivit</span> <span class='ocrx_word' id='word_1_275' title='bbox 966 2181 1201 2226; x_wconf 87' lang='lat' dir='ltr'>civitatem.</span> 
     </span>
    </p>
   </div>
   <div class='ocr_carea' id='block_1_13' title="bbox 406 2260 1859 2462">
    <p class='ocr_par' dir='ltr' id='par_1_13' title="bbox 406 2260 1859 2462">
     <span class='ocr_line' id='line_1_29' title="bbox 466 2260 1859 2322; baseline 0.001 -17"><span class='ocrx_word' id='word_1_276' title='bbox 466 2263 585 2305; x_wconf 88' lang='lat' dir='ltr'>XVI.</span> <span class='ocrx_word' id='word_1_277' title='bbox 609 2280 630 2304; x_wconf 90' lang='lat'>«</span> <span class='ocrx_word' id='word_1_278' title='bbox 655 2264 767 2306; x_wconf 92' lang='lat' dir='ltr'>Ecce</span> <span class='ocrx_word' id='word_1_279' title='bbox 789 2262 868 2321; x_wconf 88' lang='lat' dir='ltr'>ipsi</span> <span class='ocrx_word' id='word_1_280' title='bbox 894 2260 1132 2322; x_wconf 89' lang='lat' dir='ltr'>loquantur</span> <span class='ocrx_word' id='word_1_281' title='bbox 1159 2262 1205 2305; x_wconf 91' lang='lat' dir='ltr'>in</span> <span class='ocrx_word' id='word_1_282' title='bbox 1233 2277 1308 2306; x_wconf 91' lang='lat' dir='ltr'>ore</span> <span class='ocrx_word' id='word_1_283' title='bbox 1337 2276 1442 2316; x_wconf 84' lang='lat' dir='ltr'>suo,</span> <span class='ocrx_word' id='word_1_284' title='bbox 1475 2269 1519 2306; x_wconf 81' lang='lat' dir='ltr'>et</span> <span class='ocrx_word' id='word_1_285' title='bbox 1545 2261 1713 2321; x_wconf 83' lang='lat' dir='ltr'>gladius</span> <span class='ocrx_word' id='word_1_286' title='bbox 1746 2262 1793 2306; x_wconf 90' lang='lat' dir='ltr'>in</span> <span class='ocrx_word' id='word_1_287' title='bbox 1858 2280 1859 2285; x_wconf 53' lang='lat'>¹</span> 
     </span>
     <span class='ocr_line' id='line_1_30' title="bbox 410 2331 1859 2393; baseline 0.003 -21"><span class='ocrx_word' id='word_1_288' title='bbox 410 2349 431 2373; x_wconf 86' lang='lat'>»</span> <span class='ocrx_word' id='word_1_289' title='bbox 465 2331 589 2376; x_wconf 86' lang='lat' dir='ltr'>labiis</span> <span class='ocrx_word' id='word_1_290' title='bbox 616 2347 766 2377; x_wconf 88' lang='lat' dir='ltr'>eorum</span> <span class='ocrx_word' id='word_1_291' title='bbox 782 2335 814 2376; x_wconf 73' lang='lat'>⁶.</span> <span class='ocrx_word' id='word_1_292' title='bbox 843 2351 863 2374; x_wconf 89' lang='lat'>»</span> <span class='ocrx_word' id='word_1_293' title='bbox 890 2336 987 2377; x_wconf 91' lang='lat' dir='ltr'>Jam</span> <span class='ocrx_word' id='word_1_294' title='bbox 1015 2332 1088 2377; x_wconf 83' lang='lat' dir='ltr'>ille</span> <span class='ocrx_word' id='word_1_295' title='bbox 1117 2332 1285 2392; x_wconf 82' lang='lat' dir='ltr'>gladius</span> <span class='ocrx_word' id='word_1_296' title='bbox 1314 2332 1379 2377; x_wconf 89' lang='lat' dir='ltr'>bis</span> <span class='ocrx_word' id='word_1_297' title='bbox 1405 2341 1583 2388; x_wconf 83' lang='lat' dir='ltr'>acutus,</span> <span class='ocrx_word' id='word_1_298' title='bbox 1620 2331 1675 2376; x_wconf 91' lang='lat' dir='ltr'>de</span> <span class='ocrx_word' id='word_1_299' title='bbox 1703 2348 1793 2393; x_wconf 92' lang='lat' dir='ltr'>quo</span> <span class='ocrx_word' id='word_1_300' title='bbox 1858 2375 1859 2390; x_wconf 30' lang='lat'>1</span> 
     </span>
     <span class='ocr_line' id='line_1_31' title="bbox 406 2402 1859 2462; baseline 0 -16"><span class='ocrx_word' id='word_1_301' title='bbox 406 2402 638 2461; x_wconf 88' lang='lat' dir='ltr'>Apostolus</span> <span class='ocrx_word' id='word_1_302' title='bbox 654 2402 759 2447; x_wconf 87' lang='lat' dir='ltr'>dicit</span> <span class='ocrx_word' id='word_1_303' title='bbox 783 2422 792 2447; x_wconf 88' lang='lat'>:</span> <span class='ocrx_word' id='word_1_304' title='bbox 822 2421 839 2443; x_wconf 89' lang='lat'>«</span> <span class='ocrx_word' id='word_1_305' title='bbox 858 2405 916 2447; x_wconf 87' lang='lat' dir='ltr'>Et</span> <span class='ocrx_word' id='word_1_306' title='bbox 935 2402 1129 2462; x_wconf 84' lang='lat' dir='ltr'>gladium</span> <span class='ocrx_word' id='word_1_307' title='bbox 1156 2403 1355 2462; x_wconf 85' lang='lat' dir='ltr'>spiritus,</span> <span class='ocrx_word' id='word_1_308' title='bbox 1380 2403 1502 2462; x_wconf 87' lang='lat' dir='ltr'>quod</span> <span class='ocrx_word' id='word_1_309' title='bbox 1524 2412 1588 2448; x_wconf 92' lang='lat' dir='ltr'>est</span> <span class='ocrx_word' id='word_1_310' title='bbox 1608 2402 1792 2448; x_wconf 88' lang='lat' dir='ltr'>verbum</span> <span class='ocrx_word' id='word_1_311' title='bbox 1858 2419 1859 2422; x_wconf 46' lang='lat'>¹</span> 
     </span>
    </p>
   </div>
   <div class='ocr_carea' id='block_1_14' title="bbox 407 2508 1790 2606">
    <p class='ocr_par' dir='ltr' id='par_1_14' title="bbox 407 2508 1790 2606">
     <span class='ocr_line' id='line_1_32' title="bbox 456 2508 1790 2553; baseline 0 -11"><span class='ocrx_word' id='word_1_312' title='bbox 456 2516 464 2532; x_wconf 88' lang='lat'>¹</span> <span class='ocrx_word' id='word_1_313' title='bbox 482 2510 594 2542; x_wconf 74' lang='lat' dir='ltr'>Matth.</span> <span class='ocrx_word' id='word_1_314' title='bbox 615 2521 655 2542; x_wconf 87' lang='lat' dir='ltr'>xv</span> <span class='ocrx_word' id='word_1_315' title='bbox 671 2535 679 2551; x_wconf 91' lang='lat'>‚</span> <span class='ocrx_word' id='word_1_316' title='bbox 698 2519 751 2552; x_wconf 85' lang='lat'>27.</span> <span class='ocrx_word' id='word_1_317' title='bbox 776 2527 817 2532; x_wconf 89' lang='lat'>—-</span> <span class='ocrx_word' id='word_1_318' title='bbox 836 2516 849 2532; x_wconf 80' lang='lat'><em>2</em></span> <span class='ocrx_word' id='word_1_319' title='bbox 872 2509 951 2542; x_wconf 86' lang='lat' dir='ltr'>Ibid.</span> <span class='ocrx_word' id='word_1_320' title='bbox 973 2510 1028 2542; x_wconf 80' lang='lat'>28.</span> <span class='ocrx_word' id='word_1_321' title='bbox 1048 2527 1088 2532; x_wconf 95' lang='lat'><strong>—</strong></span> <span class='ocrx_word' id='word_1_322' title='bbox 1110 2508 1122 2532; x_wconf 83' lang='lat'>3</span> <span class='ocrx_word' id='word_1_323' title='bbox 1143 2511 1220 2542; x_wconf 90' lang='lat' dir='ltr'>Luc.</span> <span class='ocrx_word' id='word_1_324' title='bbox 1248 2521 1339 2552; x_wconf 78' lang='lat' dir='ltr'>xvm,</span> <span class='ocrx_word' id='word_1_325' title='bbox 1358 2519 1409 2542; x_wconf 83' lang='lat'>12.</span> <span class='ocrx_word' id='word_1_326' title='bbox 1428 2527 1467 2533; x_wconf 91' lang='lat'>—-</span> <span class='ocrx_word' id='word_1_327' title='bbox 1488 2508 1504 2539; x_wconf 78' lang='grc'><strong>4</strong></span> <span class='ocrx_word' id='word_1_328' title='bbox 1522 2510 1601 2542; x_wconf 75' lang='lat' dir='ltr'>Psal.</span> <span class='ocrx_word' id='word_1_329' title='bbox 1628 2521 1705 2553; x_wconf 78' lang='lat' dir='ltr'>xxx,</span> <span class='ocrx_word' id='word_1_330' title='bbox 1724 2519 1764 2543; x_wconf 81' lang='lat'>22</span> <span class='ocrx_word' id='word_1_331' title='bbox 1780 2536 1790 2552; x_wconf 88' lang='lat'>‚</span> 
     </span>
     <span class='ocr_line' id='line_1_33' title="bbox 407 2563 1713 2606; baseline 0.002 -11"><span class='ocrx_word' id='word_1_332' title='bbox 407 2575 472 2605; x_wconf 76' lang='lat' dir='ltr'>mx,</span> <span class='ocrx_word' id='word_1_333' title='bbox 491 2576 525 2597; x_wconf 83' lang='grc' dir='ltr'>ιι</span> <span class='ocrx_word' id='word_1_334' title='bbox 548 2569 581 2597; x_wconf 82' lang='lat' dir='ltr'>et</span> <span class='ocrx_word' id='word_1_335' title='bbox 598 2576 674 2606; x_wconf 84' lang='lat' dir='ltr'>cvn,</span> <span class='ocrx_word' id='word_1_336' title='bbox 692 2565 851 2606; x_wconf 73' lang='lat' dir='ltr'>1¹‚juxta</span> <span class='ocrx_word' id='word_1_337' title='bbox 866 2576 936 2598; x_wconf 75' lang='lat' dir='ltr'>Lxx.</span> <span class='ocrx_word' id='word_1_338' title='bbox 959 2583 999 2587; x_wconf 92' lang='lat'>—</span> <span class='ocrx_word' id='word_1_339' title='bbox 1018 2563 1033 2586; x_wconf 77' lang='lat'><strong><em>5</em></strong></span> <span class='ocrx_word' id='word_1_340' title='bbox 1052 2567 1124 2597; x_wconf 72' lang='lat' dir='ltr'>Act.</span> <span class='ocrx_word' id='word_1_341' title='bbox 1141 2576 1185 2605; x_wconf 76' lang='lat' dir='ltr'>tx,</span> <span class='ocrx_word' id='word_1_342' title='bbox 1207 2577 1217 2596; x_wconf 94' lang='lat'>1</span> <span class='ocrx_word' id='word_1_343' title='bbox 1241 2570 1273 2596; x_wconf 78' lang='lat' dir='ltr'>ct</span> <span class='ocrx_word' id='word_1_344' title='bbox 1290 2573 1345 2598; x_wconf 60' lang='grc' dir='ltr'>ρο.</span> <span class='ocrx_word' id='word_1_345' title='bbox 1373 2582 1413 2587; x_wconf 90' lang='grc'><strong>-</strong></span> <span class='ocrx_word' id='word_1_346' title='bbox 1430 2563 1446 2587; x_wconf 72' lang='lat'><strong>⁶</strong></span> <span class='ocrx_word' id='word_1_347' title='bbox 1465 2565 1545 2597; x_wconf 85' lang='lat' dir='ltr'>Psal.</span> <span class='ocrx_word' id='word_1_348' title='bbox 1568 2576 1655 2606; x_wconf 75' lang='lat' dir='ltr'>Lvrn,</span> <span class='ocrx_word' id='word_1_349' title='bbox 1682 2565 1713 2597; x_wconf 84' lang='lat'>8.</span> 
     </span>
    </p>
   </div>
   <div class='ocr_carea' id='block_1_15' title="bbox 1853 1281 1857 1993">
    <p class='ocr_par' dir='ltr' id='par_1_15' title="bbox 1853 1281 1857 1993">
     <span class='ocr_line' id='line_1_34' title="bbox 1853 1281 1857 1993; baseline 0 0"><span class='ocrx_word' id='word_1_350' title='bbox 1853 1281 1857 1993; x_wconf 95' lang='lat' dir='ltr'> </span> 
     </span>
    </p>
   </div>
  </div>
 </body>
</html>
