1889 3285
486 244 726 273 ENARRATro
759 248 802 273 IN
837 246 1037 275 PsALMUM
1071 249 1156 274 Lvr.
1433 236 1484 274 15

105 330 124 352 »
164 320 314 370 typum
349 311 526 369 gerebat
547 310 686 355 Adam
708 345 718 365 ‚
746 312 922 371 quando
944 311 1121 355 immisit
1152 310 1191 354 ei
1224 314 1337 355 Deus
1358 326 1486 370 sopo-

103 400 124 422 »
159 396 250 425 rem
266 389 316 424 ut
346 382 400 425 de
420 381 554 425 latere
585 381 816 440 conjugem
839 381 1041 426 faceret&
1070 400 1090 422 >›
1116 384 1231 427 Num
1257 382 1373 425 enim
1395 397 1486 426 non

97 460 268 511 poterat
288 467 470 496 uxorem
492 451 634 496 facere
650 452 791 511 primo
813 453 982 498 homini
1004 452 1134 497 etiam
1157 451 1212 496 de
1227 451 1362 496 latere
1379 453 1486 511 vigi-

97 521 252 567 lantis‘?
269 531 344 566 aut
364 531 594 582 propterea
614 522 754 567 voluit
775 538 874 567 eum
891 522 1096 578 dormire,
1116 537 1172 566 ne
1189 522 1367 567 sentiret
1383 537 1485 567 cum

99 592 181 636 sibi
215 602 332 637 costa
363 593 693 637 detraheretur?
715 595 938 638 Postremo
956 628 967 649 ,
1003 593 1099 653 quis
1122 593 1182 637 ita
1209 592 1398 649 dormit,
1434 602 1485 637 ut

98 679 191 707 osse
215 663 297 707 sibi
325 663 533 709 convulso
554 679 645 708 non
662 664 1008 723 expergiscatur?
1026 663 1107 717 Qui
1129 664 1273 724 potuit
1292 663 1384 708 sine
1400 663 1483 708 do-

97 732 190 778 lore
213 734 383 778 auferre
410 743 573 779 costam
602 734 868 789 dormienti,
901 734 1048 793 potuit
1078 743 1122 778 et
1147 733 1357 792 vigilanti.
1399 733 1486 779 Sed

97 819 232 864 quare
255 804 396 849 voluit
416 804 651 849 dormienti
674 803 841 848 facere?
862 805 970 857 Quia
991 804 1224 850 dormienti
1247 805 1418 850 Christo
1438 806 1483 849 in

97 889 225 918 cruce
241 873 355 919 facta
376 884 439 919 est
460 876 618 934 conjux
633 874 686 918 de
705 873 854 919 latere.
877 878 1133 920 Percussum
1150 885 1214 920 est
1232 875 1349 920 enim
1367 875 1483 921 latus

95 943 324 1004 pendentis
336 945 391 989 de
403 944 590 1001 lancea2,
602 954 645 989 et
657 945 961 1005 profluxerunt
972 945 1177 990 Ecclesiae
1191 948 1480 992 Sacramenta.

99 1033 119 1056 «
153 1015 346 1059 Dormivi
363 1051 373 1070 ‚
411 1016 555 1075 inquit
571 1051 582 1070 ‚
622 1014 925 1060 conturbatus.
959 1034 979 1057 »
1018 1019 1076 1060 Et
1108 1017 1154 1060 in
1188 1015 1271 1061 alio
1311 1017 1483 1063 Psalmo

94 1084 342 1130 manifestat
355 1087 455 1141 hoc⁷
471 1087 549 1130 ubi
571 1088 649 1131 ait:
671 1090 800 1145 «Ego
818 1086 1019 1143 dormivi,
1036 1095 1079 1131 et
1093 1103 1295 1132 somnum
1311 1089 1477 1148 cepi³.»

95 1156 162 1201 Ibi
195 1159 398 1216 expressit
428 1167 685 1217 potestatem
721 1173 858 1202 suam.
896 1161 1072 1202 Poterat
1106 1168 1148 1203 et
1182 1158 1270 1204 illic
1303 1158 1446 1204 dicere
1469 1179 1477 1204 :

98 1246 118 1269 «
151 1228 344 1271 Dormivi
365 1264 376 1283 ‚
409 1247 428 1269 »
462 1227 574 1272 sicut
605 1228 713 1272 dixit
747 1228 832 1272 hic.
876 1227 990 1281 Quid.
1030 1238 1095 1273 est
1129 1238 1274 1274 autem
1290 1265 1301 1282 ,
1342 1249 1362 1272 ‹<
1386 1233 1482 1289 Ego

95 1316 116 1340 »
151 1298 365 1344 dormivi?
390 1318 410 1340 »
432 1299 482 1343 Id
504 1309 590 1355 est,
618 1300 720 1360 quia
741 1298 861 1344 volui
877 1334 888 1354 ‚
913 1299 1114 1345 dormivi.
1141 1303 1239 1346 Non
1259 1300 1323 1344 illi
1344 1317 1414 1345 me
1435 1302 1482 1346 in

91 1385 292 1415 somnum
325 1370 549 1414 nolentem
572 1371 909 1430 compulerunt3
934 1371 1009 1415 sed
1039 1387 1136 1416 mea
1154 1371 1381 1416 voluntate
1402 1387 1481 1430 ego

91 1440 301 1495 dormivi,
337 1441 579 1485 secundum
606 1439 719 1485 illud
745 1460 754 1485 ε
789 1459 809 1483 «
840 1444 1103 1485 Potestatem
1125 1442 1267 1487 habeo
1287 1443 1482 1502 ponendi

93 1528 115 1552 »
151 1511 339 1554 animam
370 1526 532 1565 meam,
568 1519 612 1554 et
632 1519 888 1570 potestatem
918 1511 1061 1556 habeo
1088 1513 1248 1556 iterum
1278 1512 1482 1557 sumendi

94 1599 116 1623 2>
149 1596 244 1625 eam
258 1582 290 1624 4.
313 1599 332 1622 »
354 1585 586 1641 Propterea
603 1580 664 1625 ibi
685 1581 898 1641 sequitur,
919 1591 963 1625 et
978 1582 1109 1628 dicit:
1128 1602 1148 1626 «
1166 1586 1261 1643 Ego
1275 1583 1477 1641 dormivi,

93 1669 115 1693 »
149 1660 194 1696 et
209 1667 411 1696 somnum
428 1652 551 1712 cepi,
576 1660 620 1696 et
635 1652 851 1708 exurrexi‚
876 1653 1086 1713 quoniam
1107 1653 1318 1699 Dominus
1339 1655 1476 1700 susci-

94 1739 115 1765 »
149 1722 239 1782 piet
259 1724 371 1766 m65.
400 1741 420 1763 ))

148 1794 251 1836 ΧΠ.
275 1811 295 1834 «
315 1792 509 1837 Dormivi
530 1792 846 1837 conturbatus:
870 1811 890 1835 >›
918 1792 1045 1837 Unde
1071 1794 1296 1839 turbrtus?
1315 1795 1478 1856 quibus

92 1863 395 1908 turbantibus?
412 1863 646 1907 Videamus
667 1863 890 1923 quomodo
911 1863 1058 1908 inurat
1078 1864 1237 1908 malam
1257 1867 1478 1911 conscien-

91 1934 196 1978 tiam
217 1933 378 1978 Judaeis
396 1969 406 1989 ,
436 1933 683 1978 volentibus
702 1949 904 1977 excusare
925 1948 969 1978 se
991 1933 1045 1977 ab
1064 1932 1367 1980 interfectione
1389 1940 1479 1982 Do-

91 2006 213 2049 mini.
249 2007 357 2049 Nam
384 2014 613 2064 propterea
638 2019 759 2059 eum,
793 2003 902 2048 sicut
939 2003 1135 2064 loquitur
1163 2006 1476 2065 Evangelium,

87 2075 222 2137 judici
243 2075 537 2130 tradiderunu
559 2091 614 2119 ne
631 2075 712 2134 ipsi
731 2090 831 2119 eum
850 2073 1055 2119 occidisse
1068 2075 1339 2120 viderentur.
1365 2079 1480 2122 Cum

89 2147 206 2190 enim
219 2146 392 2191 dixisset
405 2146 462 2189 eis
470 2145 605 2206 judex
621 2154 727 2189 tunc
750 2145 934 2189 Pilatus:
957 2145 1186 2205 «Accipite
1207 2161 1307 2190 eum
1329 2163 1419 2203 VOS,
1436 2157 1480 2193 et

94 2234 116 2261 »
149 2215 391 2261 secundum
406 2215 547 2275 legem
566 2224 750 2260 vestram
761 2213 955 2275 judicate
972 2229 1072 2259 eum
1091 2231 1100 2256 :
1123 2215 1444 2275 responderunt
1466 2238 1476 2263 :

95 2305 116 2329 »
149 2287 282 2333 Nobis
297 2303 386 2331 non
397 2285 500 2330 licet
512 2286 754 2329 interficere
767 2288 1074 2345 quemquamss.
1092 2304 1112 2328 »
1128 2288 1377 2332 Interficere
1389 2304 1480 2334 non

92 2356 207 2413 licet,
223 2357 392 2402 tradere
411 2355 759 2400 interficiendum
775 2354 904 2400 licet?
918 2355 1024 2408 Quis
1041 2365 1186 2400 autem
1201 2357 1384 2402 occidit?
1395 2360 1480 2413 Qui

95 2424 243 2475 audito
259 2430 448 2474 clamore
471 2427 616 2483 cessit,
635 2443 689 2473 an
711 2427 786 2488 qui
807 2426 1036 2472 clamando
1056 2437 1107 2473 ut
1123 2428 1396 2475 occideretur
1412 2447 1479 2475 ex-

144 2535 150 2549 ¹
173 2529 252 2560 Gon.
273 2538 310 2565 11,
328 2536 381 2559 21.
407 2544 446 2548 —
468 2533 479 2548 ²
503 2528 590 2557 Joan.
615 2535 686 2558 x1x.
710 2523 762 2565 34.
784 2541 825 2546 -
851 2522 863 2546 3
881 2524 960 2556 Psal.
982 2536 1020 2557 111
1035 2550 1044 2566 ,
1063 2524 1096 2558 6.
1115 2543 1156 2549 -
1175 2524 1295 2559 4J0an.
1313 2538 1346 2567 x,
1366 2529 1415 2559 18.
1436 2543 1478 2549 —

97 2580 110 2604 5
127 2582 206 2614 Psal.
228 2594 274 2622 m,
293 2582 326 2613 6.
356 2599 393 2603 -
410 2580 424 2603 ‘3
449 2583 539 2612 Joan.
558 2591 647 2620 xvxii,
671 2580 722 2611 31.
