1889 3285
228 189 469 222 EuAnnA'no
500 195 533 221 11
564 195 610 222 ΙΝ
639 192 843 223 PsALMUM
874 196 1037 236 LXVIII,
1070 172 1208 225 SERMo
1238 198 1286 225 11.
1380 186 1460 226 331

28 316 30 326 ι

28 334 29 358 i
90 341 1467 363 ΜΜΜΜΜΜΜΜΜΜΛΜΜΜΜΜΜΜΜΜΜΜΜΜΜ

528 463 911 514 ENARRATIO
950 468 1000 514 ΙΙ

382 610 433 648 IN
473 610 682 649 EUMDFM
718 611 956 651 PSALMUM
994 613 1164 652 vam.

659 752 829 795 SERMO
854 754 907 791 Π.

444 888 506 929 De
528 887 764 946 posteriore
780 896 901 947 parte
923 887 1098 932 Psalmi.

138 1021 174 1063 Ι.
210 1022 449 1064 Posramoa
480 1035 578 1080 pars
613 1020 794 1076 Psalmi,
827 1021 881 1065 de
902 1037 992 1081 quo
1012 1022 1215 1067 hesterno
1236 1021 1306 1065 die
1327 1021 1463 1066 locuti

20 1077 23 1137 f
77 1105 227 1135 sumus
259 1091 471 1136 Charitati
493 1094 680 1146 Vestrae,
713 1093 845 1136 hodie
865 1093 990 1136 nobis
1018 1091 1272 1152 explicanda
1291 1108 1464 1136 reman-

77 1169 203 1204 serat.
220 1163 278 1204 Et
298 1160 424 1205 video
448 1176 537 1204 esse
561 1171 729 1221 tempus
749 1161 960 1205 reddendi
982 1161 1133 1216 debiti,
1155 1163 1188 1205 si
1206 1171 1351 1205 tamen
1374 1163 1464 1222 ejus

18 1241 41 1284 j
76 1229 297 1291 prolixitas
330 1247 419 1276 non
441 1248 519 1276 nos
548 1232 679 1276 etiam
707 1233 839 1277 hodie
862 1232 1081 1277 debitores
1109 1232 1347 1293 reliquerit.
1373 1236 1464 1277 Ita-

18 1294 21 1318 ³
77 1316 164 1361 que
184 1301 269 1345 hoc
289 1301 539 1361 praeloquor
554 1337 564 1356 ‚
591 1311 634 1345 et
664 1311 764 1361 peto
796 1318 852 1345 ne
875 1302 1131 1347 diuturnum
1154 1318 1395 1348 sermonem
1417 1303 1465 1347 in

17 1392 19 1435 ς
75 1371 143 1415 his
166 1387 266 1431 quae
294 1370 522 1416 manifesta
551 1381 653 1416 sunt
675 1372 922 1449 expectetis.
956 1375 1021 1416 Ita
1039 1374 1152 1416 enim
1169 1388 1396 1433 possumus
1417 1373 1465 1417 in

16 1466 19 1506 ;
77 1441 402 1486 obscurioribus
428 1442 682 1485 necessitate
702 1442 951 1496 immorari,
978 1452 1022 1486 et
1053 1442 1236 1487 fortasse
1263 1443 1466 1503 supplere

16 1515 19 1561 ὲ
75 1512 197 1572 quod
234 1511 470 1568 debemu53
504 1521 556 1555 ut
584 1511 676 1555 aliis
710 1498 866 1555 diebus
890 1511 972 1556 alia
995 1512 1260 1567 debeamus,
1294 1513 1464 1573 aliaque

15 1576 17 1637 f
75 1581 322 1626 reddamus.
360 1581 594 1626 Videamus
621 1597 724 1640 ergo
753 1598 852 1642 quae
875 1592 1135 1642 sequuntur.
1173 1587 1464 1644 Posteaquam

75 1651 184 1696 dixit
212 1670 222 1696 :
261 1654 452 1711 «Neque
483 1661 675 1695 coarctet
695 1667 824 1711 super
845 1667 914 1695 me
951 1662 1110 1712 puteus
1148 1668 1194 1697 os
1216 1656 1368 1697 suum1
1400 1672 1410 1698 ε
1438 1671 1459 1695 »

14 1753 16 1789 3
74 1724 197 1784 quod
217 1724 418 1767 hesterno
440 1722 510 1766 die
542 1722 941 1766 commendavimus
959 1723 1173 1767 Charitati
1194 1726 1361 1767 Vestrae
1375 1758 1386 1778 ‚
1412 1733 1464 1768 ut

13 1801 15 1844 j
74 1793 194 1837 omni
214 1792 343 1836 animi
367 1792 608 1836 intentione
639 1800 682 1835 et
711 1790 797 1835 fide
818 1791 988 1851 pietatis
1013 1808 1264 1847 caveamUS,
1291 1808 1345 1839 ne
1372 1794 1458 1838 hoc

13 1869 15 1917 3
73 1862 354 1908 maledictum
389 1861 666 1921 superveniat
694 1861 835 1906 nobis.
864 1864 986 1906 Tunc
1015 1862 1131 1905 enim
1164 1871 1355 1907 coarctat
1376 1879 1462 1923 pu-

75 1942 170 1978 teus
187 1948 315 1993 super
330 1933 553 1977 hominem
582 1947 628 1976 os
648 1947 777 1976 suum
796 1967 807 1986 ‚
826 1931 873 1976 id
895 1941 978 1987 est,
1005 1930 1280 1992 profunditas
1299 1933 1464 1994 iniqui-

75 2004 201 2059 tatis,
236 2002 413 2063 quando
444 2018 535 2047 non
571 2002 713 2047 solum
740 2017 905 2046 mersus
935 2003 983 2046 in
1015 2003 1203 2062 peccatis
1225 2003 1361 2063 jacet,
1386 2003 1463 2049 sed

11 2083 13 2105 ¹
75 2074 204 2118 etiam
237 2072 382 2133 perdit
414 2072 583 2117 aditum
614 2072 909 2118 confessionis.
947 2072 1134 2127 Quando
1173 2082 1318 2118 autem
1355 2073 1463 2118 dicit

10 2142 13 2189 :3
74 2144 208 2188 homo
224 2179 235 2198 ‚
262 2147 469 2188 Peccator
485 2159 582 2188 sum
605 2163 614 2188 :
636 2143 830 2187 radiatur
851 2143 997 2203 aliquo
1014 2143 1181 2188 lumine
1203 2144 1334 2188 etiam
1355 2159 1463 2203 pro-

10 2225 13 2246 f
76 2212 268 2257 funditas
295 2213 431 2272 putei.
463 2213 670 2274 Sequitur
691 2229 812 2272 ergo,
831 2213 946 2257 inter
980 2214 1200 2273 passiones
1222 2213 1465 2258 exclamans

74 2283 284 2328 Dominus
315 2292 462 2327 noster
488 2286 612 2327 Jesus
647 2284 869 2339 Christus,
908 2292 1040 2343 caput
1069 2293 1113 2328 et
1139 2299 1325 2343 corpus3
1349 2284 1462 2328 sicut

73 2353 488 2409 commendavimus,
509 2364 558 2398 ut
580 2354 844 2414 quibusdam
870 2354 996 2410 locis,
1023 2355 1173 2415 capitis
1195 2355 1329 2399 verba
1353 2370 1461 2413 cog-

72 2424 282 2480 noscatis;
307 2439 405 2483 quae
428 2433 574 2467 autem
599 2424 713 2469 dicta
737 2424 902 2469 fuerint
923 2425 983 2469 ita
1004 2434 1054 2469 ut
1071 2426 1202 2485 capiti
1224 2425 1459 2470 convenire

123 2527 132 2542 ¹
154 2519 230 2552 Psal.
253 2532 364 2559 vani,
389 2520 438 2552 16.
