1889 3285
307 271 548 300 ENARRATIO
580 274 595 299 1
628 274 670 300 IN
705 272 907 301 rsAmva
941 274 1048 311 Lxx,
1083 273 1221 302 semro
1253 278 1284 302 1.
1399 263 1477 301 391

101 353 204 397 ergo
236 339 376 382 cincta
402 337 641 396 porticibus
671 338 895 398 quinque,
931 353 1034 395 gens
1055 348 1144 383 erat
1166 339 1314 398 judaea
1349 339 1491 383 cincta

101 411 230 465 Lege.
256 411 313 452 Et
339 407 384 451 in
412 407 651 466 porticibus
689 408 1084 467 aegrotijacebaiit,
1109 418 1152 452 et
1182 409 1228 452 in
1257 408 1348 454 sola
1380 424 1492 469 aqua

101 477 278 522 turbata
317 487 361 521 et
396 486 514 521 mota
554 477 830 522 sanabantur.
863 478 993 523 Venit
1032 478 1242 522 Dominus
1265 513 1276 534 ‚
1315 479 1492 523 turbata

101 557 165 592 cst
193 563 304 608 aqua
326 580 337 603 ‚
362 548 590 592 crucifixus
613 556 698 601 est,
729 547 964 593 descendat
1000 557 1051 592 ut
1081 558 1258 593 sanetur
1285 559 1488 608 aegrotus.

104 617 222 670 Quid
245 626 308 661 est
328 652 340 668 ,
370 616 619 669 descendat.
645 617 854 662 Humiliet
880 633 938 661 se.
962 620 1080 676 Ergo
1099 618 1364 678 quicumque
1375 634 1494 663 ama—

101 687 156 732 tis
182 687 372 732 litteram
398 687 489 732 sine
513 687 672 746 gratia,
711 687 757 731 in
790 687 1027 746 porticibus
1054 688 1357 744 remanebitis,
1392 689 1496 747 aegri

101 757 242 812 eritis,
283 758 500 816 jacentes,
540 773 629 801 non
665 757 1013 802 convalescentes
1049 777 1059 804 ε
1098 757 1154 802 de
1194 758 1338 802 littera
1378 760 1496 803 enim

100 827 377 887 praesumitis.
418 847 438 870 «
474 828 516 872 Si
553 828 670 871 enim
704 827 804 871 data
841 837 950 872 esset
980 827 1051 871 lex
1084 843 1184 888 quae
1211 837 1354 888 posset
1385 829 1496 874 vivi-

104 917 123 940 »
157 898 311 952 ficare,
351 897 530 942 omnino
564 913 614 941 ex
641 897 738 956 lege
767 907 876 942 esset
892 898 1058 957 justitia
1073 900 1104 942 1.
1140 916 1160 940 »
1195 897 1279 943 Sed
1309 898 1409 943 data
1432 908 1497 943 est

98 965 193 1022 lex,
222 976 272 1011 ut
302 983 398 1012 reos
431 983 507 1012 vos
528 968 719 1022 faceret,
744 968 805 1011 rei
823 967 927 1011 facti
951 968 1184 1024 timeretis,
1205 969 1407 1012 timentes
1424 969 1494 1013 in-

99 1037 368 1097 dulgentiam
390 1038 618 1097 peteretis‚
651 1038 742 1097 jam
770 1037 824 1081 de
853 1037 1019 1081 viribus
1045 1038 1196 1082 vestris
1217 1054 1306 1082 non
1327 1054 1496 1098 praesu-

98 1108 270 1152 meretis
286 1143 298 1163 ‚
333 1107 388 1152 de
417 1107 562 1151 littera
585 1123 662 1152 vos
689 1123 779 1151 non
811 1106 1087 1152 extolleretis.
1118 1111 1227 1155 Nam
1249 1109 1339 1168 ipsa
1360 1109 1498 1166 figura

99 1186 162 1221 est
183 1178 330 1233 etiam,
356 1179 478 1237 quod
496 1177 662 1222 Eliseus
679 1177 821 1236 primo
835 1177 890 1221 ad
911 1186 1136 1222 mortuum
1151 1178 1497 1224 resuscitandum

99 1247 308 1291 baculum
325 1249 441 1291 misit
462 1263 538 1305 per
561 1263 749 1290 servum.
772 1250 973 1292 Mortuus
991 1257 1082 1292 erat
1104 1248 1218 1292 filius
1229 1248 1492 1293 viduaehos-

99 1318 201 1377 pitae
233 1317 395 1376 ipsius3
431 1307 683 1360 nuntiatum
721 1325 783 1359 est
820 1317 882 1371 ei,
904 1332 1026 1361 servo
1049 1332 1127 1361 suo
1149 1317 1271 1361 dedit
1290 1318 1497 1364 baculum

99 1403 226 1432 suum
247 1407 256 1433 ;
277 1407 297 1430 «
322 1387 468 1443 Vade,
496 1388 661 1447 inquit,
687 1402 803 1446 pone
826 1402 956 1446 super
983 1397 1208 1431 mortuum
1222 1391 1254 1432 ¹2.
1277 1408 1294 1430 »
1320 1389 1495 1434 Nescie-

102 1459 180 1503 bat
202 1459 419 1518 Propheta
442 1458 553 1518 quid
574 1459 987 1517 ageretPPraecessit
1002 1474 1151 1503 servus
1167 1494 1179 1514 ,
1207 1460 1352 1519 posuit
1363 1460 1496 1505 bacu-

98 1529 194 1574 lum
226 1545 356 1588 super
388 1538 611 1573 mortuum
630 1563 641 1583 ,
671 1544 762 1573 non
793 1528 977 1572 surrexit
1004 1538 1218 1573 mortuus.
1250 1549 1270 1572 «
1303 1530 1347 1575 Si
1378 1531 1495 1574 enim

100 1617 122 1640 »
158 1598 259 1644 data
281 1608 392 1644 esset
415 1599 484 1642 lex
509 1614 608 1658 quae
629 1607 773 1658 posset
800 1598 1044 1653 vivificare,
1070 1614 1172 1644 vere
1194 1615 1245 1643 ex
1266 1599 1360 1658 lege
1387 1609 1496 1645 esset

101 1687 122 1711 »
150 1670 332 1729 justitia.
355 1688 376 1711 »
403 1672 502 1714 Non
524 1669 759 1714 vivificavit
780 1668 849 1712 lex
869 1684 946 1728 per
974 1684 1145 1713 servum
1166 1670 1292 1714 missa
1319 1688 1329 1715 ε
1353 1679 1398 1714 et
1425 1680 1494 1714 ta-

97 1755 201 1784 men
237 1739 310 1783 ille
344 1740 460 1784 misit
490 1739 699 1784 baculum
729 1754 857 1783 suum
890 1754 967 1798 per
998 1754 1194 1794 servum,
1232 1740 1308 1800 qui
1341 1750 1492 1799 postea

97 1819 270 1854 secutus
292 1809 540 1854 vivificavit.
554 1812 752 1869 Namque
774 1824 875 1854 cum
894 1809 969 1853 ifle
985 1807 1128 1854 infans
1140 1825 1230 1854 non
1247 1811 1496 1855 resurrexis-

98 1890 162 1924 set
181 1916 192 1936 ‚
211 1881 332 1925 venit
351 1881 443 1939 ipse
464 1880 654 1934 Eliseus,
675 1881 762 1939 jam
786 1881 969 1938 figuram
993 1890 1172 1939 portans
1193 1882 1390 1937 Domini,
1416 1884 1493 1942 qui

98 1966 271 1995 servum
292 1965 419 1994 suum
435 1965 536 1994 cum
558 1949 735 2005 baculo,
761 1959 972 2010 tanquam
996 1966 1098 1994 cum
1119 1950 1215 2010 lege
1230 1986 1241 2006 ,
1267 1953 1490 2012 praemise—

99 2029 165 2065 rat
197 2040 206 2066 :
240 2021 360 2065 venit
396 2020 451 2064 ad
478 2021 697 2079 jacentem
731 2029 983 2076 mortuum,
1018 2022 1165 2081 posuit
1194 2022 1389 2067 membra
1413 2039 1491 2069 sua

99 2106 229 2150 super
250 2089 391 2134 illum.
424 2089 504 2133 Ille
525 2088 668 2135 infans
691 2099 783 2134 erat
802 2125 813 2145 ‚
843 2089 918 2134 ille
933 2091 1104 2150 juvenis
1126 2101 1217 2136 erat
1243 2111 1252 2138 ε
1277 2094 1494 2139 contraxit

99 2171 142 2206 et
156 2162 367 2206 breviavit
387 2161 576 2221 quodam
599 2160 732 2206 modo
749 2162 992 2222 juventutis
1009 2178 1098 2206 suae
1120 2164 1488 2222 magnitudinem,

99 2232 305 2294 parvulus
326 2232 465 2277 factus
486 2242 537 2277 ut
561 2243 735 2278 mortuo
756 2242 1031 2292 congrueret.
1052 2236 1253 2279 Mortuus
1275 2250 1376 2293 ergo
1393 2251 1491 2280 sur-

99 2306 208 2350 rexit
223 2341 234 2360 ,
259 2321 359 2350 cum
381 2320 424 2349 se
443 2306 567 2350 vivus
588 2314 764 2350 mortuo
792 2305 1012 2365 coaptavit
1033 2325 1042 2351 z
1069 2314 1113 2350 et
1133 2304 1237 2351 fecit
1258 2307 1487 2363 Dominus,

99 2376 220 2437 quod
240 2392 330 2420 non
353 2374 455 2419 fecit
471 2375 653 2420 baculus
674 2397 685 2434 3
709 2374 813 2421 fecit
835 2377 968 2434 gratia
987 2411 1000 2432 ‚
1024 2376 1145 2438 quod
1166 2393 1256 2422 non
1282 2375 1385 2422 fecit
1411 2377 1488 2422 lit-

100 2457 206 2492 tera.
232 2446 302 2490 Illi
324 2461 427 2505 ergo
450 2447 525 2506 qui
550 2447 597 2490 in
617 2446 775 2492 baculo
793 2457 1115 2504 remanserunt,
1145 2448 1192 2492 in
1213 2447 1356 2492 littera
1390 2447 1488 2506 glo-

99 2519 267 2563 riantur
287 2540 299 2577 3
323 2527 367 2563 et
383 2517 481 2563 ideo
497 2534 588 2563 non
603 2518 893 2565 vivificantur.
907 2522 1001 2578 Ego
1021 2529 1167 2566 autem
1181 2519 1236 2564 de
1258 2519 1393 2578 gratia
1410 2528 1485 2566 tua

150 2609 159 2624 ¹
180 2601 248 2636 Gal.
274 2612 324 2643 111,
339 2610 393 2635 21.
411 2618 452 2626 -—-
471 2609 484 2625 ²
503 2601 615 2644 4Reg.
635 2613 681 2645 lv,
700 2612 754 2644 29.
