1889 3285
387 244 468 284 172
814 254 849 284 s.
885 254 1117 288 Aueusnm
1148 258 1331 288 museom

383 422 949 448 &mmmmmwummmm

1164 431 1304 450 ΜΜΜΜ
1308 433 1764 451 mmmmmwwsu

880 574 1265 625 ENARRATIO

783 740 844 779 IN
888 739 1187 780 PSALMUM
1237 740 1419 779 inil.

857 895 1007 939 Sermo
1029 892 1084 938 ad
1108 892 1300 953 plebem.

444 1032 479 1075 Ι.
516 1033 733 1076 ΡΑεεῙοΝῐε
766 1039 1016 1075 sanctorum
1048 1032 1294 1087 Martyrum
1328 1028 1443 1072 diem
1465 1026 1596 1072 hodie
1616 1025 1777 1071 festum

383 1101 616 1157 habentes,
656 1103 703 1145 in
725 1117 877 1147 eorum
900 1101 1200 1146 recordatione
1224 1098 1513 1159 gaudeamus,
1538 1097 1778 1143 recolentes

383 1172 492 1232 quid
512 1174 807 1233 patiebantur,
823 1183 867 1217 et
887 1171 1181 1233 intelligentes
1207 1170 1317 1232 quid
1337 1170 1642 1215 intuebantur.
1659 1171 1780 1214 Nun-

385 1257 518 1302 quam
554 1243 671 1287 enim
709 1251 851 1288 tantas
889 1241 1195 1288 tribulationes
1233 1257 1365 1287 carne
1399 1240 1661 1295 tolerarent,
1698 1238 1780 1283 nisi

385 1327 591 1371 magnam
612 1314 806 1373 quietem
834 1323 982 1359 mente
1003 1315 1301 1373 conciperent.
1328 1315 1458 1357 Hunc
1482 1313 1632 1369 itaque
1658 1308 1780 1353 Psal-

385 1398 509 1429 mum
530 1397 609 1442 pro
642 1384 734 1442 ipsa
757 1384 1031 1426 solemnitate
1061 1396 1302 1424 curramus.
1330 1383 1542 1425 Hesterno
1566 1379 1683 1424 enim
1709 1378 1780 1425 die

385 1452 525 1499 multa
549 1452 717 1497 audivit
732 1451 928 1497 Charitas
950 1452 1102 1494 Vestra
1117 1485 1129 1506 ‚
1154 1465 1235 1495 nec
1251 1450 1385 1494 hodie
1406 1460 1555 1495 tamen
1574 1450 1678 1495 huic
1694 1448 1781 1494 fes-

385 1524 545 1568 tivitati
561 1537 718 1579 negare
739 1520 965 1580 potuimus
990 1530 1184 1565 nostram
1198 1521 1467 1566 servitutem.
1496 1524 1650 1582 Itaque
1665 1537 1780 1581 quo-

386 1594 503 1637 niam
516 1591 699 1635 maxime
721 1591 893 1635 Domini
910 1591 1050 1650 passio
1072 1590 1405 1636 commendatur
1422 1592 1470 1636 in
1486 1591 1776 1648 hoc-Psalmo,

386 1678 466 1706 nec
488 1670 727 1721 potuerunt
748 1676 839 1705 esse
860 1662 995 1706 fortes
1012 1664 1242 1720 Martyres,
1259 1663 1340 1706 nisi
1360 1662 1639 1707 intuerentur
1659 1677 1777 1717 eum,

385 1732 461 1793 qui
483 1733 646 1791 primus
669 1747 815 1791 passus
837 1741 932 1790 est3
957 1747 1038 1776 nec
1063 1731 1167 1776 talia
1191 1733 1454 1777 sustinerent
1478 1733 1525 1776 in
1548 1733 1748 1792 passione
1765 1767 1777 1788 ‚

387 1803 533 1862 qualia
569 1802 641 1846 ille
656 1838 667 1857 ‚
705 1802 785 1846 nisi
820 1801 921 1846 talia
944 1811 1166 1861 sperarent
1200 1802 1247 1846 in
1269 1803 1584 1847 resurrectione
1600 1838 1611 1858 ‚
1636 1801 1781 1862 qualia

388 1873 477 1932 ipse
499 1873 554 1917 de
576 1888 620 1916 se
636 1873 972 1917 demonstravit:
994 1872 1116 1917 novit
1137 1881 1285 1917 autem
1305 1871 1518 1918 Sanctitas
1536 1875 1688 1917 Vestra
1710 1888 1781 1917 ca-

386 1952 469 2003 put
501 1953 700 1987 nostrum
735 1958 823 1986 esse
853 1943 1089 1986 Dominum
1122 1952 1320 1986 nostrum
1351 1945 1502 1986 Jesum
1531 1943 1776 1998 Christum,

388 2029 626 2073 omnesque
642 2013 984 2057 illicohaerentes
1007 2013 1204 2056 membra
1222 2028 1310 2056 esse
1330 2012 1446 2056 illius
1469 2013 1620 2072 capitis
1637 2034 1648 2071 3
1667 2014 1781 2073 ejus-
1847 2059 1850 2071 ⁸

386 2101 472 2146 que
493 2101 644 2130 vocem
662 2087 753 2145 jam
775 2084 943 2128 habetis
967 2084 1248 2138 notissimam,
1269 2084 1480 2143 quoniam
1506 2100 1595 2128 non
1615 2100 1666 2128 ex
1687 2084 1779 2129 solo

385 2156 523 2214 capite
537 2190 547 2209 ‚
573 2154 649 2198 sed
670 2155 799 2198 etiam
818 2170 868 2198 ex
889 2169 1069 2213 corpore
1091 2153 1289 2213 loquitur
1305 2175 1315 2210 3
1330 2169 1552 2214 ‘vocesque
1575 2155 1666 2214 ejus
1688 2170 1778 2200 non

382 2235 555 2269 tantum
577 2225 716 2284 ipsum
739 2225 974 2268 Dominum
992 2227 1139 2268 Jesuin
1162 2223 1400 2278 Christum,
1419 2225 1495 2284 qui
1513 2226 1604 2284 jam
1629 2240 1779 2269 ascen-

383 2296 450 2340 dit
476 2297 520 2339 in
543 2296 727 2350 coelum,
759 2296 828 2339 vel
849 2296 1115 2353 significant,
1152 2295 1222 2339 vel
1252 2295 1518 2354 praedicant,
1545 2296 1622 2341 sed
1646 2298 1778 2341 etiam

384 2369 474 2428 ejus
498 2368 692 2411 membra
725 2377 855 2426 caput
882 2368 1108 2427 proprium
1132 2376 1335 2411 secutura
1359 2387 1367 2411 ε
1394 2383 1681 2426 agnoscamus
1704 2369 1776 2413 hic

383 2454 474 2482 non
503 2437 644 2482 solum
675 2437 791 2481 illius
820 2454 998 2493 vocem,
1024 2437 1099 2482 sed
1122 2446 1163 2480 et
1187 2447 1392 2482 nostram.
1420 2441 1477 2482 Et
1507 2455 1635 2483 nemo
1660 2439 1778 2484 (licat
1844 2423 1847 2456 f

382 2508 503 2568 quod
523 2508 652 2552 hodie
676 2509 721 2551 in
749 2507 1032 2553 tribulatione
1057 2508 1306 2567 passionum
1328 2524 1418 2552 non
1447 2525 1611 2553 sumus.
1647 2512 1772 2554 Sem-

379 2594 456 2638 per
473 2579 587 2623 enim
611 2577 787 2623 audistis
809 2579 1021 2638 hoc‚quia
1044 2578 1127 2621 illis
1150 2579 1421 2638 temporibus
1435 2579 1627 2624 Ecclesia
1648 2581 1773 2640 quasi
