1889 3285
370 249 612 280 mmmm-10
643 253 690 278 ΙΝ
721 249 924 279 PsALMUM
954 252 1055 279 va.
1302 238 1388 278 239

13 336 36 361 »
69 319 217 377 lingua
246 334 356 363 mea.
385 317 537 362 »Vide
558 334 691 378 quam
712 318 757 362 in
784 327 947 362 secreto
967 316 1063 361 vult
1085 331 1174 360 esse
1204 316 1388 375 integer,

10 389 89 450 qui
112 390 241 434 offert
261 389 512 434 holocausta
538 388 792 433 medullata.
819 391 912 433 Hoc
945 388 1055 446 agite
1074 422 1085 442 ,
1110 385 1284 442 fratres,
1307 388 1392 432 hoc

13 459 239 503 imitamini
259 495 270 514 ,
297 469 349 504 ut
368 458 544 503 dicatis:
574 477 596 500 «
620 459 776 502 Venite
792 493 803 514 ‚
825 457 970 502 audite
988 466 1150 518 quanta
1172 456 1276 501 fecit
1298 457 1394 501 ani-

16 547 39 571 »
73 545 156 574 mae
193 546 316 574 meae.
344 549 365 572 »
395 529 552 574 Omnia
581 529 698 572 enirn
727 546 826 590 quae
859 538 1055 585 enarrat,
1091 529 1222 589 ipsius
1260 529 1395 587 gratia

12 600 127 644 fiunt
146 601 191 644 in
213 601 355 646 anima
374 610 535 645 nostra.
556 600 711 644 Videte
734 601 814 644 alia
841 617 940 661 quae
959 599 1089 644 dicat.

72 673 216 716 XXII.
255 691 276 714 «
300 672 580 732 Iniquitatem
617 672 651 715 si
687 672 890 731 conspexi
919 672 967 715 in
999 669 1129 715 corde
1152 684 1277 725 meo,
1306 684 1399 714 non

14 760 38 784 ο)
73 741 273 787 exaudiat
289 742 502 787 Dominus
515 744 547 785 1.
560 761 581 783 »υ
610 742 891 786 Considerate
907 742 1056 797 modo,
1076 740 1247 796 fratres,
1266 755 1399 800 quam

13 810 156 867 facile,
172 820 303 873 quam
323 813 519 873 quotidie
539 813 738 857 homines
759 813 1060 857 erubescentes
1082 813 1128 856 in
1147 811 1400 856 hominibus

13 881 263 942 iniquitates
282 891 486 927 accusant
507 901 516 926 ε
541 881 655 926 Male
678 881 805 935 fecit,
830 882 998 941 perdite
1023 880 1149 936 fecit,
1169 880 1400 925 sceleratus

15 952 148 996 homo
174 962 237 997 est
261 972 270 997 z
294 953 378 998 hoc
400 951 511 997 forte
533 962 709 1012 propter
731 945 929 996 homines
961 951 1083 996 dicit.
1113 950 1226 995 Vide
1256 951 1290 995 si
1312 965 1403 994 non

16 1021 62 1065 in
80 1022 210 1066 corde
230 1031 308 1066 tuo
327 1022 536 1081 conspicis
557 1022 830 1082 iniquitatem
847 1057 858 1076 ,
889 1036 945 1064 ne
972 1019 1084 1065 forte
1106 1019 1227 1080 quod
1253 1034 1403 1079 repre-

15 1092 171 1136 hendis
191 1092 236 1135 in
258 1092 415 1147 altero,
442 1093 601 1150 cogites
626 1091 765 1136 facere
783 1126 794 1146 ,
820 1100 863 1135 et
884 1090 984 1135 ideo
1006 1090 1051 1134 in
1072 1089 1198 1134 illum
1220 1088 1401 1145 clames,

19 1177 111 1206 non
132 1161 235 1221 quia
259 1161 362 1206 fecit
379 1197 390 1217 ,
419 1163 495 1206 sed
518 1162 619 1221 quia
650 1162 854 1205 inventus
875 1169 954 1204 est.
979 1159 1091 1204 Redi
1113 1159 1170 1203 ad
1193 1169 1236 1203 te
1252 1194 1262 1214 ,
1287 1159 1406 1203 intus

18 1241 108 1276 esto
137 1232 216 1276 tibi
234 1232 382 1292 judex.
407 1235 520 1276 Ecce
540 1233 586 1275 in
609 1231 815 1276 cubiculo
839 1240 918 1276 tuo
944 1229 1223 1284 abscondito,
1248 1230 1295 1273 in
1310 1229 1403 1288 ipsa

18 1317 128 1347 vena
149 1302 300 1346 intima
320 1301 460 1346 cordis
477 1337 488 1357 ,
512 1301 590 1345 ubi
611 1311 661 1346 tu
683 1301 798 1346 solus
820 1316 863 1345 es
881 1310 924 1344 et
946 1299 1021 1344 ille
1042 1300 1118 1360 qui
1145 1298 1286 1355 videt,
1317 1298 1408 1343 illic

19 1373 102 1417 tibi
118 1372 343 1432 displiceat
362 1373 590 1432 iniquitaS,
615 1381 666 1416 ut
692 1371 860 1431 placeas
882 1375 986 1416 Deo.
1011 1371 1110 1416 Noli
1126 1370 1246 1414 illam
1267 1370 1406 1430 respi-

22 1458 138 1498 cere,
168 1442 215 1486 id
247 1452 332 1498 est,
367 1442 459 1487 noli
490 1442 608 1486 illam
642 1441 821 1501 diligere
837 1477 848 1497 ,
874 1440 951 1485 sed
971 1441 1116 1501 potius
1138 1440 1310 1500 despice
1326 1475 1338 1496 ,
1363 1440 1409 1483 id

22 1523 111 1568 est,
136 1522 368 1557 contemne
385 1548 396 1569 ,
431 1521 475 1556 et
495 1521 687 1557 avertere
715 1512 770 1555 ab
797 1527 862 1556 ea.
888 1510 1114 1571 Quidquid
1134 1510 1286 1555 laetum
1309 1525 1412 1570 pro-

24 1585 186 1629 miserit
201 1620 211 1640 ,
231 1594 282 1629 ut
302 1584 449 1629 illiciat
471 1584 525 1628 ad
543 1582 812 1643 peccandum
831 1603 843 1640 ·,
867 1581 1085 1643 quidquid
1106 1581 1227 1625 triste
1249 1581 1412 1624 minata

23 1655 178 1710 fuerit,
208 1664 259 1699 ut
288 1654 484 1714 impellat
515 1654 570 1698 ad
597 1652 961 1697 malefaciendum
977 1688 988 1708 ‚
1013 1661 1157 1697 totum
1188 1651 1300 1695 nihil
1322 1660 1408 1706 est,

25 1735 169 1771 totum
184 1726 365 1772 transit:
389 1725 550 1784 despici
567 1724 751 1783 dignum
774 1733 838 1767 est
853 1759 864 1779 ,
889 1733 940 1768 ut
956 1723 1172 1780 calcetur,
1191 1738 1281 1767 non
1303 1737 1410 1766 con-

28 1797 133 1857 spici
153 1832 164 1852 ,
182 1805 232 1840 ut
254 1805 516 1856 acceptetur.
545 1799 593 1851 [2
619 1794 817 1853 Suggerit
838 1794 953 1837 enim
976 1792 1211 1853 aliquando
1236 1808 1314 1852 per
1334 1808 1411 1837 co-

28 1868 255 1928 gitationes
270 1903 280 1923 ,
305 1866 375 1912 vel
395 1882 472 1926 per
492 1866 624 1910 verba
647 1864 991 1924 colloquentium
1015 1863 1247 1908 malorum.
1268 1882 1289 1906 «
1305 1866 1414 1908 Cor-

33 1958 54 1982 »
89 1948 300 1998 rumpunt
323 1939 437 1982 enim
461 1953 600 1982 mores
616 1937 755 1981 bonos
774 1935 990 1996 colloquia
1008 1934 1120 1980 mala
1144 1955 1152 1980 :
1177 1944 1226 1979 tu
1251 1934 1343 1979 noli
1363 1950 1414 1979 ea

34 2028 55 2052 »
90 2009 298 2068 respicere
313 2010 344 2052 3.
374 2027 394 2049 ))
419 2006 502 2053 Sed
524 2022 677 2066 parum
696 2015 759 2050 est
777 2007 822 2050 in
839 2005 966 2050 vultu
984 2041 995 2059 ,
1022 2020 1174 2062 parum
1193 2013 1256 2048 est
1276 2004 1322 2048 in
1336 2004 1416 2047 lin-

34 2096 117 2140 gua
138 2095 147 2121 :
171 2080 218 2122 in
237 2078 368 2123 corde
397 2078 488 2122 noli
521 2077 729 2138 respicere
744 2111 755 2131 ,
781 2075 827 2120 id
849 2084 911 2119 est
927 2111 938 2130 ,
969 2074 1060 2119 noli
1082 2074 1260 2133 diligere
1274 2109 1285 2130 ,
1325 2074 1416 2119 noli

33 2158 270 2208 acceptare.
294 2151 403 2193 Nam
434 2156 679 2206 respectum
701 2162 780 2205 pro
803 2145 1036 2189 dilectione
1059 2145 1164 2204 poni
1196 2144 1417 2205 quotidia-

34 2235 141 2264 num
160 2229 223 2263 est
245 2238 254 2263 ε
278 2219 419 2278 primo
437 2218 538 2278 quia
561 2216 615 2261 de
631 2220 721 2261 Deo
738 2216 946 2260 dicimus:
967 2215 1168 2274 Respexit
1189 2230 1274 2258 me.
1300 2214 1420 2268 Quid

36 2299 120 2344 est,
145 2289 348 2347 Respexit
364 2290 459 2332 nie?
481 2290 594 2332 Ante
612 2287 728 2330 enim
744 2296 787 2330 te
808 2302 898 2330 non
917 2286 1226 2330 videbat?Aut
1249 2300 1420 2329 sursum

37 2359 305 2413 attendebat,
322 2368 364 2402 et
379 2358 580 2418 precibus
594 2358 678 2402 tuis
693 2358 980 2402 commonitus
995 2365 1074 2412 est,
1090 2365 1141 2400 ut
1155 2356 1202 2400 in
1216 2365 1260 2400 te
1272 2356 1421 2401 oculos

38 2431 253 2474 mitteret?
282 2427 470 2472 Videbat
500 2437 544 2472 te
572 2437 615 2472 et
632 2437 762 2472 ante:
794 2427 891 2483 sed,
925 2427 1129 2487 Respexit
1150 2442 1243 2483 me,
1275 2426 1382 2471 dicis
1408 2445 1419 2471 :

88 2533 97 2550 ¹
116 2526 196 2558 Psal.
216 2537 291 2568 va,
312 2525 363 2557 18.
388 2542 429 2548 -
447 2531 460 2548 2
484 2525 593 2557 Plures
610 2529 645 2557 et
672 2525 779 2568 probae
795 2529 879 2557 notae
896 2527 984 2558 MSS.
1002 2529 1117 2558 carent
1134 2523 1279 2557 omnibus
1299 2523 1337 2555 iis
1352 2533 1422 2557 ver-

43 2583 141 2625 sibus,
158 2582 211 2625 qui
223 2581 454 2616 concluduntur
468 2580 600 2614 uncinis.
624 2598 663 2604 —
686 2579 698 2603 3
720 2592 732 2612 1
753 2583 824 2614 Cor.
850 2591 904 2623 xv,
920 2581 971 2614 33.
