1889 3285
419 246 505 287 474
824 257 858 288 s.
894 258 1125 288 Avensa-nu
1158 262 1339 290 zmscori

418 324 573 368 terrae?
604 341 626 366 «
659 323 823 369 Dedisti
856 339 955 368 eum
989 325 1034 369 in
1064 340 1206 370 escam
1239 326 1411 386 populis
1443 325 1740 386 AEthiopibus.
1782 343 1803 368 u

415 394 531 448 Quid
544 394 728 439 esth'ocP
749 395 982 449 Quomodo
995 396 1191 455 intelligo
1208 396 1393 455 populos
1410 396 1666 455 AEthiopes‘?
1684 399 1807 450 Quo-

416 464 571 519 modo,
602 463 683 509 nisi
706 480 784 524 per
813 466 893 509 hos
915 481 1063 510 omnes
1096 467 1283 511 Gentes?
1304 469 1360 511 Et
1380 466 1492 511 bene
1522 482 1601 526 per
1630 467 1806 525 nigros:

416 535 643 594 AEthiopes
673 535 788 579 enim
821 535 933 594 nigri
960 544 1076 579 sunt.
1103 536 1190 595 Ipsi
1217 546 1432 581 vocantur
1464 537 1519 581 ad
1540 536 1696 592 fidem,
1733 538 1810 597 qui

417 606 529 666 nigri
554 604 759 664 fuerunt,
779 606 858 666 ipsi
881 622 1054 666 prorsus
1068 642 1078 662 ,
1105 617 1155 652 ut
1177 606 1348 652 dicatur
1369 608 1451 666 eis,
1479 626 1499 649 «
1520 607 1680 652 Fuistis
1693 609 1810 653 enim

419 694 440 718 »
476 676 714 737 aliquando
745 677 963 735 tenebrae,
996 693 1114 722 nunc
1145 686 1292 722 autem
1328 676 1404 722 lux
1437 678 1482 721 in
1517 678 1753 723 Domino¹.
1784 696 1805 720 »

416 748 505 808 Ipsi
539 764 712 807 prorsus
735 758 945 794 vocantur
967 749 1099 807 nigri3
1124 748 1200 794 sed
1231 765 1286 794 ne
1305 757 1558 793 remaneant
1577 749 1691 808 nigri
1716 768 1726 795 :
1753 748 1809 794 de

416 819 482 863 his
518 819 636 862 enim
663 819 714 863 fit
749 819 964 875 Ecclesia,
998 820 1071 864 cui
1093 819 1255 864 dicitur
1280 839 1289 865 :
1317 839 1338 862 «
1366 822 1474 873 Quae
1507 829 1571 864 est
1597 819 1678 864 ista
1709 835 1810 880 quae

419 908 440 931 »
476 889 671 935 ascendit
694 890 894 935 dealbata
915 892 959 933 2?
985 912 1002 934 »
1029 891 1146 945 Quid
1169 891 1284 935 enim
1306 890 1361 936 de
1382 891 1505 951 nigra
1523 890 1690 935 factum
1720 900 1807 947 est,

419 960 500 1005 nisi
531 960 654 1021 quod
675 960 842 1006 dictum
866 971 929 1006 cst
951 981 960 1007 ε
983 981 1002 1003 «
1024 962 1155 1020 Nigra
1179 977 1298 1016 sum,
1331 970 1375 1006 et
1405 961 1597 1021 speciosa
1617 962 1658 1004 3?
1694 979 1715 1002 »
1752 964 1810 1006 Et

414 1031 639 1092 quomodo
660 1042 922 1092 acceperunt
938 1033 1007 1077 isti
1028 1032 1074 1078 in
1096 1048 1234 1078 escam
1258 1031 1494 1077 draconem
1517 1033 1674 1077 istum?
1696 1036 1809 1077 Puto

414 1103 518 1162 quia
538 1103 672 1161 magis
689 1104 911 1148 Christum
933 1113 1196 1164 acceperunt
1217 1104 1262 1148 in
1280 1119 1421 1148 escam
1440 1123 1449 1148 ι
1466 1103 1543 1148 sed
1559 1103 1805 1159 Christum,

413 1189 503 1234 quo
545 1189 590 1218 se
627 1185 1004 1232 consummarent3
1047 1174 1273 1220 diabolum
1313 1190 1445 1235 quem
1483 1183 1805 1219 consumerent.

413 1246 522 1289 Nam
545 1243 647 1288 inde
669 1253 712 1288 et
728 1243 890 1288 vitulus
911 1244 985 1288 ille
1009 1261 1141 1305 quem
1163 1243 1359 1289 adoravit
1380 1244 1570 1305 populus
1592 1243 1805 1301 infidelis,

413 1323 629 1374 apostata,
655 1330 856 1375 quaerens
885 1315 988 1359 deos
1011 1316 1341 1375 AEgyptiorum,
1367 1316 1589 1360 dimittens
1613 1330 1714 1359 eum
1732 1315 1809 1376 qui

411 1385 615 1430 liberavit
650 1384 704 1429 de
734 1386 939 1430 servitute
972 1386 1307 1445 AEgyptiorum:
1346 1385 1464 1430 unde
1497 1387 1709 1445 agitatum
1744 1395 1808 1431 est

412 1455 523 1499 illud
547 1471 756 1514 magnum
793 1466 1128 1501 sacramentum.
1165 1459 1277 1501 Cum
1310 1457 1427 1500 enim
1460 1457 1519 1501 sic
1552 1457 1807 1501 irasceretur

409 1529 582 1584 Moyses
611 1526 855 1570 colentibus
878 1536 922 1571 et
938 1527 1221 1571 adorantibus
1242 1526 1433 1581 idolum,
1463 1536 1506 1571 et
1528 1527 1618 1572 zelo
1641 1527 1719 1571 Dei
1736 1528 1806 1571 in-

411 1598 658 1643 flammatus
674 1597 914 1643 vindicaret
941 1598 1263 1658 temporaliter,
1282 1608 1332 1642 ut
1350 1614 1372 1642 a
1387 1607 1528 1643 morte
1545 1599 1806 1659 sempiterna

410 1668 643 1713 devitanda
675 1678 877 1726 terreret3
913 1677 1061 1713 tamen
1086 1669 1229 1728 ipsum
1265 1678 1397 1728 caput
1429 1669 1555 1713 vituli
1583 1669 1629 1713 in
1661 1670 1805 1728 ignem

408 1739 550 1795 misit,
577 1749 620 1784 et
650 1740 975 1794 exterminavit,
1000 1740 1281 1794 comminuit,
1314 1740 1359 1784 in
1381 1756 1538 1800 aquam
1561 1740 1735 1800 sparsit,
1762 1750 1806 1785 et

407 1809 530 1855 dedit
556 1809 720 1870 populo
741 1810 892 1855 bibere
908 1811 923 1836 ⁴
943 1829 953 1855 ι
970 1810 1030 1855 sic
1050 1810 1216 1854 factum
1238 1819 1302 1854 est
1323 1826 1534 1870 magnum
1556 1826 1803 1856 sacramen-

406 1889 517 1925 tum.
544 1882 581 1925 Ο
602 1880 665 1925 ira
691 1881 947 1941 prophetica
968 1890 1012 1925 et
1033 1881 1203 1925 animus
1227 1896 1317 1925 non
1347 1881 1575 1937 turbatus,
1600 1881 1675 1926 sed
1698 1881 1803 1925 illu-

406 1951 618 1995 minatus!
641 1952 754 2005 Quid
773 1953 886 2011 egit?
900 1951 1026 1996 Mitte
1046 1951 1093 1994 in
1109 1951 1257 2009 ignem
1271 1986 1281 2006 ,
1302 1960 1351 1995 ut
1363 1951 1483 2011 prius
1502 1950 1800 1996 confundatur

405 2021 544 2066 torma
576 2022 693 2082 ipsa,
728 2022 979 2066 minutatim
1011 2021 1282 2076 comminue,
1313 2030 1364 2065 ut
1393 2021 1604 2081 paulatim
1639 2038 1801 2067 consu-

404 2101 549 2136 matur
568 2111 576 2136 :
596 2093 719 2137 mitte
740 2092 785 2137 in
803 2107 984 2153 aquam,
1011 2092 1066 2136 da
1087 2091 1253 2151 populo
1276 2091 1440 2135 bibere.
1467 2090 1583 2145 Quid
1606 2101 1670 2137 est
1692 2094 1798 2149 hoc,

406 2162 488 2206 nisi
524 2163 626 2223 quia
661 2163 908 2208 adoratores
946 2162 1111 2207 diaboli
1147 2177 1304 2222 corpus
1338 2161 1472 2222 ipsius
1508 2160 1614 2207 facti
1649 2165 1799 2208 erant?

404 2234 636 2286 Quomodo
663 2243 943 2292 agnoscentes
958 2234 1201 2289 Christum,
1222 2235 1334 2277 fiunt
1359 2249 1515 2293 corpus
1537 2235 1722 2290 Christi,
1749 2244 1799 2279 ut

401 2302 461 2347 eis
482 2303 651 2347 dicatur
669 2323 676 2348 :
695 2307 815 2349 «Vos
829 2314 974 2349 autem
993 2304 1090 2348 estis
1105 2319 1261 2364 corpus
1276 2304 1434 2348 Christi
1451 2314 1494 2348 et
1510 2305 1708 2349 membra
1720 2307 1752 2349 ⁵.
1773 2323 1793 2346 »

401 2375 568 2433 Corpus
598 2373 759 2419 diaboli
791 2374 1140 2419 consumendum
1170 2383 1280 2428 erat,
1310 2383 1352 2417 et
1387 2375 1470 2419 hoc
1503 2375 1558 2419 ab
1593 2374 1797 2420 Israelitis

399 2444 764 2490 consumendum.
786 2448 851 2489 Ex
873 2445 949 2490 illo
971 2446 1085 2489 enim
1109 2444 1273 2505 populo
1295 2445 1515 2504 Apostoli,
1538 2461 1589 2490 ex
1609 2445 1685 2490 illo
1706 2447 1796 2506 pri-

446 2547 455 2564 ¹
477 2540 593 2584 EpheS.
621 2552 653 2582 v,
671 2541 702 2574 8.
723 2558 765 2564 —-
797 2548 810 2564 ²
828 2544 921 2575 Cant.
947 2552 1018 2584 viu,
1039 2541 1071 2583 5,
1092 2542 1184 2583 juxta
1203 2552 1275 2574 Lxx.
1304 2558 1346 2564 —
1368 2540 1380 2564 3
1412 2543 1458 2574 Id.
1482 2554 1506 2585 1,
1526 2542 1558 2585 4.
1585 2560 1627 2566 ——-
1654 2541 1670 2568 6
1688 2543 1790 2575 Exod.

399 2607 500 2638 xxxu,
528 2606 619 2631 1-20.
642 2613 683 2620 ν-
705 2595 720 2620 5
738 2609 749 2629 ι
767 2599 840 2630 Cor.
861 2608 915 2638 ιιι,
940 2606 994 2639 27.
