1889 3285
275 277 515 308 ENAnnAno
548 282 562 308 1
594 280 640 306 ιΝ
672 276 874 306 PsALMUM
906 279 1041 316 Lvm,
1076 275 1214 305 SERMO
1247 279 1277 304 1.
1411 267 1464 305 57

83 351 147 387 est
169 359 192 387 a
214 343 352 388 Pilato
374 353 417 388 et
438 345 627 404 positus:
653 364 671 386 «
688 347 779 387 Rex
804 346 827 386 J
832 342 1074 397 udaeorum,
1093 361 1112 383 n
1134 342 1271 386 tribus
1288 342 1461 401 linguis,

81 413 255 457 hebraea
271 449 281 468 ,
303 428 437 471 graeca
463 423 506 458 et
526 415 680 459 latina¹
705 430 713 455 :
737 429 836 474 quae
859 413 1018 472 linguae
1040 421 1133 457 toto
1151 413 1256 456 orbe
1279 414 1465 459 maxime

80 483 311 528 excellunt.
339 485 476 543 Igitur
493 485 526 529 si
549 501 621 528 rex
641 486 896 529 Judaeorum
919 484 1147 528 crucifixus
1161 493 1238 537 est,
1258 494 1301 528 et
1323 484 1463 528 Judaei

15 572 17 574 ·
80 568 224 612 regem
243 570 369 598 suum
387 555 717 612 crucifixerunt,
737 553 1031 613 crucifigendo
1054 569 1154 597 eum
1173 555 1301 598 etiam
1320 569 1464 612 regem

81 625 272 682 gentium
303 624 534 669 fecerunt:
572 626 705 683 magis
738 639 869 685 quam
905 624 1173 668 occiderunt.
1208 627 1264 668 Et
1287 623 1465 684 quidem

82 703 297 753 quautum
328 694 373 737 in
404 694 488 738 illis
517 694 626 749 fuit,
659 694 942 754 perdiderunt
967 694 1187 738 Christum
1205 729 1216 748 ,
1255 694 1330 737 sed
1358 694 1461 748 sibi,

80 779 168 807 non
192 763 337 820 nobis,
358 773 400 807 et
423 773 621 808 mortuus
639 774 702 808 est
723 763 794 807 ille
816 779 895 823 pro
915 763 1042 807 nobis
1057 799 1068 818 ,
1093 773 1136 808 et
1158 763 1366 821 sanguine
1386 779 1464 808 suo

82 833 266 877 redemit
287 850 379 878 nos.
400 837 458 878 Et
479 834 610 878 modo
627 850 715 878 non
740 843 802 877 est
819 843 1050 892 corruptus
1074 832 1247 878 titulus:
1273 834 1373 894 quia
1391 832 1465 877 ille

81 919 154 947 rex
177 912 260 958 est,
285 919 375 948 non
408 904 548 948 solum
571 905 785 962 gentium,
818 903 892 947 sed
917 904 1044 947 etiam
1071 904 1263 962 ipsorum
1287 904 1466 948 Judaeo-

40 1006 44 1010 ·
79 989 192 1018 rum.
217 973 335 1027 Quid
352 975 464 1018 enim
479 976 496 1015 ⁶?
514 975 620 1028 Quia
643 973 1000 1018 contradixerunt
1015 1008 1025 1028 ,
1050 972 1148 1018 ideo
1170 974 1280 1032 regis
1301 974 1369 1017 sui
1392 973 1466 1018 do·

80 1045 362 1089 minationem
395 1055 586 1090 evertere
614 1047 881 1105 potuerunt?
916 1048 1006 1089 Rex
1034 1054 1097 1089 est
1128 1054 1170 1089 et
1199 1060 1327 1104 supra
1350 1044 1460 1090 illos.

78 1117 187 1160 Nam
207 1114 279 1159 ille
297 1131 371 1159 rex
394 1115 555 1174 virgam
580 1115 760 1160 ferream
783 1115 905 1173 gerit,
926 1131 1011 1175 qua
1034 1124 1078 1158 et
1094 1115 1204 1173 regit
1226 1123 1269 1158 et
1285 1114 1461 1173 frangit.

84 1203 103 1226 «
137 1187 259 1243 Ego,
296 1185 464 1246 inquit,
503 1186 764 1230 constitutus
795 1201 890 1228 sum
924 1200 997 1229 rex
1032 1185 1086 1228 ab
1120 1199 1171 1228 eo
1201 1200 1330 1244 super
1363 1185 1465 1229 Sion

83 1273 102 1295 »
135 1264 330 1299 montem
352 1265 549 1301 sanctum
573 1257 662 1316 ejus
678 1292 688 1311 ,
721 1256 958 1316 praedicans
980 1265 1249 1315 praeceptum
1272 1256 1461 1300 Domini.

80 1342 101 1365 n
136 1325 346 1370 Dominus
369 1325 479 1370 dixit
505 1325 560 1370 ad
587 1342 656 1370 me
687 1346 694 1370 :
727 1326 861 1370 Filius
895 1341 1017 1370 meus
1046 1341 1089 1369 cs
1119 1335 1192 1380 tu,
1227 1341 1307 1384 ego
1337 1325 1466 1369 hodie

80 1414 101 1437 »
138 1397 267 1455 genui
289 1406 331 1441 te
351 1417 360 1442 :
387 1397 559 1456 postula
581 1413 604 1441 a
629 1413 697 1441 me
715 1433 725 1451 ,
753 1407 795 1442 ct
817 1396 930 1441 dabo
960 1396 1040 1441 tibi
1064 1406 1211 1455 gentes
1231 1396 1465 1440 haeredita-

81 1485 102 1508 »
138 1476 224 1511 tem
248 1477 383 1523 tuam,
402 1478 445 1512 et
466 1469 777 1528 possessionem
806 1477 923 1512 tuam
945 1468 1151 1513 terminos
1173 1477 1322 1525 terras,
1346 1482 1465 1526 reges

82 1555 102 1578 »
137 1553 207 1581 eos
220 1539 264 1581 in
279 1539 398 1597 virga
409 1539 564 1594 ferrea,
583 1548 625 1583 et
639 1549 845 1599 tanquam
864 1555 936 1583 vas
959 1538 1081 1597 figuli
1102 1548 1293 1583 conteres
1313 1542 1425 1583 eos‘2.
1442 1556 1461 1579 »

78 1612 192 1660 Quos
214 1611 362 1667 reget?
393 1624 501 1668 quos
536 1612 759 1652 conteret?
791 1613 928 1664 Reget
955 1609 1234 1661 obedientes,
1273 1616 1465 1651 conteret

79 1678 335 1722 resistentes,
365 1681 479 1736 Ergo
494 1714 504 1732 ,
538 1697 557 1719 «
581 1681 645 1723 Ne
677 1693 927 1736 corrumpas
942 1712 952 1731 ,
975 1695 995 1718 ³>
1029 1676 1192 1735 optime
1215 1685 1258 1720 et
1276 1678 1466 1736 prophe-

78 1749 162 1793 tice
187 1768 195 1793 :
220 1747 577 1809 quandoquidem
606 1757 648 1792 et
685 1748 748 1792 illi
771 1750 795 1791 J
800 1748 913 1791 udaei
936 1756 1242 1806 suggesserunt
1264 1756 1369 1791 tunc
1393 1747 1465 1791 Pi-

79 1817 166 1862 lato
186 1853 197 1872 ,
233 1827 275 1862 et
302 1818 506 1862 dixerunt
536 1838 545 1862 :
579 1837 599 1860 «
630 1817 729 1862 Noli
757 1818 942 1862 scribere
971 1831 1043 1860 rex
1073 1816 1354 1871 Judaeorum,
1390 1816 1465 1861 scd

83 1905 104 1928 »
138 1887 276 1931 scribe
292 1888 423 1946 ,quia
445 1888 534 1946 ipse
550 1903 593 1931 se
615 1886 722 1930 dixit
744 1902 889 1945 regem
912 1885 1166 1930 Judaeorum
1187 1905 1195 1929 :
1221 1905 1240 1927 »
1268 1901 1369 1930 nam
1388 1887 1464 1930 istc

79 1956 256 2010 titulus,
281 1957 513 2016 inquiunt,
534 1957 806 2000 confirmavit
826 1955 949 2000 illum
975 1971 1119 2013 regem
1143 1956 1282 2000 nobis.
1308 1959 1365 1999 Et
1391 1956 1463 1999 Pi-

78 2027 189 2072 latus
210 2043 218 2067 :
251 2046 270 2068 «
295 2026 424 2080 Quod
445 2027 615 2086 scripsi,
636 2027 783 2086 scripsi
803 2028 834 2070 3.
864 2045 883 2067 »
906 2029 962 2070 Et
982 2025 1209 2086 impletum
1238 2035 1326 2083 est,
1357 2046 1376 2068 ι(
1401 2029 1465 2072 Ne

83 2115 104 2138 »
139 2111 404 2155 corrumpas.
429 2115 448 2137 υ

139 2169 197 2210 Π.
222 2169 310 2211 Νθθ
331 2166 410 2210 ἰεῖθ
432 2165 547 2209 solus
578 2164 771 2209 Psalmus
787 2166 919 2211 habet
946 2166 1196 2226 hujusmodi
1219 2167 1466 2226 inscriptio-

81 2251 197 2290 nem,
222 2244 273 2278 ut
288 2234 439 2279 titulus
455 2250 545 2278 non
561 2245 881 2295 corrumpatur.
902 2235 1080 2296 Aliquot
1104 2236 1260 2281 Psalmi
1280 2237 1339 2281 sic
1358 2252 1468 2296 prae-

81 2307 216 2351 notati
238 2306 393 2355 sunt43
423 2305 499 2349 sed
524 2315 670 2349 tamen
692 2307 736 2349 in
760 2307 962 2350 omnibus
985 2308 1125 2366 passio
1148 2308 1320 2351 Domini
1351 2324 1466 2367 prae-

80 2377 321 2420 nuntiatur.
352 2379 467 2434 Ergo
495 2386 536 2419 ct
564 2376 635 2420 hic
671 2376 967 2435 intelligamus
996 2378 1169 2421 Domini
1194 2379 1432 2436 passionem
1451 2413 1461 2432 ,

80 2456 122 2491 et
148 2446 353 2506 loquatur
379 2446 504 2490 nobis
534 2446 728 2490 Christus
755 2456 888 2506 caput
909 2456 952 2489 ct
975 2463 1148 2507 corpus.
1187 2448 1253 2492 Sic
1275 2463 1458 2506 semper,

128 2549 136 2565 ¹
158 2542 270 2574 Hatth.
289 2553 411 2581 xxvm,
433 2543 487 2584 37,
507 2544 583 2574 Luc.
607 2554 700 2583 xxm,
720 2543 774 2582 38,
791 2548 823 2574 et
841 2545 931 2575 Joan.
951 2554 1002 2575 xix
1019 2570 1027 2585 ,
1058 2556 1107 2586 ις).
1129 2562 1170 2567 —-
1190 2552 1202 2568 ²
1224 2545 1302 2576 Psal.
1328 2556 1361 2584 n,
1379 2544 1459 2585 6-9.

82 2614 122 2620 -
143 2595 156 2619 3
173 2600 261 2628 Joan.
283 2608 349 2638 xix,
369 2605 421 2629 21.
447 2614 487 2619 -
507 2588 521 2617 4
544 2597 625 2629 Psal.
648 2602 837 2639 1,x'1,1.vnct
857 2609 949 2631 ivm.
