1889 3285
403 278 485 317 138
828 288 862 314 s.
897 283 1128 314 Auens-nm
1158 286 1340 316 nmscon

399 352 509 398 nihil
530 360 594 396 est
615 351 836 413 iniquitas,
862 359 1017 411 potens
1039 365 1128 395 non
1161 359 1227 395 est
1248 351 1328 395 nisi
1350 350 1531 411 Justitia.
1561 349 1781 410 Occultari

398 432 540 483 potest
560 422 614 467 ad
630 432 802 482 tempus
819 422 988 476 veritas,
1011 421 1127 465 vinci
1147 437 1238 466 non
1257 429 1414 480 potest.
1442 420 1618 465 Florere
1638 429 1783 480 potest

399 494 456 539 ad
478 502 649 553 tempus
665 493 883 553 iniquitas,
907 506 1161 551 permanere
1187 507 1278 536 non
1298 499 1455 551 potest.
1479 510 1501 533 «
1524 490 1668 537 Nolite
1688 506 1782 551 spe-

402 583 424 606 »
457 579 550 608 rare
572 578 702 623 super
729 562 1032 623 iniquitatem:
1063 571 1107 605 et
1130 561 1175 606 in
1202 562 1398 621 rapinam
1428 577 1484 606 ne
1506 562 1784 622 concupisca-

402 652 423 676 »
457 635 526 678 tis.
552 652 573 676 »
594 636 693 679 Non
719 648 763 678 es
795 632 929 688 dives,
965 640 1008 676 et
1029 647 1178 692 rapere
1199 633 1289 677 vis?
1317 632 1429 686 Quid
1450 633 1651 677 invenis?
1672 632 1783 693 quid

399 704 568 765 perdis?
588 706 625 749 Ο
646 704 765 748 lucra
779 703 1014 748 damnosa!
1035 704 1208 748 Iuvenis
1224 703 1470 763 pecuniam,
1490 702 1635 762 perdis
1650 703 1782 763 justi-

399 776 519 820 tiam.
549 794 570 818 «
594 779 646 820 In
667 775 864 835 rapinam
885 789 941 818 ne
963 773 1290 833 concupiscatis.
1317 791 1337 814 »
1364 776 1534 833 Pauper
1555 788 1667 829 sum,
1692 789 1783 818 non

397 847 555 891 habeo.
579 846 684 890 Ideo
705 860 855 905 rapere
877 845 966 889 vis?
987 844 1104 898 Quid
1124 845 1279 905 rapias,
1300 844 1420 889 vides
1447 864 1455 888 :
1487 860 1510 888 a
1532 859 1620 905 quo
1642 845 1784 904 rapia-

398 917 470 972 ris,
491 932 582 961 non
600 916 748 961 vides?
769 915 913 961 Nescis
933 915 1114 960 circuire
1135 915 1360 960 inimicum
1380 906 1589 975 tanquam
1609 913 1783 959 leonem

398 987 657 1046 rugientem,
678 995 720 1031 et
735 995 1004 1046 quaerentem
1022 985 1129 1046 quid
1157 986 1343 1046 rapiat¹?
1365 985 1517 1030 Praeda
1537 985 1612 1030 ina
1627 1000 1785 1046 quam-

398 1058 460 1101 vis
485 1072 654 1117 rapere,
691 1057 737 1101 in
770 1055 1013 1116 muscipula
1037 1065 1100 1100 est
1126 1076 1135 1101 :
1163 1065 1311 1112 tenes,
1333 1065 1377 1100 et
1398 1056 1570 1100 teneris.
1602 1058 1654 1099 In
1675 1056 1784 1115 rapi-

397 1142 500 1171 nam
530 1142 633 1186 ergo
660 1142 716 1171 ne
749 1127 1047 1186 concupiscas,
1078 1143 1104 1172 o
1136 1143 1302 1187 pauper
1319 1163 1330 1182 ‚
1355 1126 1432 1172 sed
1458 1126 1717 1186 concupisce
1735 1127 1783 1170 in

397 1200 537 1242 Deum
560 1199 638 1258 qui
658 1208 834 1258 praestat
849 1196 974 1243 nobis
989 1199 1133 1242 omnia
1148 1197 1424 1242 abundanter
1440 1196 1495 1241 ad
1506 1196 1779 1241 fruendum2.

398 1270 548 1312 Pascet
567 1277 611 1312 te
632 1269 707 1328 qui
724 1267 827 1313 tecit
849 1278 907 1312 te.
934 1269 1019 1322 Qui
1040 1269 1176 1328 pascit
1187 1268 1418 1323 latronem,
1443 1283 1533 1312 non
1553 1276 1700 1327 pascet
1716 1267 1784 1314 in-

397 1341 657 1383 nocentem?
678 1342 828 1383 Pascet
850 1347 892 1382 te
914 1340 991 1398 qui
1011 1339 1143 1383 solem
1168 1354 1295 1382 suum
1318 1339 1419 1383 oriri
1435 1336 1539 1382 facit
1555 1353 1686 1397 super
1699 1339 1783 1383 bo-

397 1424 475 1453 nos
497 1418 541 1453 et
561 1408 719 1465 malos,
754 1418 797 1453 et
818 1408 930 1468 pluit
957 1423 1087 1467 super
1103 1410 1243 1468 justos
1265 1417 1308 1451 et
1333 1408 1550 1467 injustosss.
1584 1408 1628 1452 Si
1648 1409 1785 1468 pascit

397 1478 682 1536 damnandos,
707 1496 795 1525 non
816 1488 962 1539 pascet
982 1478 1260 1523 liberandos?
1276 1482 1392 1536 Ergo
1408 1479 1455 1522 in
1477 1480 1673 1539 rapinam
1694 1480 1784 1525 noli

398 1551 711 1607 concupiscere.
738 1551 912 1594 Dictum
930 1558 994 1594 est
1012 1550 1097 1594 hoc
1113 1549 1309 1608 pauperi,
1334 1549 1524 1593 fortassis
1543 1549 1710 1610 aliquid
1728 1550 1785 1595 de

397 1621 648 1665 necessitate
677 1630 869 1680 rapturo.
894 1621 1021 1664 Dives
1042 1619 1249 1679 procedat
1275 1638 1284 1663 z
1309 1621 1407 1664 Non
1430 1619 1577 1664 habeo
1601 1634 1696 1678 ego,
1721 1620 1783 1664 in-

396 1692 519 1751 quit,
552 1692 850 1735 necessitatem
870 1691 1066 1750 rapiendi
1093 1710 1101 1735 :
1124 1689 1233 1734 nihil
1249 1690 1356 1734 mihi
1377 1690 1523 1746 deest,
1556 1691 1783 1737 abundant

398 1761 558 1806 omnia.
585 1764 642 1805 Et
660 1771 709 1806 tu
732 1761 833 1806 audi
853 1782 861 1807 ε
883 1781 904 1804 «
923 1762 1094 1806 Divitiae
1112 1762 1145 1805 si
1163 1761 1318 1814 fluant,
1338 1776 1394 1804 ne
1416 1761 1641 1821 apponatis
1658 1777 1778 1807 cor.»

398 1831 478 1876 Ille
499 1847 589 1877 non
621 1832 769 1888 habet3
800 1833 878 1877 iste
904 1833 1038 1877 habet
1063 1851 1071 1877 ε
1096 1830 1168 1876 ille
1191 1847 1279 1876 non
1303 1842 1469 1892 quaerat
1491 1847 1641 1892 rapere
1661 1832 1782 1894 quod

397 1902 487 1948 non
512 1904 658 1959 habet,
683 1904 763 1948 iste
784 1920 874 1948 non
896 1913 1087 1964 apponat
1108 1919 1182 1948 cor
1213 1903 1259 1947 in
1279 1919 1330 1947 eo
1353 1903 1475 1964 quod
1494 1903 1641 1948 habet.
1670 1923 1691 1947 «
1712 1905 1781 1949 Di-

400 1992 421 2014 »
455 1974 571 2019 vitiae
589 1976 621 2018 si
643 1975 799 2030 fluant,
826 1992 845 2016 »
871 1973 916 2018 id
939 1984 1017 2030 est,
1043 1974 1077 2018 si
1093 1974 1330 2029 exundent,
1354 1984 1565 2034 tanquam
1582 1973 1636 2019 de
1657 1974 1780 2020 fonte

398 2054 588 2089 currant.
619 2064 640 2088 ι(
660 2048 723 2091 Ne
745 2046 970 2105 apponatis
986 2060 1060 2089 cor
1079 2064 1087 2089 ε
1106 2063 1126 2086 n
1145 2045 1235 2089 noli
1256 2047 1311 2090 de
1331 2054 1375 2090 te
1393 2060 1672 2104 praesumere,
1688 2044 1780 2090 noli

398 2114 458 2158 ibi
477 2124 519 2159 te
536 2116 666 2174 figere
688 2135 695 2160 :
721 2125 838 2160 certe
858 2114 928 2161 vel
948 2116 1033 2160 hoc
1054 2116 1173 2171 time,
1203 2116 1407 2161 «Divitiae
1423 2117 1456 2160 si
1480 2116 1666 2161 fluant.»
1680 2118 1781 2162 Non

397 2185 515 2229 vides
532 2187 632 2246 quia
655 2187 689 2231 si
710 2187 770 2230 ibi
792 2203 866 2232 cor
885 2187 1090 2247 posueris,
1113 2195 1156 2230 et
1172 2195 1221 2230 tu
1243 2187 1382 2231 flues?
1402 2187 1528 2231 Dives
1543 2203 1601 2243 eS‚
1622 2195 1665 2231 et
1679 2201 1779 2231 ecce

392 2256 482 2315 jam
503 2272 591 2301 non
623 2258 887 2317 concupiscis
915 2257 1057 2302 adhuc
1091 2258 1271 2312 habere,
1308 2257 1410 2318 quia
1439 2256 1578 2302 multa
1604 2257 1740 2302 habes
1765 2276 1775 2303 ε

399 2325 500 2370 audi
527 2345 535 2371 :
570 2345 590 2369 «
615 2328 803 2386 Praecipe
825 2327 1032 2372 divitibus
1053 2329 1181 2389 hujus
1198 2328 1368 2385 mundi,
1388 2343 1477 2374 non
1499 2329 1687 2389 superbe
1707 2344 1778 2373 sa-

400 2414 422 2438 »
454 2398 590 2456 pei-(3⁴.
629 2416 648 2438 n
682 2400 738 2441 Et
764 2399 870 2458 quid
899 2409 961 2444 est
992 2419 1000 2443 :
1037 2419 1056 2442 α
1090 2403 1154 2446 Ne
1184 2400 1410 2460 apponatis
1443 2401 1544 2445 cor?
1573 2419 1594 2442 >›
1623 2402 1776 2461 Neque

395 2482 565 2526 sperare
586 2468 632 2511 in
652 2469 816 2513 incerto
834 2469 1116 2515 divium-unu.
1144 2473 1258 2529 Ergo
1282 2490 1290 2516 :
1320 2490 1340 2513 «
1370 2471 1540 2515 Divitiae
1557 2471 1591 2515 si
1612 2471 1767 2527 fluant,

445 2570 458 2588 ⁸
485 2576 499 2596 1
528 2567 611 2597 Pctr.
634 2577 675 2606 v,
701 2565 732 2597 8,
754 2573 823 2589 —2
846 2579 856 2597 1
884 2567 962 2597 Tim⁴
985 2578 1043 2608 vn,
1073 2578 1122 2609 ¹7·
1151 2583 1191 2589 —-
1226 2565 1239 2590 3
1258 2567 1370 2599 Matth.
1399 2578 1437 2608 v,
1468 2567 1520 2608 45.
1543 2584 1583 2590 --
1612 2565 1629 2596 4
1657 2578 1669 2599 1
1693 2566 1773 2598 Tim.

398 2630 448 2654 Vl,
480 2631 527 2661 ¹7-
