<?xml version="1.0" encoding="UTF-8"?>
<!DOCTYPE html PUBLIC "-//W3C//DTD XHTML 1.0 Transitional//EN"
    "http://www.w3.org/TR/xhtml1/DTD/xhtml1-transitional.dtd">
<html xmlns="http://www.w3.org/1999/xhtml" xml:lang="en" lang="en">
 <head>
  <title>
</title>
<meta http-equiv="Content-Type" content="text/html;charset=utf-8" />
  <meta name='ocr-system' content='tesseract 3.04.00' />
  <meta name='ocr-capabilities' content='ocr_page ocr_carea ocr_par ocr_line ocrx_word'/>
</head>
<body>
  <div class='ocr_page' id='page_1' title='image "./operaomniaaccura09auguuoft_0116.png"; bbox 0 0 1889 3285; ppageno 0'>
   <div class='ocr_carea' id='block_1_1' title="bbox 402 235 1351 277">
    <p class='ocr_par' dir='ltr' id='par_1_1' title="bbox 402 235 1351 277">
     <span class='ocr_line' id='line_1_1' title="bbox 402 235 1351 277; baseline -0.006 0"><span class='ocrx_word' id='word_1_1' title='bbox 402 235 486 277; x_wconf 88' lang='lat'>106</span> <span class='ocrx_word' id='word_1_2' title='bbox 834 245 869 272; x_wconf 88' lang='lat' dir='ltr'>s.</span> <span class='ocrx_word' id='word_1_3' title='bbox 903 241 1137 273; x_wconf 72' lang='lat' dir='ltr'>Aueusnm</span> <span class='ocrx_word' id='word_1_4' title='bbox 1167 242 1351 272; x_wconf 69' lang='lat'><em>13121500121</em></span> 
     </span>
    </p>
   </div>
   <div class='ocr_carea' id='block_1_2' title="bbox 397 308 1793 1222">
    <p class='ocr_par' dir='ltr' id='par_1_2' title="bbox 401 308 1782 445">
     <span class='ocr_line' id='line_1_2' title="bbox 402 308 1782 371; baseline -0.002 -12"><span class='ocrx_word' id='word_1_5' title='bbox 402 334 422 358; x_wconf 71' lang='lat' dir='ltr'>n</span> <span class='ocrx_word' id='word_1_6' title='bbox 441 312 520 359; x_wconf 89' lang='lat' dir='ltr'>Dei</span> <span class='ocrx_word' id='word_1_7' title='bbox 531 310 691 357; x_wconf 83' lang='lat' dir='ltr'>diffusa</span> <span class='ocrx_word' id='word_1_8' title='bbox 703 319 768 356; x_wconf 86' lang='lat' dir='ltr'>est</span> <span class='ocrx_word' id='word_1_9' title='bbox 783 310 831 355; x_wconf 89' lang='lat' dir='ltr'>in</span> <span class='ocrx_word' id='word_1_10' title='bbox 846 308 1051 356; x_wconf 87' lang='lat' dir='ltr'><strong>cordibus</strong></span> <span class='ocrx_word' id='word_1_11' title='bbox 1066 310 1222 357; x_wconf 89' lang='lat' dir='ltr'>nostris</span> <span class='ocrx_word' id='word_1_12' title='bbox 1237 316 1316 371; x_wconf 88' lang='lat' dir='ltr'>per</span> <span class='ocrx_word' id='word_1_13' title='bbox 1333 310 1542 371; x_wconf 87' lang='lat' dir='ltr'>Spiritum</span> <span class='ocrx_word' id='word_1_14' title='bbox 1558 318 1782 367; x_wconf 76' lang='lat' dir='ltr'>sanctum,</span> 
     </span>
     <span class='ocr_line' id='line_1_3' title="bbox 401 381 990 445; baseline -0.007 -18"><span class='ocrx_word' id='word_1_15' title='bbox 401 402 423 427; x_wconf 84' lang='lat'>»</span> <span class='ocrx_word' id='word_1_16' title='bbox 448 383 527 445; x_wconf 87' lang='lat' dir='ltr'>qui</span> <span class='ocrx_word' id='word_1_17' title='bbox 540 381 668 428; x_wconf 88' lang='lat' dir='ltr'>datus</span> <span class='ocrx_word' id='word_1_18' title='bbox 689 391 754 427; x_wconf 89' lang='lat' dir='ltr'>est</span> <span class='ocrx_word' id='word_1_19' title='bbox 773 381 899 426; x_wconf 87' lang='lat' dir='ltr'>nobis</span> <span class='ocrx_word' id='word_1_20' title='bbox 914 383 946 426; x_wconf 81' lang='lat'>¹.</span> <span class='ocrx_word' id='word_1_21' title='bbox 968 399 990 423; x_wconf 85' lang='lat'>»</span> 
     </span>
    </p>

    <p class='ocr_par' dir='ltr' id='par_1_3' title="bbox 397 451 1793 1222">
     <span class='ocr_line' id='line_1_4' title="bbox 456 451 1783 500; baseline -0.002 0"><span class='ocrx_word' id='word_1_22' title='bbox 456 457 540 500; x_wconf 87' lang='lat' dir='ltr'>XI.</span> <span class='ocrx_word' id='word_1_23' title='bbox 563 472 583 497; x_wconf 92' lang='lat'>«</span> <span class='ocrx_word' id='word_1_24' title='bbox 609 457 661 499; x_wconf 94' lang='lat' dir='ltr'>In</span> <span class='ocrx_word' id='word_1_25' title='bbox 679 452 920 498; x_wconf 88' lang='lat' dir='ltr'>Idumaeam</span> <span class='ocrx_word' id='word_1_26' title='bbox 941 451 1173 497; x_wconf 81' lang='lat' dir='ltr'>extendam</span> <span class='ocrx_word' id='word_1_27' title='bbox 1189 451 1534 497; x_wconf 89' lang='lat' dir='ltr'>calceamentum</span> <span class='ocrx_word' id='word_1_28' title='bbox 1548 452 1733 497; x_wconf 77' lang='lat' dir='ltr'>meum2.</span> <span class='ocrx_word' id='word_1_29' title='bbox 1762 470 1783 495; x_wconf 83' lang='lat'>»</span> 
     </span>
     <span class='ocr_line' id='line_1_5' title="bbox 397 521 1786 585; baseline -0.001 -14"><span class='ocrx_word' id='word_1_30' title='bbox 397 525 590 572; x_wconf 87' lang='lat' dir='ltr'>Ecclesia</span> <span class='ocrx_word' id='word_1_31' title='bbox 620 524 842 585; x_wconf 88' lang='lat' dir='ltr'>loquitur,</span> <span class='ocrx_word' id='word_1_32' title='bbox 872 523 1128 568; x_wconf 89' lang='lat' dir='ltr'>Perveniam</span> <span class='ocrx_word' id='word_1_33' title='bbox 1156 538 1295 584; x_wconf 91' lang='lat' dir='ltr'>usque</span> <span class='ocrx_word' id='word_1_34' title='bbox 1325 524 1373 568; x_wconf 91' lang='lat' dir='ltr'>in</span> <span class='ocrx_word' id='word_1_35' title='bbox 1401 521 1657 568; x_wconf 84' lang='lat' dir='ltr'>Idumaeam.</span> <span class='ocrx_word' id='word_1_36' title='bbox 1693 523 1786 569; x_wconf 72' lang='lat' dir='ltr'>Sae-</span> 
     </span>
     <span class='ocr_line' id='line_1_6' title="bbox 398 592 1789 650; baseline -0.002 -8"><span class='ocrx_word' id='word_1_37' title='bbox 398 597 517 642; x_wconf 86' lang='lat' dir='ltr'>viant</span> <span class='ocrx_word' id='word_1_38' title='bbox 532 594 851 650; x_wconf 85' lang='lat' dir='ltr'>tribulationes,</span> <span class='ocrx_word' id='word_1_39' title='bbox 879 593 1036 639; x_wconf 86' lang='lat' dir='ltr'>bulliat</span> <span class='ocrx_word' id='word_1_40' title='bbox 1052 593 1265 639; x_wconf 86' lang='lat' dir='ltr'>scandalis</span> <span class='ocrx_word' id='word_1_41' title='bbox 1281 592 1489 650; x_wconf 88' lang='lat' dir='ltr'>mundus,</span> <span class='ocrx_word' id='word_1_42' title='bbox 1509 612 1527 635; x_wconf 94' lang='lat'>«</span> <span class='ocrx_word' id='word_1_43' title='bbox 1543 593 1789 639; x_wconf 83' lang='lat' dir='ltr'>Extendam</span> 
     </span>
     <span class='ocr_line' id='line_1_7' title="bbox 403 664 1790 725; baseline -0.001 -15"><span class='ocrx_word' id='word_1_44' title='bbox 403 687 422 710; x_wconf 86' lang='grc'>»</span> <span class='ocrx_word' id='word_1_45' title='bbox 458 666 802 712; x_wconf 87' lang='lat' dir='ltr'>calceamentum</span> <span class='ocrx_word' id='word_1_46' title='bbox 830 679 978 708; x_wconf 91' lang='lat' dir='ltr'>meum</span> <span class='ocrx_word' id='word_1_47' title='bbox 999 664 1207 725; x_wconf 87' lang='lat' dir='ltr'>usquein</span> <span class='ocrx_word' id='word_1_48' title='bbox 1228 665 1492 721; x_wconf 79' lang='lat' dir='ltr'>Idumaeam,</span> <span class='ocrx_word' id='word_1_49' title='bbox 1521 684 1540 707; x_wconf 79' lang='lat'>»</span> <span class='ocrx_word' id='word_1_50' title='bbox 1571 679 1712 725; x_wconf 88' lang='lat' dir='ltr'>usque</span> <span class='ocrx_word' id='word_1_51' title='bbox 1733 664 1790 708; x_wconf 87' lang='lat' dir='ltr'>ad</span> 
     </span>
     <span class='ocr_line' id='line_1_8' title="bbox 399 734 1790 798; baseline -0.003 -15"><span class='ocrx_word' id='word_1_52' title='bbox 399 754 473 784; x_wconf 88' lang='lat' dir='ltr'>eos</span> <span class='ocrx_word' id='word_1_53' title='bbox 490 738 620 798; x_wconf 86' lang='lat' dir='ltr'>ipsos,</span> <span class='ocrx_word' id='word_1_54' title='bbox 643 737 719 797; x_wconf 90' lang='lat' dir='ltr'>qui</span> <span class='ocrx_word' id='word_1_55' title='bbox 740 745 957 780; x_wconf 83' lang='lat' dir='ltr'>terrenam</span> <span class='ocrx_word' id='word_1_56' title='bbox 975 736 1111 781; x_wconf 86' lang='lat' dir='ltr'>vitam</span> <span class='ocrx_word' id='word_1_57' title='bbox 1128 735 1297 795; x_wconf 86' lang='lat' dir='ltr'>degunt</span> <span class='ocrx_word' id='word_1_58' title='bbox 1311 771 1323 792; x_wconf 90' lang='lat'>,</span> <span class='ocrx_word' id='word_1_59' title='bbox 1344 736 1577 797; x_wconf 88' lang='lat' dir='ltr'>(quoniam</span> <span class='ocrx_word' id='word_1_60' title='bbox 1595 734 1790 780; x_wconf 78' lang='lat' dir='ltr'>Idumaea</span> 
     </span>
     <span class='ocr_line' id='line_1_9' title="bbox 398 805 1790 869; baseline -0.002 -15"><span class='ocrx_word' id='word_1_61' title='bbox 398 809 709 869; x_wconf 84' lang='lat' dir='ltr'>interpretatur</span> <span class='ocrx_word' id='word_1_62' title='bbox 730 816 921 862; x_wconf 90' lang='lat' dir='ltr'>terrena,</span> <span class='ocrx_word' id='word_1_63' title='bbox 946 809 963 865; x_wconf 94' lang='lat'><em>)</em></span> <span class='ocrx_word' id='word_1_64' title='bbox 993 821 1134 867; x_wconf 87' lang='lat' dir='ltr'>usque</span> <span class='ocrx_word' id='word_1_65' title='bbox 1155 805 1211 851; x_wconf 91' lang='lat' dir='ltr'>ad</span> <span class='ocrx_word' id='word_1_66' title='bbox 1236 807 1350 867; x_wconf 87' lang='lat' dir='ltr'>ipsos</span> <span class='ocrx_word' id='word_1_67' title='bbox 1366 841 1377 862; x_wconf 91' lang='lat'>,</span> <span class='ocrx_word' id='word_1_68' title='bbox 1402 825 1420 847; x_wconf 89' lang='lat'>«</span> <span class='ocrx_word' id='word_1_69' title='bbox 1448 808 1595 868; x_wconf 88' lang='lat' dir='ltr'>Usque</span> <span class='ocrx_word' id='word_1_70' title='bbox 1615 806 1664 850; x_wconf 92' lang='lat' dir='ltr'>in</span> <span class='ocrx_word' id='word_1_71' title='bbox 1680 806 1790 851; x_wconf 91' lang='lat' dir='ltr'>Idu-</span> 
     </span>
     <span class='ocr_line' id='line_1_10' title="bbox 401 877 1791 938; baseline -0.001 -16"><span class='ocrx_word' id='word_1_72' title='bbox 401 897 422 922; x_wconf 87' lang='lat'>»</span> <span class='ocrx_word' id='word_1_73' title='bbox 457 894 612 924; x_wconf 86' lang='lat' dir='ltr'>maeam</span> <span class='ocrx_word' id='word_1_74' title='bbox 646 877 876 923; x_wconf 84' lang='lat' dir='ltr'>extendam</span> <span class='ocrx_word' id='word_1_75' title='bbox 910 877 1258 923; x_wconf 87' lang='lat' dir='ltr'>calceamentum</span> <span class='ocrx_word' id='word_1_76' title='bbox 1298 892 1460 922; x_wconf 87' lang='lat' dir='ltr'>meum.</span> <span class='ocrx_word' id='word_1_77' title='bbox 1499 897 1517 920; x_wconf 92' lang='lat'>»</span> <span class='ocrx_word' id='word_1_78' title='bbox 1553 878 1690 938; x_wconf 86' lang='lat' dir='ltr'>Cujus</span> <span class='ocrx_word' id='word_1_79' title='bbox 1728 877 1791 922; x_wconf 88' lang='lat' dir='ltr'>rei</span> 
     </span>
     <span class='ocr_line' id='line_1_11' title="bbox 398 947 1792 1010; baseline -0.002 -14"><span class='ocrx_word' id='word_1_80' title='bbox 398 951 746 996; x_wconf 88' lang='lat' dir='ltr'>calceamentum</span> <span class='ocrx_word' id='word_1_81' title='bbox 763 985 774 1007; x_wconf 87' lang='lat'>,</span> <span class='ocrx_word' id='word_1_82' title='bbox 797 949 878 994; x_wconf 89' lang='lat' dir='ltr'>nisi</span> <span class='ocrx_word' id='word_1_83' title='bbox 891 949 1146 1010; x_wconf 79' lang='lat' dir='ltr'>Evangelii?</span> <span class='ocrx_word' id='word_1_84' title='bbox 1171 967 1192 992; x_wconf 85' lang='lat'>«</span> <span class='ocrx_word' id='word_1_85' title='bbox 1211 951 1352 1003; x_wconf 87' lang='lat' dir='ltr'>Quam</span> <span class='ocrx_word' id='word_1_86' title='bbox 1369 948 1548 1010; x_wconf 88' lang='lat' dir='ltr'>speciosi</span> <span class='ocrx_word' id='word_1_87' title='bbox 1568 947 1701 1009; x_wconf 88' lang='lat' dir='ltr'>pedes</span> <span class='ocrx_word' id='word_1_88' title='bbox 1722 963 1792 993; x_wconf 89' lang='lat' dir='ltr'>eo-</span> 
     </span>
     <span class='ocr_line' id='line_1_12' title="bbox 404 1019 1788 1082; baseline -0.001 -17"><span class='ocrx_word' id='word_1_89' title='bbox 404 1042 423 1064; x_wconf 93' lang='lat'>»</span> <span class='ocrx_word' id='word_1_90' title='bbox 460 1036 560 1065; x_wconf 87' lang='lat' dir='ltr'>rum</span> <span class='ocrx_word' id='word_1_91' title='bbox 588 1021 666 1082; x_wconf 85' lang='lat' dir='ltr'>qui</span> <span class='ocrx_word' id='word_1_92' title='bbox 698 1020 960 1065; x_wconf 85' lang='lat' dir='ltr'>annuntiant</span> <span class='ocrx_word' id='word_1_93' title='bbox 981 1035 1135 1080; x_wconf 90' lang='lat' dir='ltr'>pacem</span> <span class='ocrx_word' id='word_1_94' title='bbox 1152 1055 1164 1075; x_wconf 90' lang='lat'>,</span> <span class='ocrx_word' id='word_1_95' title='bbox 1196 1020 1274 1080; x_wconf 90' lang='lat' dir='ltr'>qui</span> <span class='ocrx_word' id='word_1_96' title='bbox 1296 1020 1561 1064; x_wconf 84' lang='lat' dir='ltr'>annuntiant</span> <span class='ocrx_word' id='word_1_97' title='bbox 1583 1019 1743 1077; x_wconf 79' lang='lat' dir='ltr'>bona33</span> <span class='ocrx_word' id='word_1_98' title='bbox 1769 1038 1788 1058; x_wconf 81' lang='lat'>»</span> 
     </span>
     <span class='ocr_line' id='line_1_13' title="bbox 399 1091 1788 1153; baseline -0.005 -15"><span class='ocrx_word' id='word_1_99' title='bbox 399 1102 444 1138; x_wconf 87' lang='lat' dir='ltr'>et</span> <span class='ocrx_word' id='word_1_100' title='bbox 459 1127 470 1149; x_wconf 92' lang='lat'>,</span> <span class='ocrx_word' id='word_1_101' title='bbox 499 1112 518 1134; x_wconf 91' lang='lat'>«</span> <span class='ocrx_word' id='word_1_102' title='bbox 544 1092 736 1138; x_wconf 89' lang='lat' dir='ltr'>Calceati</span> <span class='ocrx_word' id='word_1_103' title='bbox 755 1092 888 1153; x_wconf 90' lang='lat' dir='ltr'>pedes</span> <span class='ocrx_word' id='word_1_104' title='bbox 909 1092 955 1136; x_wconf 92' lang='lat' dir='ltr'>in</span> <span class='ocrx_word' id='word_1_105' title='bbox 971 1092 1335 1152; x_wconf 75' lang='lat' dir='ltr'>praeparationem</span> <span class='ocrx_word' id='word_1_106' title='bbox 1356 1091 1582 1150; x_wconf 85' lang='lat' dir='ltr'>Evangelii</span> <span class='ocrx_word' id='word_1_107' title='bbox 1594 1091 1746 1151; x_wconf 78' lang='lat' dir='ltr'>pacis⁴.</span> <span class='ocrx_word' id='word_1_108' title='bbox 1767 1108 1788 1132; x_wconf 70' lang='lat' dir='ltr'>n</span> 
     </span>
     <span class='ocr_line' id='line_1_14' title="bbox 400 1162 1793 1222; baseline -0.001 -14"><span class='ocrx_word' id='word_1_109' title='bbox 400 1167 581 1208; x_wconf 87' lang='lat' dir='ltr'>Prorsus</span> <span class='ocrx_word' id='word_1_110' title='bbox 597 1199 609 1219; x_wconf 93' lang='lat'>,</span> <span class='ocrx_word' id='word_1_111' title='bbox 641 1182 662 1205; x_wconf 88' lang='lat'>«</span> <span class='ocrx_word' id='word_1_112' title='bbox 687 1164 903 1216; x_wconf 86' lang='lat' dir='ltr'>Quoniam</span> <span class='ocrx_word' id='word_1_113' title='bbox 930 1162 1154 1207; x_wconf 84' lang='lat' dir='ltr'>tribulatio</span> <span class='ocrx_word' id='word_1_114' title='bbox 1174 1163 1430 1222; x_wconf 89' lang='lat' dir='ltr'>patientiam</span> <span class='ocrx_word' id='word_1_115' title='bbox 1452 1170 1680 1222; x_wconf 84' lang='lat' dir='ltr'>operatur,</span> <span class='ocrx_word' id='word_1_116' title='bbox 1711 1176 1793 1221; x_wconf 86' lang='lat' dir='ltr'>pa-</span> 
     </span>
    </p>
   </div>
   <div class='ocr_carea' id='block_1_3' title="bbox 402 1232 1855 1293">
    <p class='ocr_par' dir='ltr' id='par_1_4' title="bbox 402 1232 1855 1293">
     <span class='ocr_line' id='line_1_15' title="bbox 402 1232 1855 1293; baseline -0.001 -16"><span class='ocrx_word' id='word_1_117' title='bbox 402 1252 423 1276; x_wconf 91' lang='lat'>»</span> <span class='ocrx_word' id='word_1_118' title='bbox 457 1233 608 1278; x_wconf 88' lang='lat' dir='ltr'>tientia</span> <span class='ocrx_word' id='word_1_119' title='bbox 621 1242 767 1278; x_wconf 90' lang='lat' dir='ltr'>autem</span> <span class='ocrx_word' id='word_1_120' title='bbox 783 1234 1102 1293; x_wconf 87' lang='lat' dir='ltr'>probationem,</span> <span class='ocrx_word' id='word_1_121' title='bbox 1114 1234 1313 1293; x_wconf 86' lang='lat' dir='ltr'>probatio</span> <span class='ocrx_word' id='word_1_122' title='bbox 1330 1248 1468 1293; x_wconf 89' lang='lat' dir='ltr'>spem,</span> <span class='ocrx_word' id='word_1_123' title='bbox 1482 1252 1502 1274; x_wconf 68' lang='lat' dir='ltr'>n</span> <span class='ocrx_word' id='word_1_124' title='bbox 1516 1232 1602 1278; x_wconf 92' lang='lat' dir='ltr'>olla</span> <span class='ocrx_word' id='word_1_125' title='bbox 1615 1247 1705 1277; x_wconf 91' lang='lat' dir='ltr'>non</span> <span class='ocrx_word' id='word_1_126' title='bbox 1721 1245 1793 1276; x_wconf 89' lang='lat' dir='ltr'>me</span> <span class='ocrx_word' id='word_1_127' title='bbox 1854 1286 1855 1289; x_wconf 7' lang='grc' dir='ltr'><strong>Ἰ</strong></span> 
     </span>
    </p>
   </div>
   <div class='ocr_carea' id='block_1_4' title="bbox 399 1304 1792 1351">
    <p class='ocr_par' dir='ltr' id='par_1_5' title="bbox 399 1304 1792 1351">
     <span class='ocr_line' id='line_1_16' title="bbox 399 1304 1792 1351; baseline -0.001 -1"><span class='ocrx_word' id='word_1_128' title='bbox 399 1313 626 1351; x_wconf 86' lang='lat' dir='ltr'>consumet</span> <span class='ocrx_word' id='word_1_129' title='bbox 645 1323 653 1349; x_wconf 91' lang='grc'>;</span> <span class='ocrx_word' id='word_1_130' title='bbox 679 1305 910 1350; x_wconf 85' lang='lat' dir='ltr'>«Charitas</span> <span class='ocrx_word' id='word_1_131' title='bbox 931 1305 1047 1348; x_wconf 90' lang='lat' dir='ltr'>enim</span> <span class='ocrx_word' id='word_1_132' title='bbox 1059 1305 1137 1349; x_wconf 92' lang='lat' dir='ltr'>Dei</span> <span class='ocrx_word' id='word_1_133' title='bbox 1151 1305 1311 1349; x_wconf 87' lang='lat' dir='ltr'>diffusa</span> <span class='ocrx_word' id='word_1_134' title='bbox 1328 1305 1452 1349; x_wconf 85' lang='lat' dir='ltr'>estin</span> <span class='ocrx_word' id='word_1_135' title='bbox 1465 1304 1671 1350; x_wconf 85' lang='lat' dir='ltr'>cordibus</span> <span class='ocrx_word' id='word_1_136' title='bbox 1688 1319 1792 1348; x_wconf 90' lang='lat' dir='ltr'>nos-</span> 
     </span>
    </p>
   </div>
   <div class='ocr_carea' id='block_1_5' title="bbox 399 1375 1857 1723">
    <p class='ocr_par' dir='ltr' id='par_1_6' title="bbox 399 1375 1857 1723">
     <span class='ocr_line' id='line_1_17' title="bbox 401 1375 1856 1436; baseline -0.001 -16"><span class='ocrx_word' id='word_1_137' title='bbox 401 1396 423 1420; x_wconf 79' lang='lat'>»</span> <span class='ocrx_word' id='word_1_138' title='bbox 458 1377 532 1421; x_wconf 88' lang='lat' dir='ltr'>tris</span> <span class='ocrx_word' id='word_1_139' title='bbox 548 1411 559 1432; x_wconf 90' lang='lat'>,</span> <span class='ocrx_word' id='word_1_140' title='bbox 584 1391 662 1436; x_wconf 88' lang='lat' dir='ltr'>per</span> <span class='ocrx_word' id='word_1_141' title='bbox 690 1375 900 1435; x_wconf 82' lang='lat' dir='ltr'>Spiritum</span> <span class='ocrx_word' id='word_1_142' title='bbox 923 1385 1122 1420; x_wconf 88' lang='lat' dir='ltr'>sanctum</span> <span class='ocrx_word' id='word_1_143' title='bbox 1154 1376 1230 1436; x_wconf 88' lang='lat' dir='ltr'>qui</span> <span class='ocrx_word' id='word_1_144' title='bbox 1260 1375 1370 1421; x_wconf 90' lang='lat' dir='ltr'>datis</span> <span class='ocrx_word' id='word_1_145' title='bbox 1392 1385 1456 1421; x_wconf 90' lang='lat' dir='ltr'>est</span> <span class='ocrx_word' id='word_1_146' title='bbox 1476 1376 1618 1421; x_wconf 90' lang='lat' dir='ltr'>nobis.</span> <span class='ocrx_word' id='word_1_147' title='bbox 1648 1392 1668 1417; x_wconf 89' lang='lat'>»</span> <span class='ocrx_word' id='word_1_148' title='bbox 1694 1377 1793 1421; x_wconf 87' lang='lat' dir='ltr'>Non</span> <span class='ocrx_word' id='word_1_149' title='bbox 1855 1408 1856 1435; x_wconf 55' lang='lat'>3</span> 
     </span>
     <span class='ocr_line' id='line_1_18' title="bbox 399 1444 1856 1506; baseline -0.001 -14"><span class='ocrx_word' id='word_1_150' title='bbox 399 1447 651 1492; x_wconf 85' lang='lat' dir='ltr'>deficiamus</span> <span class='ocrx_word' id='word_1_151' title='bbox 668 1445 958 1505; x_wconf 82' lang='lat' dir='ltr'>Evangelium</span> <span class='ocrx_word' id='word_1_152' title='bbox 974 1444 1211 1506; x_wconf 86' lang='lat' dir='ltr'>praedicare</span> <span class='ocrx_word' id='word_1_153' title='bbox 1224 1481 1235 1502; x_wconf 92' lang='lat'>,</span> <span class='ocrx_word' id='word_1_154' title='bbox 1264 1461 1355 1492; x_wconf 93' lang='lat' dir='ltr'>non</span> <span class='ocrx_word' id='word_1_155' title='bbox 1376 1444 1628 1491; x_wconf 87' lang='lat' dir='ltr'>deficiamus</span> <span class='ocrx_word' id='word_1_156' title='bbox 1649 1445 1794 1490; x_wconf 91' lang='lat' dir='ltr'>Domi-</span> <span class='ocrx_word' id='word_1_157' title='bbox 1855 1448 1856 1455; x_wconf 75' lang='grc'>’</span> 
     </span>
     <span class='ocr_line' id='line_1_19' title="bbox 400 1516 1795 1577; baseline -0.001 -14"><span class='ocrx_word' id='word_1_158' title='bbox 400 1533 507 1563; x_wconf 90' lang='lat' dir='ltr'>num</span> <span class='ocrx_word' id='word_1_159' title='bbox 525 1517 799 1562; x_wconf 89' lang='lat' dir='ltr'>annuntiare.</span> <span class='ocrx_word' id='word_1_160' title='bbox 827 1535 847 1558; x_wconf 75' lang='lat'>)›</span> <span class='ocrx_word' id='word_1_161' title='bbox 873 1519 1019 1577; x_wconf 83' lang='lat' dir='ltr'>Usque</span> <span class='ocrx_word' id='word_1_162' title='bbox 1040 1517 1086 1561; x_wconf 93' lang='lat' dir='ltr'>in</span> <span class='ocrx_word' id='word_1_163' title='bbox 1108 1516 1353 1562; x_wconf 83' lang='lat' dir='ltr'>Idumaeam</span> <span class='ocrx_word' id='word_1_164' title='bbox 1376 1516 1608 1561; x_wconf 80' lang='lat' dir='ltr'>extendam</span> <span class='ocrx_word' id='word_1_165' title='bbox 1629 1516 1795 1562; x_wconf 86' lang='lat' dir='ltr'>calcea·</span> 
     </span>
     <span class='ocr_line' id='line_1_20' title="bbox 404 1587 1857 1647; baseline 0.001 -16"><span class='ocrx_word' id='word_1_166' title='bbox 404 1609 423 1631; x_wconf 84' lang='lat'>»</span> <span class='ocrx_word' id='word_1_167' title='bbox 457 1597 657 1633; x_wconf 90' lang='lat' dir='ltr'>mentum</span> <span class='ocrx_word' id='word_1_168' title='bbox 679 1601 842 1631; x_wconf 88' lang='lat' dir='ltr'>meum.</span> <span class='ocrx_word' id='word_1_169' title='bbox 871 1605 892 1628; x_wconf 87' lang='lat'>»</span> <span class='ocrx_word' id='word_1_170' title='bbox 914 1589 1070 1633; x_wconf 89' lang='lat' dir='ltr'>Nonne</span> <span class='ocrx_word' id='word_1_171' title='bbox 1092 1588 1286 1631; x_wconf 88' lang='lat' dir='ltr'>serviunt</span> <span class='ocrx_word' id='word_1_172' title='bbox 1309 1596 1353 1632; x_wconf 92' lang='lat' dir='ltr'>et</span> <span class='ocrx_word' id='word_1_173' title='bbox 1383 1587 1465 1647; x_wconf 89' lang='lat' dir='ltr'>ipsi</span> <span class='ocrx_word' id='word_1_174' title='bbox 1486 1587 1679 1634; x_wconf 81' lang='lat' dir='ltr'>terreni?</span> <span class='ocrx_word' id='word_1_175' title='bbox 1700 1587 1793 1632; x_wconf 89' lang='lat' dir='ltr'>Etsi</span> <span class='ocrx_word' id='word_1_176' title='bbox 1855 1621 1857 1636; x_wconf 57' lang='lat'>2</span> 
     </span>
     <span class='ocr_line' id='line_1_21' title="bbox 399 1657 1857 1723; baseline -0.001 -19"><span class='ocrx_word' id='word_1_177' title='bbox 399 1658 712 1719; x_wconf 85' lang='lat' dir='ltr'>cupiditatibus</span> <span class='ocrx_word' id='word_1_178' title='bbox 721 1658 899 1703; x_wconf 89' lang='lat' dir='ltr'>terrenis</span> <span class='ocrx_word' id='word_1_179' title='bbox 910 1657 1179 1717; x_wconf 79' lang='lat' dir='ltr'>obligantur,</span> <span class='ocrx_word' id='word_1_180' title='bbox 1194 1658 1416 1703; x_wconf 83' lang='lat' dir='ltr'>Christum</span> <span class='ocrx_word' id='word_1_181' title='bbox 1431 1667 1576 1703; x_wconf 90' lang='lat' dir='ltr'>tamen</span> <span class='ocrx_word' id='word_1_182' title='bbox 1590 1657 1788 1703; x_wconf 88' lang='lat' dir='ltr'>adorant.</span> <span class='ocrx_word' id='word_1_183' title='bbox 1856 1668 1857 1723; x_wconf 66' lang='lat' dir='ltr'>j</span> 
     </span>
    </p>
   </div>
   <div class='ocr_carea' id='block_1_6' title="bbox 400 1729 1793 1791">
    <p class='ocr_par' dir='ltr' id='par_1_7' title="bbox 400 1729 1793 1791">
     <span class='ocr_line' id='line_1_22' title="bbox 400 1729 1793 1791; baseline -0.001 -15"><span class='ocrx_word' id='word_1_184' title='bbox 400 1730 542 1777; x_wconf 88' lang='lat' dir='ltr'>Hodie</span> <span class='ocrx_word' id='word_1_185' title='bbox 563 1730 786 1785; x_wconf 87' lang='lat' dir='ltr'>videmus,</span> <span class='ocrx_word' id='word_1_186' title='bbox 823 1729 1001 1785; x_wconf 81' lang='lat' dir='ltr'>fratres,</span> <span class='ocrx_word' id='word_1_187' title='bbox 1027 1745 1161 1791; x_wconf 89' lang='lat' dir='ltr'>quam</span> <span class='ocrx_word' id='word_1_188' title='bbox 1190 1729 1316 1774; x_wconf 85' lang='lat' dir='ltr'>multi</span> <span class='ocrx_word' id='word_1_189' title='bbox 1329 1730 1489 1774; x_wconf 89' lang='lat' dir='ltr'>terreni</span> <span class='ocrx_word' id='word_1_190' title='bbox 1509 1730 1793 1775; x_wconf 87' lang='lat' dir='ltr'>committunt</span> 
     </span>
    </p>
   </div>
   <div class='ocr_carea' id='block_1_7' title="bbox 398 1800 1859 2076">
    <p class='ocr_par' dir='ltr' id='par_1_8' title="bbox 398 1800 1859 2076">
     <span class='ocr_line' id='line_1_23' title="bbox 398 1800 1859 1864; baseline 0 -17"><span class='ocrx_word' id='word_1_191' title='bbox 398 1819 479 1864; x_wconf 87' lang='lat' dir='ltr'>pro</span> <span class='ocrx_word' id='word_1_192' title='bbox 500 1803 624 1847; x_wconf 89' lang='lat' dir='ltr'>lucro</span> <span class='ocrx_word' id='word_1_193' title='bbox 641 1801 818 1846; x_wconf 86' lang='lat' dir='ltr'>fraudes</span> <span class='ocrx_word' id='word_1_194' title='bbox 832 1837 843 1857; x_wconf 93' lang='lat'>,</span> <span class='ocrx_word' id='word_1_195' title='bbox 867 1816 946 1861; x_wconf 85' lang='lat' dir='ltr'>pro</span> <span class='ocrx_word' id='word_1_196' title='bbox 969 1800 1198 1846; x_wconf 88' lang='lat' dir='ltr'>fraudibus</span> <span class='ocrx_word' id='word_1_197' title='bbox 1215 1802 1406 1864; x_wconf 85' lang='lat' dir='ltr'>perjuria</span> <span class='ocrx_word' id='word_1_198' title='bbox 1423 1822 1434 1860; x_wconf 79' lang='lat'><em>3</em></span> <span class='ocrx_word' id='word_1_199' title='bbox 1454 1810 1635 1863; x_wconf 88' lang='lat' dir='ltr'>propter</span> <span class='ocrx_word' id='word_1_200' title='bbox 1657 1802 1792 1847; x_wconf 87' lang='lat' dir='ltr'>timo·</span> <span class='ocrx_word' id='word_1_201' title='bbox 1857 1824 1859 1864; x_wconf 48' lang='grc' dir='ltr'>ᾗ</span> 
     </span>
     <span class='ocr_line' id='line_1_24' title="bbox 398 1871 1859 1933; baseline -0.001 -14"><span class='ocrx_word' id='word_1_202' title='bbox 398 1890 489 1930; x_wconf 84' lang='lat' dir='ltr'>res,</span> <span class='ocrx_word' id='word_1_203' title='bbox 516 1873 763 1933; x_wconf 81' lang='lat' dir='ltr'>sortilegos,</span> <span class='ocrx_word' id='word_1_204' title='bbox 788 1873 1118 1918; x_wconf 83' lang='lat' dir='ltr'>mathematicos</span> <span class='ocrx_word' id='word_1_205' title='bbox 1135 1872 1397 1918; x_wconf 89' lang='lat' dir='ltr'>consulunt:</span> <span class='ocrx_word' id='word_1_206' title='bbox 1418 1888 1569 1918; x_wconf 90' lang='lat' dir='ltr'>omnes</span> <span class='ocrx_word' id='word_1_207' title='bbox 1590 1872 1659 1917; x_wconf 88' lang='lat' dir='ltr'>isti</span> <span class='ocrx_word' id='word_1_208' title='bbox 1684 1871 1793 1917; x_wconf 92' lang='lat' dir='ltr'>Idu-</span> <span class='ocrx_word' id='word_1_209' title='bbox 1857 1892 1859 1932; x_wconf 67' lang='grc' dir='ltr'>ς</span> 
     </span>
     <span class='ocr_line' id='line_1_25' title="bbox 399 1944 1792 2002; baseline -0.001 -12"><span class='ocrx_word' id='word_1_210' title='bbox 399 1947 519 2001; x_wconf 84' lang='lat' dir='ltr'>maei,</span> <span class='ocrx_word' id='word_1_211' title='bbox 542 1946 729 2002; x_wconf 80' lang='lat' dir='ltr'>terreni3</span> <span class='ocrx_word' id='word_1_212' title='bbox 754 1954 797 1989; x_wconf 90' lang='lat' dir='ltr'>et</span> <span class='ocrx_word' id='word_1_213' title='bbox 810 1954 955 1989; x_wconf 89' lang='lat' dir='ltr'>tamen</span> <span class='ocrx_word' id='word_1_214' title='bbox 972 1960 1122 1990; x_wconf 89' lang='lat' dir='ltr'>omnes</span> <span class='ocrx_word' id='word_1_215' title='bbox 1142 1945 1211 1989; x_wconf 89' lang='lat' dir='ltr'>isti</span> <span class='ocrx_word' id='word_1_216' title='bbox 1234 1944 1420 1990; x_wconf 88' lang='lat' dir='ltr'>adorant</span> <span class='ocrx_word' id='word_1_217' title='bbox 1441 1945 1687 2001; x_wconf 85' lang='lat' dir='ltr'>Christum,</span> <span class='ocrx_word' id='word_1_218' title='bbox 1709 1945 1792 1989; x_wconf 92' lang='lat' dir='ltr'>sub</span> 
     </span>
     <span class='ocr_line' id='line_1_26' title="bbox 400 2015 1859 2076; baseline -0.002 -14"><span class='ocrx_word' id='word_1_219' title='bbox 400 2017 693 2062; x_wconf 87' lang='lat' dir='ltr'>calceamento</span> <span class='ocrx_word' id='word_1_220' title='bbox 720 2016 854 2076; x_wconf 90' lang='lat' dir='ltr'>ipsius</span> <span class='ocrx_word' id='word_1_221' title='bbox 883 2025 1007 2074; x_wconf 63' lang='lat' dir='ltr'>sunt,</span> <span class='ocrx_word' id='word_1_222' title='bbox 1027 2017 1119 2076; x_wconf 82' lang='lat' dir='ltr'>jam</span> <span class='ocrx_word' id='word_1_223' title='bbox 1140 2030 1279 2076; x_wconf 88' lang='lat' dir='ltr'>usque</span> <span class='ocrx_word' id='word_1_224' title='bbox 1304 2015 1350 2059; x_wconf 92' lang='lat' dir='ltr'>in</span> <span class='ocrx_word' id='word_1_225' title='bbox 1373 2015 1615 2059; x_wconf 84' lang='lat' dir='ltr'>Idumaeam</span> <span class='ocrx_word' id='word_1_226' title='bbox 1636 2023 1793 2060; x_wconf 83' lang='lat' dir='ltr'>exten-</span> <span class='ocrx_word' id='word_1_227' title='bbox 1857 2017 1859 2069; x_wconf 64' lang='grc' dir='ltr'><strong><em>ζ</em></strong></span> 
     </span>
    </p>
   </div>
   <div class='ocr_carea' id='block_1_8' title="bbox 399 2084 1789 2218">
    <p class='ocr_par' dir='ltr' id='par_1_9' title="bbox 399 2084 1789 2218">
     <span class='ocr_line' id='line_1_27' title="bbox 399 2084 1787 2147; baseline -0.001 -15"><span class='ocrx_word' id='word_1_228' title='bbox 399 2087 465 2132; x_wconf 86' lang='lat' dir='ltr'>dit</span> <span class='ocrx_word' id='word_1_229' title='bbox 488 2087 831 2131; x_wconf 89' lang='lat' dir='ltr'>calceamentum</span> <span class='ocrx_word' id='word_1_230' title='bbox 863 2102 1008 2131; x_wconf 89' lang='lat' dir='ltr'>suum.</span> <span class='ocrx_word' id='word_1_231' title='bbox 1043 2105 1062 2127; x_wconf 88' lang='lat'>«</span> <span class='ocrx_word' id='word_1_232' title='bbox 1088 2086 1195 2132; x_wconf 83' lang='lat' dir='ltr'>Mihi</span> <span class='ocrx_word' id='word_1_233' title='bbox 1220 2084 1444 2147; x_wconf 87' lang='lat' dir='ltr'>Allophyli</span> <span class='ocrx_word' id='word_1_234' title='bbox 1465 2085 1633 2131; x_wconf 90' lang='lat' dir='ltr'>subditi</span> <span class='ocrx_word' id='word_1_235' title='bbox 1668 2095 1787 2131; x_wconf 84' lang='lat' dir='ltr'>sunt.</span> 
     </span>
     <span class='ocr_line' id='line_1_28' title="bbox 403 2156 1789 2218; baseline 0.001 -18"><span class='ocrx_word' id='word_1_236' title='bbox 403 2177 424 2200; x_wconf 89' lang='lat'>&gt;›</span> <span class='ocrx_word' id='word_1_237' title='bbox 461 2156 684 2217; x_wconf 78' lang='lat' dir='ltr'>Allophyli</span> <span class='ocrx_word' id='word_1_238' title='bbox 709 2176 729 2200; x_wconf 86' lang='lat'>»</span> <span class='ocrx_word' id='word_1_239' title='bbox 757 2158 833 2218; x_wconf 91' lang='lat' dir='ltr'>qui</span> <span class='ocrx_word' id='word_1_240' title='bbox 860 2160 987 2201; x_wconf 79' lang='lat' dir='ltr'>sunt?</span> <span class='ocrx_word' id='word_1_241' title='bbox 1009 2156 1301 2217; x_wconf 80' lang='lat' dir='ltr'>Alienigenae,</span> <span class='ocrx_word' id='word_1_242' title='bbox 1326 2172 1417 2202; x_wconf 93' lang='lat' dir='ltr'>non</span> <span class='ocrx_word' id='word_1_243' title='bbox 1438 2157 1706 2216; x_wconf 86' lang='lat' dir='ltr'>pertinentes</span> <span class='ocrx_word' id='word_1_244' title='bbox 1734 2157 1789 2202; x_wconf 88' lang='lat' dir='ltr'>ad</span> 
     </span>
    </p>
   </div>
   <div class='ocr_carea' id='block_1_9' title="bbox 400 2227 1859 2360">
    <p class='ocr_par' dir='ltr' id='par_1_10' title="bbox 400 2227 1859 2360">
     <span class='ocr_line' id='line_1_29' title="bbox 401 2227 1859 2289; baseline 0 -16"><span class='ocrx_word' id='word_1_245' title='bbox 401 2244 534 2288; x_wconf 82' lang='lat' dir='ltr'>genus</span> <span class='ocrx_word' id='word_1_246' title='bbox 556 2245 718 2273; x_wconf 87' lang='lat' dir='ltr'>meum.</span> <span class='ocrx_word' id='word_1_247' title='bbox 744 2249 763 2272; x_wconf 91' lang='lat'>«</span> <span class='ocrx_word' id='word_1_248' title='bbox 783 2228 954 2274; x_wconf 86' lang='lat' dir='ltr'>Subditi</span> <span class='ocrx_word' id='word_1_249' title='bbox 973 2238 1074 2274; x_wconf 89' lang='lat' dir='ltr'>sunt</span> <span class='ocrx_word' id='word_1_250' title='bbox 1092 2265 1102 2285; x_wconf 87' lang='lat'>‚</span> <span class='ocrx_word' id='word_1_251' title='bbox 1121 2247 1141 2271; x_wconf 73' lang='lat' dir='ltr'>n</span> <span class='ocrx_word' id='word_1_252' title='bbox 1167 2229 1270 2289; x_wconf 84' lang='lat' dir='ltr'>quia</span> <span class='ocrx_word' id='word_1_253' title='bbox 1290 2228 1419 2273; x_wconf 88' lang='lat' dir='ltr'>multi</span> <span class='ocrx_word' id='word_1_254' title='bbox 1439 2227 1623 2274; x_wconf 88' lang='lat' dir='ltr'>adorant</span> <span class='ocrx_word' id='word_1_255' title='bbox 1639 2229 1790 2274; x_wconf 87' lang='lat' dir='ltr'>Chris-</span> <span class='ocrx_word' id='word_1_256' title='bbox 1858 2228 1859 2238; x_wconf 58' lang='lat'>¹</span> 
     </span>
     <span class='ocr_line' id='line_1_30' title="bbox 400 2299 1859 2360; baseline -0.002 -15"><span class='ocrx_word' id='word_1_257' title='bbox 400 2311 521 2355; x_wconf 87' lang='lat' dir='ltr'>tum,</span> <span class='ocrx_word' id='word_1_258' title='bbox 546 2309 590 2344; x_wconf 86' lang='lat' dir='ltr'>et</span> <span class='ocrx_word' id='word_1_259' title='bbox 623 2315 713 2345; x_wconf 89' lang='lat' dir='ltr'>non</span> <span class='ocrx_word' id='word_1_260' title='bbox 734 2308 835 2344; x_wconf 86' lang='lat' dir='ltr'>sunt</span> <span class='ocrx_word' id='word_1_261' title='bbox 867 2301 1089 2360; x_wconf 82' lang='lat' dir='ltr'>regnaturi</span> <span class='ocrx_word' id='word_1_262' title='bbox 1119 2315 1220 2345; x_wconf 90' lang='lat' dir='ltr'>cum</span> <span class='ocrx_word' id='word_1_263' title='bbox 1251 2300 1439 2346; x_wconf 87' lang='lat' dir='ltr'>Christo.</span> <span class='ocrx_word' id='word_1_264' title='bbox 1479 2318 1499 2342; x_wconf 90' lang='lat'>«</span> <span class='ocrx_word' id='word_1_265' title='bbox 1524 2300 1631 2345; x_wconf 85' lang='lat' dir='ltr'>Mihi</span> <span class='ocrx_word' id='word_1_266' title='bbox 1661 2299 1789 2345; x_wconf 84' lang='lat' dir='ltr'>Allo-</span> <span class='ocrx_word' id='word_1_267' title='bbox 1858 2338 1859 2342; x_wconf 75' lang='grc'>,</span> 
     </span>
    </p>
   </div>
   <div class='ocr_carea' id='block_1_10' title="bbox 404 2369 1781 2494">
    <p class='ocr_par' dir='ltr' id='par_1_11' title="bbox 404 2369 1781 2494">
     <span class='ocr_line' id='line_1_31' title="bbox 404 2369 961 2430; baseline 0 -18"><span class='ocrx_word' id='word_1_268' title='bbox 404 2389 424 2412; x_wconf 74' lang='lat' dir='ltr'>n</span> <span class='ocrx_word' id='word_1_269' title='bbox 459 2369 584 2430; x_wconf 82' lang='lat' dir='ltr'>phyli</span> <span class='ocrx_word' id='word_1_270' title='bbox 605 2370 770 2414; x_wconf 85' lang='lat' dir='ltr'>subditi</span> <span class='ocrx_word' id='word_1_271' title='bbox 793 2379 910 2414; x_wconf 91' lang='lat' dir='ltr'>sunt.</span> <span class='ocrx_word' id='word_1_272' title='bbox 941 2389 961 2413; x_wconf 89' lang='lat'>»</span> 
     </span>
     <span class='ocr_line' id='line_1_32' title="bbox 457 2440 1781 2494; baseline -0.002 -9"><span class='ocrx_word' id='word_1_273' title='bbox 457 2442 561 2485; x_wconf 87' lang='lat' dir='ltr'>XII.</span> <span class='ocrx_word' id='word_1_274' title='bbox 591 2459 612 2483; x_wconf 76' lang='grc' dir='ltr'>ι(</span> <span class='ocrx_word' id='word_1_275' title='bbox 634 2440 741 2494; x_wconf 82' lang='lat' dir='ltr'>Quis</span> <span class='ocrx_word' id='word_1_276' title='bbox 763 2440 952 2486; x_wconf 89' lang='lat' dir='ltr'>deducet</span> <span class='ocrx_word' id='word_1_277' title='bbox 964 2456 1034 2486; x_wconf 90' lang='lat' dir='ltr'>me</span> <span class='ocrx_word' id='word_1_278' title='bbox 1048 2441 1094 2486; x_wconf 92' lang='lat' dir='ltr'>in</span> <span class='ocrx_word' id='word_1_279' title='bbox 1111 2441 1331 2487; x_wconf 88' lang='lat' dir='ltr'>civitatem</span> <span class='ocrx_word' id='word_1_280' title='bbox 1351 2440 1736 2486; x_wconf 64' lang='lat' dir='ltr'>circumstantiaef’?</span> <span class='ocrx_word' id='word_1_281' title='bbox 1761 2459 1781 2482; x_wconf 71' lang='lat' dir='ltr'>n</span> 
     </span>
    </p>
   </div>
   <div class='ocr_carea' id='block_1_11' title="bbox 403 2536 1783 2635">
    <p class='ocr_par' dir='ltr' id='par_1_12' title="bbox 403 2536 1783 2635">
     <span class='ocr_line' id='line_1_33' title="bbox 446 2536 1783 2580; baseline -0.002 -10"><span class='ocrx_word' id='word_1_282' title='bbox 446 2542 458 2562; x_wconf 67' lang='grc' dir='ltr'>ἲ</span> <span class='ocrx_word' id='word_1_283' title='bbox 474 2540 569 2574; x_wconf 69' lang='lat' dir='ltr'>Rom.</span> <span class='ocrx_word' id='word_1_284' title='bbox 589 2549 631 2580; x_wconf 83' lang='lat' dir='ltr'>v,</span> <span class='ocrx_word' id='word_1_285' title='bbox 652 2538 722 2570; x_wconf 80' lang='lat'>3-5.</span> <span class='ocrx_word' id='word_1_286' title='bbox 741 2555 782 2561; x_wconf 87' lang='lat'>-</span> <span class='ocrx_word' id='word_1_287' title='bbox 801 2545 814 2560; x_wconf 80' lang='lat'>²</span> <span class='ocrx_word' id='word_1_288' title='bbox 832 2537 912 2571; x_wconf 69' lang='lat' dir='ltr'>Psal.</span> <span class='ocrx_word' id='word_1_289' title='bbox 937 2549 1011 2579; x_wconf 66' lang='lat' dir='ltr'>mx,</span> <span class='ocrx_word' id='word_1_290' title='bbox 1033 2549 1082 2571; x_wconf 85' lang='lat'>10.</span> <span class='ocrx_word' id='word_1_291' title='bbox 1101 2555 1141 2561; x_wconf 92' lang='grc'><strong>-</strong></span> <span class='ocrx_word' id='word_1_292' title='bbox 1159 2536 1172 2557; x_wconf 64' lang='lat'><em>²</em></span> <span class='ocrx_word' id='word_1_293' title='bbox 1190 2541 1281 2572; x_wconf 77' lang='lat' dir='ltr'>Rom.</span> <span class='ocrx_word' id='word_1_294' title='bbox 1301 2549 1319 2570; x_wconf 83' lang='lat' dir='ltr'>x</span> <span class='ocrx_word' id='word_1_295' title='bbox 1335 2563 1344 2579; x_wconf 85' lang='lat'>,</span> <span class='ocrx_word' id='word_1_296' title='bbox 1365 2537 1418 2570; x_wconf 80' lang='lat'>15.</span> <span class='ocrx_word' id='word_1_297' title='bbox 1438 2553 1480 2560; x_wconf 93' lang='lat'>——</span> <span class='ocrx_word' id='word_1_298' title='bbox 1495 2536 1510 2567; x_wconf 71' lang='lat' dir='ltr'>l,</span> <span class='ocrx_word' id='word_1_299' title='bbox 1524 2536 1703 2580; x_wconf 79' lang='lat' dir='ltr'>Epl1es.v1,</span> <span class='ocrx_word' id='word_1_300' title='bbox 1734 2536 1783 2569; x_wconf 81' lang='lat'>15.</span> 
     </span>
     <span class='ocr_line' id='line_1_34' title="bbox 403 2592 727 2635; baseline 0.003 -11"><span class='ocrx_word' id='word_1_301' title='bbox 403 2592 472 2619; x_wconf 77' lang='grc'>-5</span> <span class='ocrx_word' id='word_1_302' title='bbox 487 2595 569 2626; x_wconf 63' lang='lat' dir='ltr'>Dsal.</span> <span class='ocrx_word' id='word_1_303' title='bbox 589 2605 653 2635; x_wconf 71' lang='lat' dir='ltr'>ux,</span> <span class='ocrx_word' id='word_1_304' title='bbox 677 2605 727 2625; x_wconf 84' lang='lat'>11.</span> 
     </span>
    </p>
   </div>
  </div>
 </body>
</html>
