1889 3285
405 218 647 249 ENAnnAno
681 221 726 248 m
759 218 961 249 PsALMUM
993 221 1148 248 Lxxiu.
1386 208 1471 248 479

92 285 178 330 diei
219 293 387 329 eructet
420 285 630 339 verbum,
675 283 751 329 sed
796 284 927 329 etiam
963 302 1049 331 nox
1092 285 1211 330 nocti
1245 285 1476 329 annuntiet

91 355 336 414 scientiam;
365 355 595 416 quoniam,
633 375 651 398 «
680 359 796 400 Tuus
823 365 886 400 est
913 355 1025 410 dies,
1060 365 1102 401 et
1124 365 1199 400 tua
1219 365 1282 400 est
1311 371 1421 410 nox,
1448 373 1470 396 »

90 425 270 485 dignare
300 424 579 480 descendere,
606 440 781 469 manere
803 426 921 483 apud
949 439 1048 468 eum
1066 440 1089 468 a
1114 439 1202 484 quo
1225 423 1472 479 descendis,

91 495 168 541 sed
178 496 325 541 venire
334 495 389 540 ad
401 511 510 556 quos
519 494 758 540 descendis.
775 494 960 553 Dignare
974 493 1234 538 descendere
1247 494 1323 554 qui
1338 494 1383 537 in
1394 494 1477 538 hoc

91 565 259 610 mundo
290 581 403 621 eraS,
429 575 472 609 et
501 564 691 609 mundus
718 579 793 623 per
814 572 857 607 te
878 562 1018 607 faetus
1039 575 1124 617 est,
1149 572 1195 607 et
1221 563 1413 608 mundus
1434 571 1477 607 ῖθ

91 653 183 682 non
194 627 413 696 cognovit]
435 637 605 680 Habeat
616 645 659 680 et
673 651 761 680 nox
773 635 1112 680 consolationem
1132 649 1270 679 suam.
1289 634 1475 689 Habeat,

90 708 260 768 inquit:
278 726 299 750 «
324 708 521 752 Verbum
539 722 638 752 caro
659 706 824 750 factum
837 715 922 761 est,
946 715 990 750 et
1006 705 1217 751 habitavit
1239 706 1284 749 in
1305 704 1430 749 nobis
1443 706 1474 749 1.

95 797 116 822 »
152 782 269 824 Tuus
283 788 347 824 est
363 778 474 834 dies,
500 787 543 822 et
560 787 635 822 tua
654 786 716 821 est
732 793 834 822 nox.
861 781 926 822 Tu
947 776 1163 837 perfecisti
1181 775 1316 822 solem
1342 785 1386 820 et
1405 775 1478 819 lu-

96 870 116 893 »
151 842 254 893 nam
274 868 282 895 :
301 867 321 890 n
340 848 473 897 solem
489 847 714 908 spiritaleS‚
729 847 880 892 lunam
901 847 1109 892 carnales.
1127 847 1284 892 Adhuc
1297 844 1479 891 carnalis

91 928 171 975 est,
192 935 282 964 non
295 918 534 974 deseratur,
551 919 697 978 etipse
715 917 976 977 perficiatur.
996 937 1018 960 «
1036 921 1100 962 Tu
1112 916 1329 977 perfecisti
1344 915 1479 961 solem

91 999 135 1035 et
149 990 326 1036 lunam:
348 1008 368 1031 »
388 989 522 1034 solem
538 1024 550 1044 ,
575 999 785 1049 tanquam
801 989 1060 1048 sapientem3
1080 988 1247 1043 lunam,
1270 997 1480 1047 tanquam

91 1061 368 1121 insipientem
395 1081 403 1106 ;
427 1077 517 1106 non
540 1070 685 1105 tamen
702 1059 941 1105 deseruisti.
958 1063 1067 1106 Nam
1082 1060 1142 1105 ita
1161 1061 1371 1120 scriptum
1392 1067 1476 1103 est:

95 1151 114 1173 «
152 1133 329 1192 Sapiens
358 1140 584 1192 permanet
615 1131 725 1176 sicut
753 1130 840 1186 sol,
870 1131 1028 1176 stultus
1055 1140 1199 1175 autem
1233 1130 1344 1173 sicut
1373 1128 1480 1173 luna

94 1221 115 1244 n
147 1211 344 1247 mutatur
354 1206 388 1248 ².
418 1221 438 1244 »
474 1201 592 1255 Quid
628 1216 752 1260 ergo,
793 1201 896 1261 quia
932 1200 997 1245 sol
1028 1209 1278 1260 permanet,
1310 1198 1357 1243 id
1391 1207 1477 1253 est,

96 1292 117 1315 «
142 1274 253 1327 Quia
272 1273 441 1332 sapiens
459 1280 685 1332 permanet
703 1271 814 1315 sicut
837 1270 921 1325 sol,
947 1270 1105 1315 stultus
1126 1270 1238 1315 sicut
1251 1269 1356 1314 luna
1377 1285 1479 1313 mu-

93 1363 115 1385 »
138 1353 277 1400 tatur,
305 1362 326 1385 »
351 1343 494 1388 adhuc
511 1341 711 1397 carnalis,
731 1342 875 1386 adhuc
888 1342 1093 1401 insipiens
1109 1340 1371 1385 deserendus
1391 1341 1480 1384 est?

91 1419 150 1461 Et
163 1416 241 1460 ubi
255 1424 317 1459 est
329 1413 449 1476 quod
463 1414 627 1458 dictum
642 1422 705 1457 est
717 1413 771 1456 ab
785 1411 1010 1471 Apostolo,
1029 1432 1049 1455 «
1067 1412 1344 1471 Sapientibus
1356 1411 1480 1456 etin-

94 1506 116 1530 »
141 1487 396 1547 sipientibus
413 1485 584 1529 debitor
598 1485 738 1528 sum3?
753 1486 819 1528 Tu
831 1482 1050 1543 perfecisti
1067 1483 1203 1528 solem
1216 1492 1259 1527 et
1270 1482 1437 1527 lunam.
1453 1499 1476 1524 »

149 1560 250 1603 XX.
280 1577 300 1600 ι(
327 1560 394 1601 Tu
424 1555 562 1600 fecisti
589 1569 738 1599 omnes
761 1554 969 1598 terminos
1003 1554 1168 1598 terrae4.
1195 1572 1215 1595 »
1254 1556 1410 1599 Nonne
1436 1561 1482 1598 et

92 1639 208 1684 ante,
232 1627 411 1690 quando
433 1625 634 1671 fundavit
650 1627 838 1671 terram?
859 1625 944 1670 Sed
966 1625 1188 1686 quomodo
1209 1623 1313 1670 fecit
1331 1624 1481 1669 termi—

92 1716 171 1746 nos
194 1709 342 1753 terrac,
372 1717 392 1740 «
417 1696 503 1750 Qui
530 1705 731 1755 operatus
758 1705 823 1739 est
843 1694 1027 1739 salutem
1048 1696 1093 1741 in
1114 1696 1258 1740 medio
1284 1696 1435 1740 terrae?
1455 1713 1477 1737 »

93 1770 341 1825 Quomodo,
366 1768 446 1813 nisi
469 1765 692 1827 quomodo
708 1765 815 1810 dicit
832 1764 1065 1825 Apostolus
1091 1784 1101 1811 2
1121 1785 1141 1806 «
1165 1766 1310 1810 Gratia
1332 1775 1479 1810 autem

97 1862 117 1884 »
151 1841 258 1886 salvi
278 1839 381 1885 facti
408 1853 578 1892 sumus,
602 1847 645 1882 et
668 1837 751 1882 hoc
774 1852 864 1881 non
885 1852 937 1881 ex
958 1836 1100 1890 nobiS,
1121 1835 1197 1881 sed
1219 1836 1297 1881 Dei
1312 1835 1480 1881 donum

95 1931 118 1955 »
152 1921 238 1970 est,
262 1927 352 1956 non
377 1926 427 1954 ex
449 1908 669 1969 operibus,
700 1923 757 1952 ne
778 1907 891 1952 forte
911 1908 1008 1967 quis
1037 1907 1293 1952 extollatur?
1316 1925 1336 1949 »
1361 1911 1479 1966 Ergo

94 1997 185 2027 non
205 1990 329 2027 erant
345 1995 475 2039 opera
497 1980 644 2023 bona?
661 1981 798 2023 Erant
817 1997 827 2022 :
852 1978 929 2021 sed
945 1976 1199 2038 quomodo?
1220 1977 1365 2021 Gratia
1383 1978 1475 2022 Dei.

96 2055 300 2113 Sequere,
317 2051 555 2096 videamus,
577 2049 746 2109 «Ipsius
763 2049 878 2093 enim
891 2064 1040 2093 sumus
1056 2049 1328 2107 figmentum,
1349 2049 1481 2093 creati

96 2141 118 2165 »
151 2123 198 2167 in
238 2122 410 2167 Christo
439 2123 542 2165 Jesu
573 2120 618 2163 in
648 2119 852 2179 operibus
880 2119 1052 2163 bonis⁵.
1084 2139 1100 2160 »
1128 2121 1240 2163 Ecce
1258 2118 1480 2179 quomodo

92 2191 197 2237 fecit
229 2191 435 2236 terminos
462 2199 604 2244 terrae,
627 2189 740 2242 «Qui
765 2197 966 2248 operatus
988 2197 1051 2232 est
1066 2187 1248 2233 salutem
1268 2189 1313 2233 in
1335 2188 1481 2234 medio

96 2280 118 2304 )›
153 2271 294 2306 terrae.
322 2264 388 2304 Tu
404 2259 542 2304 fecisti
562 2274 710 2304 omnes
730 2259 936 2303 terminos
954 2268 1093 2303 terrae.
1118 2262 1330 2304 AEstatem
1348 2269 1390 2304 et
1404 2275 1479 2303 ver

95 2349 117 2374 »
152 2341 201 2376 tu
217 2331 355 2375 fecisti
377 2346 441 2374 ea.
464 2349 484 2371 »
512 2333 745 2373 Ferventes
756 2328 908 2388 spiritu
929 2337 1053 2373 aestas
1074 2339 1150 2373 est.
1180 2332 1260 2383 Tu,
1281 2330 1477 2390 inquam,

94 2401 233 2447 fecisti
256 2400 409 2461 spiritu
435 2399 652 2445 ferventes
680 2418 689 2444 2
715 2408 765 2444 tu
786 2397 923 2443 fecisti
944 2408 987 2444 et
1008 2398 1201 2445 novellos
1222 2400 1268 2443 in
1283 2399 1385 2454 fide,
1402 2413 1479 2444 ver

143 2506 152 2524 ¹
172 2501 265 2532 Joan.
285 2510 310 2541 ι,
327 2497 377 2540 14.
407 2514 448 2520 —
465 2504 478 2520 2
499 2496 717 2541 Eecli.xxv11‚
734 2505 786 2530 12.
801 2513 844 2520 —
859 2494 872 2520 3
886 2498 977 2530 Rom.
997 2507 1022 2538 1,
1042 2495 1093 2538 ¹4·
1108 2495 1180 2526 -4
1197 2496 1276 2530 Psal.
1296 2507 1405 2539 Lxxm,
1423 2506 1475 2539 17.

97 2572 139 2579 -
158 2553 174 2578 5
194 2553 309 2598 Ephes.
324 2564 359 2596 u,
375 2555 469 2587 8-10.
