<?xml version="1.0" encoding="UTF-8"?>
<!DOCTYPE html PUBLIC "-//W3C//DTD XHTML 1.0 Transitional//EN"
    "http://www.w3.org/TR/xhtml1/DTD/xhtml1-transitional.dtd">
<html xmlns="http://www.w3.org/1999/xhtml" xml:lang="en" lang="en">
 <head>
  <title>
</title>
<meta http-equiv="Content-Type" content="text/html;charset=utf-8" />
  <meta name='ocr-system' content='tesseract 3.04.00' />
  <meta name='ocr-capabilities' content='ocr_page ocr_carea ocr_par ocr_line ocrx_word'/>
</head>
<body>
  <div class='ocr_page' id='page_1' title='image "./operaomniaaccura09auguuoft_0044.png"; bbox 0 0 1889 3285; ppageno 0'>
   <div class='ocr_carea' id='block_1_1' title="bbox 417 238 1364 277">
    <p class='ocr_par' dir='ltr' id='par_1_1' title="bbox 417 238 1364 277">
     <span class='ocr_line' id='line_1_1' title="bbox 417 238 1364 277; baseline -0.005 0"><span class='ocrx_word' id='word_1_1' title='bbox 417 238 471 277; x_wconf 83' lang='lat'>34</span> <span class='ocrx_word' id='word_1_2' title='bbox 851 250 884 275; x_wconf 87' lang='lat' dir='ltr'>s.</span> <span class='ocrx_word' id='word_1_3' title='bbox 920 247 1150 275; x_wconf 70' lang='lat' dir='ltr'>Aucuscrlm</span> <span class='ocrx_word' id='word_1_4' title='bbox 1181 246 1364 274; x_wconf 85' lang='lat' dir='ltr'>EPlscoPI</span> 
     </span>
    </p>
   </div>
   <div class='ocr_carea' id='block_1_2' title="bbox 403 308 1796 2615">
    <p class='ocr_par' dir='ltr' id='par_1_2' title="bbox 414 308 1795 436">
     <span class='ocr_line' id='line_1_2' title="bbox 414 308 1795 370; baseline -0.003 -13"><span class='ocrx_word' id='word_1_5' title='bbox 414 330 439 358; x_wconf 89' lang='lat' dir='ltr'>a</span> <span class='ocrx_word' id='word_1_6' title='bbox 459 322 609 358; x_wconf 85' lang='lat' dir='ltr'>ventre</span> <span class='ocrx_word' id='word_1_7' title='bbox 627 347 637 367; x_wconf 90' lang='lat'>,</span> <span class='ocrx_word' id='word_1_8' title='bbox 657 321 701 356; x_wconf 84' lang='lat' dir='ltr'>et</span> <span class='ocrx_word' id='word_1_9' title='bbox 721 311 948 355; x_wconf 77' lang='lat' dir='ltr'>auditurus</span> <span class='ocrx_word' id='word_1_10' title='bbox 970 326 1066 354; x_wconf 90' lang='lat' dir='ltr'>sum</span> <span class='ocrx_word' id='word_1_11' title='bbox 1083 311 1137 354; x_wconf 89' lang='lat' dir='ltr'>ab</span> <span class='ocrx_word' id='word_1_12' title='bbox 1156 326 1229 365; x_wconf 90' lang='lat' dir='ltr'>co,</span> <span class='ocrx_word' id='word_1_13' title='bbox 1249 309 1357 370; x_wconf 87' lang='lat' dir='ltr'>quid</span> <span class='ocrx_word' id='word_1_14' title='bbox 1374 345 1385 364; x_wconf 93' lang='lat'>,</span> <span class='ocrx_word' id='word_1_15' title='bbox 1406 309 1487 353; x_wconf 91' lang='lat' dir='ltr'>nisi</span> <span class='ocrx_word' id='word_1_16' title='bbox 1503 308 1640 353; x_wconf 79' lang='lat' dir='ltr'>falsa?</span> <span class='ocrx_word' id='word_1_17' title='bbox 1667 326 1687 350; x_wconf 75' lang='grc' dir='ltr'>α</span> <span class='ocrx_word' id='word_1_18' title='bbox 1711 311 1795 353; x_wconf 80' lang='lat' dir='ltr'>Er·-</span> 
     </span>
     <span class='ocr_line' id='line_1_3' title="bbox 416 379 1380 436; baseline -0.001 -13"><span class='ocrx_word' id='word_1_19' title='bbox 416 401 438 424; x_wconf 86' lang='lat'>»</span> <span class='ocrx_word' id='word_1_20' title='bbox 473 390 677 426; x_wconf 89' lang='lat' dir='ltr'>raverunt</span> <span class='ocrx_word' id='word_1_21' title='bbox 698 397 722 424; x_wconf 87' lang='lat' dir='ltr'>a</span> <span class='ocrx_word' id='word_1_22' title='bbox 739 390 888 425; x_wconf 86' lang='lat' dir='ltr'>ventre</span> <span class='ocrx_word' id='word_1_23' title='bbox 905 416 915 436; x_wconf 90' lang='lat'>,</span> <span class='ocrx_word' id='word_1_24' title='bbox 941 380 1077 424; x_wconf 90' lang='lat' dir='ltr'>locuti</span> <span class='ocrx_word' id='word_1_25' title='bbox 1097 390 1199 424; x_wconf 91' lang='lat' dir='ltr'>sunt</span> <span class='ocrx_word' id='word_1_26' title='bbox 1215 379 1336 424; x_wconf 87' lang='lat' dir='ltr'>falsa.</span> <span class='ocrx_word' id='word_1_27' title='bbox 1360 398 1380 420; x_wconf 63' lang='lat'>³)</span> 
     </span>
    </p>

    <p class='ocr_par' dir='ltr' id='par_1_3' title="bbox 403 448 1796 2547">
     <span class='ocr_line' id='line_1_4' title="bbox 471 448 1796 510; baseline -0.004 -15"><span class='ocrx_word' id='word_1_28' title='bbox 471 454 568 495; x_wconf 86' lang='lat' dir='ltr'><strong>VII.</strong></span> <span class='ocrx_word' id='word_1_29' title='bbox 599 470 619 493; x_wconf 90' lang='lat'>«</span> <span class='ocrx_word' id='word_1_30' title='bbox 646 450 893 510; x_wconf 76' lang='lat' dir='ltr'>Indignatio</span> <span class='ocrx_word' id='word_1_31' title='bbox 915 451 973 494; x_wconf 79' lang='lat' dir='ltr'>eis</span> <span class='ocrx_word' id='word_1_32' title='bbox 1004 451 1246 494; x_wconf 86' lang='lat' dir='ltr'>secundum</span> <span class='ocrx_word' id='word_1_33' title='bbox 1268 448 1597 494; x_wconf 87' lang='lat' dir='ltr'>similitudinem</span> <span class='ocrx_word' id='word_1_34' title='bbox 1619 462 1796 506; x_wconf 86' lang='lat' dir='ltr'>serpen-</span> 
     </span>
     <span class='ocr_line' id='line_1_5' title="bbox 414 518 1796 579; baseline -0.001 -16"><span class='ocrx_word' id='word_1_35' title='bbox 414 540 434 563; x_wconf 73' lang='grc' dir='ltr'><strong>υ</strong></span> <span class='ocrx_word' id='word_1_36' title='bbox 469 523 565 565; x_wconf 78' lang='lat' dir='ltr'>tis1.</span> <span class='ocrx_word' id='word_1_37' title='bbox 589 539 609 563; x_wconf 87' lang='lat'>»</span> <span class='ocrx_word' id='word_1_38' title='bbox 637 524 840 579; x_wconf 78' lang='lat' dir='ltr'>Magnam</span> <span class='ocrx_word' id='word_1_39' title='bbox 862 536 953 563; x_wconf 80' lang='lat' dir='ltr'>rem</span> <span class='ocrx_word' id='word_1_40' title='bbox 977 519 1166 564; x_wconf 76' lang='lat' dir='ltr'>audituri</span> <span class='ocrx_word' id='word_1_41' title='bbox 1184 521 1296 564; x_wconf 79' lang='lat' dir='ltr'>estis.</span> <span class='ocrx_word' id='word_1_42' title='bbox 1327 538 1348 562; x_wconf 77' lang='grc' dir='ltr'>ι(</span> <span class='ocrx_word' id='word_1_43' title='bbox 1374 518 1622 578; x_wconf 82' lang='lat' dir='ltr'>Indignatio</span> <span class='ocrx_word' id='word_1_44' title='bbox 1644 518 1703 561; x_wconf 85' lang='lat' dir='ltr'>eis</span> <span class='ocrx_word' id='word_1_45' title='bbox 1725 533 1796 562; x_wconf 86' lang='lat' dir='ltr'>se·-</span> 
     </span>
     <span class='ocr_line' id='line_1_6' title="bbox 414 588 1792 650; baseline 0.001 -17"><span class='ocrx_word' id='word_1_46' title='bbox 414 611 434 634; x_wconf 89' lang='lat'>»</span> <span class='ocrx_word' id='word_1_47' title='bbox 468 590 663 635; x_wconf 88' lang='lat' dir='ltr'>cundum</span> <span class='ocrx_word' id='word_1_48' title='bbox 697 590 1021 635; x_wconf 87' lang='lat' dir='ltr'>similitudinem</span> <span class='ocrx_word' id='word_1_49' title='bbox 1058 591 1280 650; x_wconf 87' lang='lat' dir='ltr'>serpentis.</span> <span class='ocrx_word' id='word_1_50' title='bbox 1309 609 1329 632; x_wconf 90' lang='lat'>»</span> <span class='ocrx_word' id='word_1_51' title='bbox 1357 590 1490 643; x_wconf 86' lang='lat' dir='ltr'>Quasi</span> <span class='ocrx_word' id='word_1_52' title='bbox 1525 588 1762 633; x_wconf 81' lang='lat' dir='ltr'>dixerimus</span> <span class='ocrx_word' id='word_1_53' title='bbox 1781 607 1792 634; x_wconf 74' lang='lat' dir='ltr'><strong><em>z</em></strong></span> 
     </span>
     <span class='ocr_line' id='line_1_7' title="bbox 412 659 1793 722; baseline -0.004 -16"><span class='ocrx_word' id='word_1_54' title='bbox 412 661 525 715; x_wconf 83' lang='lat' dir='ltr'>Quid</span> <span class='ocrx_word' id='word_1_55' title='bbox 545 671 609 706; x_wconf 89' lang='lat' dir='ltr'>est</span> <span class='ocrx_word' id='word_1_56' title='bbox 629 660 749 722; x_wconf 93' lang='lat' dir='ltr'>quod</span> <span class='ocrx_word' id='word_1_57' title='bbox 770 660 942 704; x_wconf 74' lang='lat' dir='ltr'>dixisti?</span> <span class='ocrx_word' id='word_1_58' title='bbox 963 660 1160 720; x_wconf 82' lang='lat' dir='ltr'>sequitur</span> <span class='ocrx_word' id='word_1_59' title='bbox 1178 696 1189 716; x_wconf 93' lang='lat'>,</span> <span class='ocrx_word' id='word_1_60' title='bbox 1219 679 1240 703; x_wconf 90' lang='lat'>«</span> <span class='ocrx_word' id='word_1_61' title='bbox 1261 660 1381 706; x_wconf 85' lang='lat' dir='ltr'>Sicut</span> <span class='ocrx_word' id='word_1_62' title='bbox 1403 659 1559 719; x_wconf 87' lang='lat' dir='ltr'>aspidis</span> <span class='ocrx_word' id='word_1_63' title='bbox 1582 659 1740 703; x_wconf 87' lang='lat' dir='ltr'>surdae.</span> <span class='ocrx_word' id='word_1_64' title='bbox 1769 672 1793 700; x_wconf 65' lang='grc' dir='ltr'><em>η</em></span> 
     </span>
     <span class='ocr_line' id='line_1_8' title="bbox 409 728 1792 785; baseline -0.003 -8"><span class='ocrx_word' id='word_1_65' title='bbox 409 732 535 777; x_wconf 84' lang='lat' dir='ltr'>Unde</span> <span class='ocrx_word' id='word_1_66' title='bbox 562 731 737 776; x_wconf 72' lang='lat' dir='ltr'>surdae?</span> <span class='ocrx_word' id='word_1_67' title='bbox 755 750 775 773; x_wconf 89' lang='lat'>«</span> <span class='ocrx_word' id='word_1_68' title='bbox 800 734 855 775; x_wconf 88' lang='lat' dir='ltr'>Et</span> <span class='ocrx_word' id='word_1_69' title='bbox 877 731 1121 775; x_wconf 86' lang='lat' dir='ltr'>obturantis</span> <span class='ocrx_word' id='word_1_70' title='bbox 1145 747 1268 776; x_wconf 89' lang='lat' dir='ltr'>aures</span> <span class='ocrx_word' id='word_1_71' title='bbox 1297 747 1410 775; x_wconf 88' lang='lat' dir='ltr'>suas.</span> <span class='ocrx_word' id='word_1_72' title='bbox 1443 748 1463 772; x_wconf 84' lang='lat'>»</span> <span class='ocrx_word' id='word_1_73' title='bbox 1498 729 1603 774; x_wconf 90' lang='lat' dir='ltr'>Ideo</span> <span class='ocrx_word' id='word_1_74' title='bbox 1621 728 1792 785; x_wconf 79' lang='lat' dir='ltr'>surdae,</span> 
     </span>
     <span class='ocr_line' id='line_1_9' title="bbox 411 802 1796 863; baseline -0.003 -16"><span class='ocrx_word' id='word_1_75' title='bbox 411 804 515 863; x_wconf 88' lang='lat' dir='ltr'>quia</span> <span class='ocrx_word' id='word_1_76' title='bbox 536 803 713 847; x_wconf 86' lang='lat' dir='ltr'>obturat</span> <span class='ocrx_word' id='word_1_77' title='bbox 734 817 857 846; x_wconf 86' lang='lat' dir='ltr'>aures</span> <span class='ocrx_word' id='word_1_78' title='bbox 879 817 990 845; x_wconf 89' lang='lat' dir='ltr'>suas.</span> <span class='ocrx_word' id='word_1_79' title='bbox 1022 821 1041 843; x_wconf 92' lang='lat'>«</span> <span class='ocrx_word' id='word_1_80' title='bbox 1064 805 1122 847; x_wconf 90' lang='lat' dir='ltr'>Et</span> <span class='ocrx_word' id='word_1_81' title='bbox 1143 802 1384 846; x_wconf 85' lang='lat' dir='ltr'>obturantis</span> <span class='ocrx_word' id='word_1_82' title='bbox 1406 816 1529 845; x_wconf 88' lang='lat' dir='ltr'>aures</span> <span class='ocrx_word' id='word_1_83' title='bbox 1549 816 1660 845; x_wconf 87' lang='lat' dir='ltr'>suas.</span> <span class='ocrx_word' id='word_1_84' title='bbox 1686 803 1796 853; x_wconf 82' lang='lat' dir='ltr'>Quae</span> 
     </span>
     <span class='ocr_line' id='line_1_10' title="bbox 408 870 1795 927; baseline 0 -13"><span class='ocrx_word' id='word_1_85' title='bbox 408 892 429 915; x_wconf 79' lang='lat'>»</span> <span class='ocrx_word' id='word_1_86' title='bbox 465 890 555 918; x_wconf 91' lang='lat' dir='ltr'>non</span> <span class='ocrx_word' id='word_1_87' title='bbox 572 873 772 917; x_wconf 80' lang='lat' dir='ltr'>exaudiet</span> <span class='ocrx_word' id='word_1_88' title='bbox 791 888 942 917; x_wconf 84' lang='lat' dir='ltr'>vocem</span> <span class='ocrx_word' id='word_1_89' title='bbox 961 873 1296 927; x_wconf 81' lang='lat' dir='ltr'>incantantium,</span> <span class='ocrx_word' id='word_1_90' title='bbox 1311 881 1355 916; x_wconf 89' lang='lat' dir='ltr'>et</span> <span class='ocrx_word' id='word_1_91' title='bbox 1372 870 1680 916; x_wconf 86' lang='lat' dir='ltr'>medicamenti</span> <span class='ocrx_word' id='word_1_92' title='bbox 1699 886 1795 914; x_wconf 89' lang='lat' dir='ltr'>me-</span> 
     </span>
     <span class='ocr_line' id='line_1_11' title="bbox 410 941 1795 1003; baseline 0.001 -19"><span class='ocrx_word' id='word_1_93' title='bbox 410 961 430 984; x_wconf 80' lang='lat'>»</span> <span class='ocrx_word' id='word_1_94' title='bbox 466 944 597 988; x_wconf 87' lang='lat' dir='ltr'>dicati</span> <span class='ocrx_word' id='word_1_95' title='bbox 618 960 641 987; x_wconf 90' lang='lat' dir='ltr'>a</span> <span class='ocrx_word' id='word_1_96' title='bbox 663 944 854 1003; x_wconf 84' lang='lat' dir='ltr'>sapiente</span> <span class='ocrx_word' id='word_1_97' title='bbox 869 945 901 986; x_wconf 80' lang='lat'>2.</span> <span class='ocrx_word' id='word_1_98' title='bbox 931 961 950 984; x_wconf 74' lang='lat' dir='ltr'>n</span> <span class='ocrx_word' id='word_1_99' title='bbox 975 943 1093 987; x_wconf 85' lang='lat' dir='ltr'>Sicut</span> <span class='ocrx_word' id='word_1_100' title='bbox 1110 941 1376 997; x_wconf 87' lang='lat' dir='ltr'>audivimus,</span> <span class='ocrx_word' id='word_1_101' title='bbox 1398 941 1518 1002; x_wconf 90' lang='lat' dir='ltr'>quod</span> <span class='ocrx_word' id='word_1_102' title='bbox 1539 950 1583 985; x_wconf 90' lang='lat' dir='ltr'>et</span> <span class='ocrx_word' id='word_1_103' title='bbox 1599 941 1795 986; x_wconf 82' lang='lat' dir='ltr'>homines</span> 
     </span>
     <span class='ocr_line' id='line_1_12' title="bbox 408 1010 1791 1074; baseline -0.001 -18"><span class='ocrx_word' id='word_1_104' title='bbox 408 1012 577 1068; x_wconf 88' lang='lat' dir='ltr'>dicunt,</span> <span class='ocrx_word' id='word_1_105' title='bbox 603 1014 679 1074; x_wconf 92' lang='lat' dir='ltr'>qui</span> <span class='ocrx_word' id='word_1_106' title='bbox 701 1029 751 1057; x_wconf 87' lang='lat' dir='ltr'>ea</span> <span class='ocrx_word' id='word_1_107' title='bbox 769 1030 854 1073; x_wconf 88' lang='lat' dir='ltr'>qua</span> <span class='ocrx_word' id='word_1_108' title='bbox 878 1022 1118 1072; x_wconf 85' lang='lat' dir='ltr'>potuerunt</span> <span class='ocrx_word' id='word_1_109' title='bbox 1139 1013 1233 1057; x_wconf 82' lang='lat' dir='ltr'>haec</span> <span class='ocrx_word' id='word_1_110' title='bbox 1255 1012 1502 1071; x_wconf 80' lang='lat' dir='ltr'>cognitione</span> <span class='ocrx_word' id='word_1_111' title='bbox 1525 1010 1791 1066; x_wconf 87' lang='lat' dir='ltr'>didicerunt,</span> 
     </span>
     <span class='ocr_line' id='line_1_13' title="bbox 406 1082 1796 1144; baseline -0.001 -16"><span class='ocrx_word' id='word_1_112' title='bbox 406 1085 481 1128; x_wconf 85' lang='lat' dir='ltr'>sed</span> <span class='ocrx_word' id='word_1_113' title='bbox 500 1094 645 1128; x_wconf 88' lang='lat' dir='ltr'>tamen</span> <span class='ocrx_word' id='word_1_114' title='bbox 662 1085 784 1144; x_wconf 85' lang='lat' dir='ltr'>quod</span> <span class='ocrx_word' id='word_1_115' title='bbox 803 1084 983 1144; x_wconf 83' lang='lat' dir='ltr'>Spiritus</span> <span class='ocrx_word' id='word_1_116' title='bbox 1001 1084 1077 1128; x_wconf 80' lang='lat' dir='ltr'>Dei</span> <span class='ocrx_word' id='word_1_117' title='bbox 1094 1084 1235 1128; x_wconf 75' lang='lat' dir='ltr'>multo</span> <span class='ocrx_word' id='word_1_118' title='bbox 1252 1083 1407 1127; x_wconf 83' lang='lat' dir='ltr'>melius</span> <span class='ocrx_word' id='word_1_119' title='bbox 1430 1083 1635 1128; x_wconf 72' lang='lat' dir='ltr'>omnibus</span> <span class='ocrx_word' id='word_1_120' title='bbox 1655 1082 1796 1127; x_wconf 88' lang='lat' dir='ltr'>homi-</span> 
     </span>
     <span class='ocr_line' id='line_1_14' title="bbox 405 1153 1794 1213; baseline -0.001 -15"><span class='ocrx_word' id='word_1_121' title='bbox 405 1155 534 1198; x_wconf 83' lang='lat' dir='ltr'>nibus</span> <span class='ocrx_word' id='word_1_122' title='bbox 556 1155 691 1199; x_wconf 83' lang='lat' dir='ltr'>novit.</span> <span class='ocrx_word' id='word_1_123' title='bbox 713 1157 810 1199; x_wconf 86' lang='lat' dir='ltr'>Non</span> <span class='ocrx_word' id='word_1_124' title='bbox 832 1155 946 1198; x_wconf 88' lang='lat' dir='ltr'>enim</span> <span class='ocrx_word' id='word_1_125' title='bbox 975 1153 1134 1198; x_wconf 81' lang='lat' dir='ltr'>frustra</span> <span class='ocrx_word' id='word_1_126' title='bbox 1166 1156 1250 1199; x_wconf 80' lang='lat' dir='ltr'>hoe</span> <span class='ocrx_word' id='word_1_127' title='bbox 1287 1153 1421 1207; x_wconf 70' lang='lat' dir='ltr'>dixit,</span> <span class='ocrx_word' id='word_1_128' title='bbox 1447 1154 1527 1197; x_wconf 89' lang='lat' dir='ltr'>nisi</span> <span class='ocrx_word' id='word_1_129' title='bbox 1565 1154 1669 1213; x_wconf 75' lang='lat' dir='ltr'>quja</span> <span class='ocrx_word' id='word_1_130' title='bbox 1701 1153 1794 1196; x_wconf 88' lang='lat' dir='ltr'>fieri</span> 
     </span>
     <span class='ocr_line' id='line_1_15' title="bbox 405 1222 1789 1285; baseline -0.001 -17"><span class='ocrx_word' id='word_1_131' title='bbox 405 1234 547 1284; x_wconf 89' lang='lat' dir='ltr'>potest</span> <span class='ocrx_word' id='word_1_132' title='bbox 568 1234 617 1269; x_wconf 92' lang='lat' dir='ltr'>ut</span> <span class='ocrx_word' id='word_1_133' title='bbox 638 1240 790 1269; x_wconf 86' lang='lat' dir='ltr'>verum</span> <span class='ocrx_word' id='word_1_134' title='bbox 807 1225 861 1268; x_wconf 90' lang='lat' dir='ltr'>sit</span> <span class='ocrx_word' id='word_1_135' title='bbox 878 1225 1006 1268; x_wconf 87' lang='lat' dir='ltr'>etiam</span> <span class='ocrx_word' id='word_1_136' title='bbox 1024 1224 1134 1268; x_wconf 84' lang='lat' dir='ltr'>illud</span> <span class='ocrx_word' id='word_1_137' title='bbox 1151 1224 1271 1285; x_wconf 89' lang='lat' dir='ltr'>quod</span> <span class='ocrx_word' id='word_1_138' title='bbox 1292 1224 1537 1268; x_wconf 87' lang='lat' dir='ltr'>audivimus</span> <span class='ocrx_word' id='word_1_139' title='bbox 1556 1223 1610 1267; x_wconf 89' lang='lat' dir='ltr'>de</span> <span class='ocrx_word' id='word_1_140' title='bbox 1627 1222 1789 1283; x_wconf 85' lang='lat' dir='ltr'>aspide.</span> 
     </span>
     <span class='ocr_line' id='line_1_16' title="bbox 404 1294 1793 1354; baseline -0.001 -15"><span class='ocrx_word' id='word_1_141' title='bbox 404 1295 529 1354; x_wconf 85' lang='lat' dir='ltr'>Aspis</span> <span class='ocrx_word' id='word_1_142' title='bbox 551 1310 651 1339; x_wconf 88' lang='lat' dir='ltr'>cum</span> <span class='ocrx_word' id='word_1_143' title='bbox 673 1295 854 1354; x_wconf 85' lang='lat' dir='ltr'>coeperit</span> <span class='ocrx_word' id='word_1_144' title='bbox 882 1295 971 1354; x_wconf 82' lang='lat' dir='ltr'>pati</span> <span class='ocrx_word' id='word_1_145' title='bbox 1002 1296 1318 1339; x_wconf 85' lang='lat' dir='ltr'>incantatorem</span> <span class='ocrx_word' id='word_1_146' title='bbox 1345 1297 1537 1338; x_wconf 65' lang='lat' dir='ltr'>Marsum</span> <span class='ocrx_word' id='word_1_147' title='bbox 1553 1329 1564 1349; x_wconf 88' lang='lat'>,</span> <span class='ocrx_word' id='word_1_148' title='bbox 1590 1294 1666 1354; x_wconf 87' lang='lat' dir='ltr'>qui</span> <span class='ocrx_word' id='word_1_149' title='bbox 1697 1308 1793 1337; x_wconf 87' lang='lat' dir='ltr'>eam</span> 
     </span>
     <span class='ocr_line' id='line_1_17' title="bbox 405 1361 1795 1425; baseline -0.001 -17"><span class='ocrx_word' id='word_1_150' title='bbox 405 1365 667 1425; x_wconf 85' lang='lat' dir='ltr'>quibusdam</span> <span class='ocrx_word' id='word_1_151' title='bbox 699 1364 962 1409; x_wconf 81' lang='lat' dir='ltr'>carminibus</span> <span class='ocrx_word' id='word_1_152' title='bbox 984 1365 1169 1424; x_wconf 84' lang='lat' dir='ltr'>propriis</span> <span class='ocrx_word' id='word_1_153' title='bbox 1193 1374 1344 1409; x_wconf 86' lang='lat' dir='ltr'>evocat</span> <span class='ocrx_word' id='word_1_154' title='bbox 1365 1400 1375 1419; x_wconf 88' lang='lat'>,</span> <span class='ocrx_word' id='word_1_155' title='bbox 1400 1364 1514 1408; x_wconf 87' lang='lat' dir='ltr'>sicut</span> <span class='ocrx_word' id='word_1_156' title='bbox 1531 1372 1634 1408; x_wconf 90' lang='lat' dir='ltr'>sunt</span> <span class='ocrx_word' id='word_1_157' title='bbox 1654 1361 1795 1407; x_wconf 86' lang='lat' dir='ltr'>multa</span> 
     </span>
     <span class='ocr_line' id='line_1_18' title="bbox 405 1433 1794 1494; baseline 0 -16"><span class='ocrx_word' id='word_1_158' title='bbox 405 1436 532 1478; x_wconf 87' lang='lat' dir='ltr'>etiam</span> <span class='ocrx_word' id='word_1_159' title='bbox 557 1435 721 1493; x_wconf 80' lang='lat' dir='ltr'>magica</span> <span class='ocrx_word' id='word_1_160' title='bbox 738 1469 749 1489; x_wconf 94' lang='lat'>,</span> <span class='ocrx_word' id='word_1_161' title='bbox 775 1434 922 1478; x_wconf 79' lang='lat' dir='ltr'>audite</span> <span class='ocrx_word' id='word_1_162' title='bbox 951 1434 1060 1494; x_wconf 90' lang='lat' dir='ltr'>quid</span> <span class='ocrx_word' id='word_1_163' title='bbox 1080 1435 1198 1479; x_wconf 85' lang='lat' dir='ltr'>facit.</span> <span class='ocrx_word' id='word_1_164' title='bbox 1239 1433 1325 1479; x_wconf 88' lang='lat' dir='ltr'>Sed</span> <span class='ocrx_word' id='word_1_165' title='bbox 1345 1434 1521 1478; x_wconf 80' lang='lat' dir='ltr'>interim</span> <span class='ocrx_word' id='word_1_166' title='bbox 1545 1433 1593 1477; x_wconf 86' lang='lat' dir='ltr'>in</span> <span class='ocrx_word' id='word_1_167' title='bbox 1613 1434 1699 1478; x_wconf 92' lang='lat' dir='ltr'>hoc</span> <span class='ocrx_word' id='word_1_168' title='bbox 1728 1443 1794 1478; x_wconf 85' lang='lat' dir='ltr'>at·</span> 
     </span>
     <span class='ocr_line' id='line_1_19' title="bbox 404 1503 1794 1564; baseline 0 -16"><span class='ocrx_word' id='word_1_169' title='bbox 404 1505 590 1559; x_wconf 82' lang='lat' dir='ltr'>tendite,</span> <span class='ocrx_word' id='word_1_170' title='bbox 615 1503 796 1548; x_wconf 83' lang='lat' dir='ltr'>fratres:</span> <span class='ocrx_word' id='word_1_171' title='bbox 825 1505 910 1548; x_wconf 92' lang='lat' dir='ltr'>hoc</span> <span class='ocrx_word' id='word_1_172' title='bbox 938 1505 1053 1548; x_wconf 89' lang='lat' dir='ltr'>enim</span> <span class='ocrx_word' id='word_1_173' title='bbox 1074 1503 1440 1564; x_wconf 76' lang='lat' dir='ltr'>praeloquendum</span> <span class='ocrx_word' id='word_1_174' title='bbox 1474 1513 1562 1559; x_wconf 88' lang='lat' dir='ltr'>est,</span> <span class='ocrx_word' id='word_1_175' title='bbox 1596 1519 1652 1548; x_wconf 91' lang='lat' dir='ltr'>ne</span> <span class='ocrx_word' id='word_1_176' title='bbox 1674 1504 1794 1564; x_wconf 87' lang='lat' dir='ltr'>quis—</span> 
     </span>
     <span class='ocr_line' id='line_1_20' title="bbox 404 1573 1794 1634; baseline 0 -16"><span class='ocrx_word' id='word_1_177' title='bbox 404 1589 536 1634; x_wconf 83' lang='lat' dir='ltr'>quam</span> <span class='ocrx_word' id='word_1_178' title='bbox 567 1573 702 1618; x_wconf 88' lang='lat' dir='ltr'>veluti</span> <span class='ocrx_word' id='word_1_179' title='bbox 734 1574 936 1618; x_wconf 70' lang='lat' dir='ltr'>haesitans</span> <span class='ocrx_word' id='word_1_180' title='bbox 967 1573 1115 1618; x_wconf 85' lang='lat' dir='ltr'>audiat</span> <span class='ocrx_word' id='word_1_181' title='bbox 1147 1594 1156 1619; x_wconf 74' lang='grc' dir='ltr'><strong><em>ι</em></strong></span> <span class='ocrx_word' id='word_1_182' title='bbox 1181 1590 1297 1629; x_wconf 88' lang='lat' dir='ltr'>non,</span> <span class='ocrx_word' id='word_1_183' title='bbox 1322 1573 1636 1634; x_wconf 88' lang='lat' dir='ltr'>undecumque</span> <span class='ocrx_word' id='word_1_184' title='bbox 1664 1573 1794 1618; x_wconf 86' lang='lat' dir='ltr'>datur</span> 
     </span>
     <span class='ocr_line' id='line_1_21' title="bbox 404 1643 1794 1702; baseline 0 -14"><span class='ocrx_word' id='word_1_185' title='bbox 404 1643 640 1688; x_wconf 82' lang='lat' dir='ltr'>similitudo</span> <span class='ocrx_word' id='word_1_186' title='bbox 655 1678 665 1697; x_wconf 90' lang='lat'>,</span> <span class='ocrx_word' id='word_1_187' title='bbox 691 1643 746 1686; x_wconf 81' lang='lat' dir='ltr'>ab</span> <span class='ocrx_word' id='word_1_188' title='bbox 787 1644 1016 1702; x_wconf 85' lang='lat' dir='ltr'>Scripturis</span> <span class='ocrx_word' id='word_1_189' title='bbox 1051 1643 1257 1687; x_wconf 88' lang='lat' dir='ltr'>laudatur</span> <span class='ocrx_word' id='word_1_190' title='bbox 1290 1644 1381 1702; x_wconf 86' lang='lat' dir='ltr'>ipsa</span> <span class='ocrx_word' id='word_1_191' title='bbox 1403 1658 1498 1701; x_wconf 70' lang='lat' dir='ltr'>res,</span> <span class='ocrx_word' id='word_1_192' title='bbox 1522 1644 1598 1687; x_wconf 87' lang='lat' dir='ltr'>sed</span> <span class='ocrx_word' id='word_1_193' title='bbox 1621 1653 1794 1688; x_wconf 89' lang='lat' dir='ltr'>tantum</span> 
     </span>
     <span class='ocr_line' id='line_1_22' title="bbox 406 1712 1792 1774; baseline 0 -17"><span class='ocrx_word' id='word_1_194' title='bbox 406 1714 508 1757; x_wconf 90' lang='lat' dir='ltr'>inde</span> <span class='ocrx_word' id='word_1_195' title='bbox 534 1712 772 1757; x_wconf 86' lang='lat' dir='ltr'>similitudo</span> <span class='ocrx_word' id='word_1_196' title='bbox 795 1713 996 1756; x_wconf 74' lang='lat' dir='ltr'>trahitur.</span> <span class='ocrx_word' id='word_1_197' title='bbox 1023 1715 1121 1758; x_wconf 87' lang='lat' dir='ltr'>Non</span> <span class='ocrx_word' id='word_1_198' title='bbox 1143 1714 1259 1757; x_wconf 86' lang='lat' dir='ltr'>enim</span> <span class='ocrx_word' id='word_1_199' title='bbox 1283 1712 1479 1758; x_wconf 87' lang='lat' dir='ltr'>laudavit</span> <span class='ocrx_word' id='word_1_200' title='bbox 1504 1713 1792 1774; x_wconf 86' lang='lat' dir='ltr'>iniquumju-</span> 
     </span>
     <span class='ocr_line' id='line_1_23' title="bbox 403 1782 1792 1843; baseline 0.001 -16"><span class='ocrx_word' id='word_1_201' title='bbox 403 1783 543 1828; x_wconf 85' lang='lat' dir='ltr'>dicem</span> <span class='ocrx_word' id='word_1_202' title='bbox 561 1819 571 1838; x_wconf 86' lang='lat'>,</span> <span class='ocrx_word' id='word_1_203' title='bbox 597 1783 672 1843; x_wconf 90' lang='lat' dir='ltr'>qui</span> <span class='ocrx_word' id='word_1_204' title='bbox 694 1782 871 1827; x_wconf 76' lang='lat' dir='ltr'>nolebat</span> <span class='ocrx_word' id='word_1_205' title='bbox 892 1783 1042 1826; x_wconf 85' lang='lat' dir='ltr'>audire</span> <span class='ocrx_word' id='word_1_206' title='bbox 1075 1783 1194 1826; x_wconf 87' lang='lat' dir='ltr'>illam</span> <span class='ocrx_word' id='word_1_207' title='bbox 1229 1782 1428 1836; x_wconf 83' lang='lat' dir='ltr'>viduam,</span> <span class='ocrx_word' id='word_1_208' title='bbox 1463 1793 1507 1827; x_wconf 89' lang='lat' dir='ltr'>ct</span> <span class='ocrx_word' id='word_1_209' title='bbox 1539 1800 1620 1828; x_wconf 85' lang='lat' dir='ltr'>nec</span> <span class='ocrx_word' id='word_1_210' title='bbox 1651 1787 1792 1828; x_wconf 85' lang='lat' dir='ltr'>Deum</span> 
     </span>
     <span class='ocr_line' id='line_1_24' title="bbox 406 1852 1791 1911; baseline 0.001 -15"><span class='ocrx_word' id='word_1_211' title='bbox 406 1853 613 1908; x_wconf 84' lang='lat' dir='ltr'>timebat,</span> <span class='ocrx_word' id='word_1_212' title='bbox 644 1868 723 1896; x_wconf 84' lang='lat' dir='ltr'>nec</span> <span class='ocrx_word' id='word_1_213' title='bbox 750 1852 948 1896; x_wconf 85' lang='lat' dir='ltr'>homines</span> <span class='ocrx_word' id='word_1_214' title='bbox 976 1852 1284 1911; x_wconf 71' lang='lat' dir='ltr'>reverebatur,</span> <span class='ocrx_word' id='word_1_215' title='bbox 1309 1862 1353 1897; x_wconf 92' lang='lat' dir='ltr'>et</span> <span class='ocrx_word' id='word_1_216' title='bbox 1373 1862 1520 1897; x_wconf 90' lang='lat' dir='ltr'>tamen</span> <span class='ocrx_word' id='word_1_217' title='bbox 1545 1854 1648 1898; x_wconf 84' lang='lat' dir='ltr'>inde</span> <span class='ocrx_word' id='word_1_218' title='bbox 1669 1855 1791 1899; x_wconf 88' lang='lat' dir='ltr'>simi-</span> 
     </span>
     <span class='ocr_line' id='line_1_25' title="bbox 406 1922 1786 1983; baseline 0.001 -16"><span class='ocrx_word' id='word_1_219' title='bbox 406 1923 637 1967; x_wconf 84' lang='lat' dir='ltr'>litudinem</span> <span class='ocrx_word' id='word_1_220' title='bbox 663 1923 872 1967; x_wconf 90' lang='lat' dir='ltr'>Dominus</span> <span class='ocrx_word' id='word_1_221' title='bbox 902 1924 1054 1966; x_wconf 65' lang='lat' dir='ltr'>traxit3</span> <span class='ocrx_word' id='word_1_222' title='bbox 1077 1943 1085 1967; x_wconf 87' lang='lat'><strong>:</strong></span> <span class='ocrx_word' id='word_1_223' title='bbox 1119 1939 1198 1966; x_wconf 81' lang='lat' dir='ltr'>nec</span> <span class='ocrx_word' id='word_1_224' title='bbox 1223 1923 1343 1967; x_wconf 86' lang='lat' dir='ltr'>illum</span> <span class='ocrx_word' id='word_1_225' title='bbox 1364 1922 1560 1968; x_wconf 86' lang='lat' dir='ltr'>laudavit</span> <span class='ocrx_word' id='word_1_226' title='bbox 1582 1925 1758 1983; x_wconf 81' lang='lat' dir='ltr'>pigrum</span> <span class='ocrx_word' id='word_1_227' title='bbox 1775 1960 1786 1981; x_wconf 91' lang='lat'>,</span> 
     </span>
     <span class='ocr_line' id='line_1_26' title="bbox 406 1992 1791 2053; baseline 0.002 -17"><span class='ocrx_word' id='word_1_228' title='bbox 406 1994 481 2053; x_wconf 86' lang='lat' dir='ltr'>qui</span> <span class='ocrx_word' id='word_1_229' title='bbox 506 2003 588 2036; x_wconf 82' lang='lat' dir='ltr'>tres</span> <span class='ocrx_word' id='word_1_230' title='bbox 615 2007 746 2052; x_wconf 82' lang='lat' dir='ltr'>panes</span> <span class='ocrx_word' id='word_1_231' title='bbox 761 2027 771 2047; x_wconf 95' lang='lat'>,</span> <span class='ocrx_word' id='word_1_232' title='bbox 797 2007 886 2036; x_wconf 87' lang='lat' dir='ltr'>non</span> <span class='ocrx_word' id='word_1_233' title='bbox 907 2001 1085 2052; x_wconf 82' lang='lat' dir='ltr'>propter</span> <span class='ocrx_word' id='word_1_234' title='bbox 1107 1993 1339 2036; x_wconf 85' lang='lat' dir='ltr'>amicitiam</span> <span class='ocrx_word' id='word_1_235' title='bbox 1356 1992 1478 2037; x_wconf 88' lang='lat' dir='ltr'>dedit</span> <span class='ocrx_word' id='word_1_236' title='bbox 1500 1995 1689 2053; x_wconf 83' lang='lat' dir='ltr'>petenti,</span> <span class='ocrx_word' id='word_1_237' title='bbox 1714 1994 1791 2040; x_wconf 85' lang='lat' dir='ltr'>sed</span> 
     </span>
     <span class='ocr_line' id='line_1_27' title="bbox 406 2064 1790 2123; baseline -0.001 -13"><span class='ocrx_word' id='word_1_238' title='bbox 406 2066 536 2110; x_wconf 83' lang='lat' dir='ltr'>taedio</span> <span class='ocrx_word' id='word_1_239' title='bbox 557 2065 695 2109; x_wconf 86' lang='lat' dir='ltr'>victus</span> <span class='ocrx_word' id='word_1_240' title='bbox 712 2086 723 2123; x_wconf 78' lang='lat'><em>3</em></span> <span class='ocrx_word' id='word_1_241' title='bbox 743 2075 788 2109; x_wconf 88' lang='lat' dir='ltr'>et</span> <span class='ocrx_word' id='word_1_242' title='bbox 812 2074 955 2108; x_wconf 75' lang='lat' dir='ltr'>tamen</span> <span class='ocrx_word' id='word_1_243' title='bbox 974 2064 1077 2108; x_wconf 88' lang='lat' dir='ltr'>inde</span> <span class='ocrx_word' id='word_1_244' title='bbox 1105 2064 1434 2109; x_wconf 72' lang='lat' dir='ltr'>similitudinem</span> <span class='ocrx_word' id='word_1_245' title='bbox 1456 2064 1620 2109; x_wconf 66' lang='lat' dir='ltr'>dedit4.</span> <span class='ocrx_word' id='word_1_246' title='bbox 1646 2068 1705 2109; x_wconf 87' lang='lat' dir='ltr'>Et</span> <span class='ocrx_word' id='word_1_247' title='bbox 1735 2066 1790 2109; x_wconf 89' lang='lat' dir='ltr'>de</span> 
     </span>
     <span class='ocr_line' id='line_1_28' title="bbox 405 2134 1790 2196; baseline 0 -16"><span class='ocrx_word' id='word_1_248' title='bbox 405 2137 534 2180; x_wconf 81' lang='lat' dir='ltr'>rebus</span> <span class='ocrx_word' id='word_1_249' title='bbox 556 2151 657 2195; x_wconf 81' lang='lat' dir='ltr'>ergo</span> <span class='ocrx_word' id='word_1_250' title='bbox 680 2151 769 2180; x_wconf 91' lang='lat' dir='ltr'>non</span> <span class='ocrx_word' id='word_1_251' title='bbox 790 2134 1017 2180; x_wconf 87' lang='lat' dir='ltr'>laudandis</span> <span class='ocrx_word' id='word_1_252' title='bbox 1038 2136 1272 2179; x_wconf 87' lang='lat' dir='ltr'>trahuntur</span> <span class='ocrx_word' id='word_1_253' title='bbox 1289 2136 1532 2180; x_wconf 84' lang='lat' dir='ltr'>secundum</span> <span class='ocrx_word' id='word_1_254' title='bbox 1554 2136 1790 2196; x_wconf 87' lang='lat' dir='ltr'>quemdam</span> 
     </span>
     <span class='ocr_line' id='line_1_29' title="bbox 405 2205 1789 2267; baseline 0 -16"><span class='ocrx_word' id='word_1_255' title='bbox 405 2207 585 2252; x_wconf 85' lang='lat' dir='ltr'>modum</span> <span class='ocrx_word' id='word_1_256' title='bbox 612 2205 837 2250; x_wconf 79' lang='lat' dir='ltr'>nonnullae</span> <span class='ocrx_word' id='word_1_257' title='bbox 858 2205 1176 2250; x_wconf 88' lang='lat' dir='ltr'>similitudines.</span> <span class='ocrx_word' id='word_1_258' title='bbox 1207 2210 1297 2250; x_wconf 90' lang='lat' dir='ltr'>Aut</span> <span class='ocrx_word' id='word_1_259' title='bbox 1323 2207 1357 2250; x_wconf 91' lang='lat' dir='ltr'>si</span> <span class='ocrx_word' id='word_1_260' title='bbox 1377 2216 1606 2266; x_wconf 85' lang='lat' dir='ltr'>propterea</span> <span class='ocrx_word' id='word_1_261' title='bbox 1627 2207 1789 2267; x_wconf 85' lang='lat' dir='ltr'>putatis</span> 
     </span>
     <span class='ocr_line' id='line_1_30' title="bbox 405 2275 1789 2337; baseline 0 -16"><span class='ocrx_word' id='word_1_262' title='bbox 405 2276 601 2321; x_wconf 81' lang='lat' dir='ltr'>eundum</span> <span class='ocrx_word' id='word_1_263' title='bbox 632 2292 722 2321; x_wconf 87' lang='lat' dir='ltr'>esse</span> <span class='ocrx_word' id='word_1_264' title='bbox 754 2276 809 2321; x_wconf 90' lang='lat' dir='ltr'>ad</span> <span class='ocrx_word' id='word_1_265' title='bbox 832 2279 1020 2331; x_wconf 77' lang='lat' dir='ltr'>Marsos,</span> <span class='ocrx_word' id='word_1_266' title='bbox 1052 2277 1153 2335; x_wconf 85' lang='lat' dir='ltr'>quia</span> <span class='ocrx_word' id='word_1_267' title='bbox 1174 2277 1258 2320; x_wconf 91' lang='lat' dir='ltr'>hoc</span> <span class='ocrx_word' id='word_1_268' title='bbox 1280 2275 1460 2320; x_wconf 90' lang='lat' dir='ltr'>audistis</span> <span class='ocrx_word' id='word_1_269' title='bbox 1492 2277 1538 2321; x_wconf 91' lang='lat' dir='ltr'>in</span> <span class='ocrx_word' id='word_1_270' title='bbox 1568 2278 1789 2337; x_wconf 87' lang='lat' dir='ltr'>Scriptura</span> 
     </span>
     <span class='ocr_line' id='line_1_31' title="bbox 405 2345 1789 2407; baseline 0.001 -16"><span class='ocrx_word' id='word_1_271' title='bbox 405 2348 483 2392; x_wconf 89' lang='lat' dir='ltr'>Dei</span> <span class='ocrx_word' id='word_1_272' title='bbox 496 2367 506 2403; x_wconf 77' lang='lat'>3</span> <span class='ocrx_word' id='word_1_273' title='bbox 521 2345 715 2390; x_wconf 89' lang='lat' dir='ltr'>eundum</span> <span class='ocrx_word' id='word_1_274' title='bbox 737 2355 801 2390; x_wconf 88' lang='lat' dir='ltr'>est</span> <span class='ocrx_word' id='word_1_275' title='bbox 817 2355 860 2389; x_wconf 86' lang='lat' dir='ltr'>et</span> <span class='ocrx_word' id='word_1_276' title='bbox 881 2346 936 2389; x_wconf 90' lang='lat' dir='ltr'>ad</span> <span class='ocrx_word' id='word_1_277' title='bbox 957 2345 1199 2405; x_wconf 84' lang='lat' dir='ltr'>spectacula</span> <span class='ocrx_word' id='word_1_278' title='bbox 1222 2346 1392 2400; x_wconf 81' lang='lat' dir='ltr'>theatri,</span> <span class='ocrx_word' id='word_1_279' title='bbox 1413 2346 1516 2406; x_wconf 86' lang='lat' dir='ltr'>quia</span> <span class='ocrx_word' id='word_1_280' title='bbox 1532 2346 1638 2392; x_wconf 89' lang='lat' dir='ltr'>dicit</span> <span class='ocrx_word' id='word_1_281' title='bbox 1653 2351 1789 2407; x_wconf 89' lang='lat' dir='ltr'>Apos-</span> 
     </span>
     <span class='ocr_line' id='line_1_32' title="bbox 405 2416 1787 2477; baseline 0.001 -15"><span class='ocrx_word' id='word_1_282' title='bbox 405 2417 544 2462; x_wconf 87' lang='lat' dir='ltr'>tolus:</span> <span class='ocrx_word' id='word_1_283' title='bbox 581 2436 600 2458; x_wconf 89' lang='lat'>«</span> <span class='ocrx_word' id='word_1_284' title='bbox 630 2419 727 2462; x_wconf 83' lang='lat' dir='ltr'>Non</span> <span class='ocrx_word' id='word_1_285' title='bbox 748 2417 806 2460; x_wconf 89' lang='lat' dir='ltr'>sic</span> <span class='ocrx_word' id='word_1_286' title='bbox 828 2416 1001 2476; x_wconf 81' lang='lat' dir='ltr'>pugilor</span> <span class='ocrx_word' id='word_1_287' title='bbox 1022 2417 1142 2476; x_wconf 85' lang='lat' dir='ltr'>quasi</span> <span class='ocrx_word' id='word_1_288' title='bbox 1166 2420 1308 2460; x_wconf 76' lang='lat' dir='ltr'>aerem</span> <span class='ocrx_word' id='word_1_289' title='bbox 1330 2416 1517 2461; x_wconf 84' lang='lat' dir='ltr'>caedens.</span> <span class='ocrx_word' id='word_1_290' title='bbox 1545 2436 1566 2459; x_wconf 68' lang='lat'>³&gt;</span> <span class='ocrx_word' id='word_1_291' title='bbox 1598 2419 1787 2477; x_wconf 87' lang='lat' dir='ltr'>Pugilari</span> 
     </span>
     <span class='ocr_line' id='line_1_33' title="bbox 406 2486 1784 2547; baseline 0.001 -15"><span class='ocrx_word' id='word_1_292' title='bbox 406 2488 522 2532; x_wconf 87' lang='lat' dir='ltr'>enim</span> <span class='ocrx_word' id='word_1_293' title='bbox 541 2497 605 2531; x_wconf 86' lang='lat' dir='ltr'>est</span> <span class='ocrx_word' id='word_1_294' title='bbox 631 2487 902 2547; x_wconf 87' lang='lat' dir='ltr'>pancratium</span> <span class='ocrx_word' id='word_1_295' title='bbox 919 2486 1075 2531; x_wconf 81' lang='lat' dir='ltr'>facere.</span> <span class='ocrx_word' id='word_1_296' title='bbox 1098 2490 1194 2531; x_wconf 89' lang='lat' dir='ltr'>Jam</span> <span class='ocrx_word' id='word_1_297' title='bbox 1216 2488 1320 2547; x_wconf 83' lang='lat' dir='ltr'>quia</span> <span class='ocrx_word' id='word_1_298' title='bbox 1340 2487 1441 2531; x_wconf 88' lang='lat' dir='ltr'>hinc</span> <span class='ocrx_word' id='word_1_299' title='bbox 1457 2489 1558 2532; x_wconf 86' lang='lat' dir='ltr'>data</span> <span class='ocrx_word' id='word_1_300' title='bbox 1582 2498 1645 2533; x_wconf 88' lang='lat' dir='ltr'>est</span> <span class='ocrx_word' id='word_1_301' title='bbox 1665 2489 1784 2534; x_wconf 90' lang='lat' dir='ltr'>simi—</span> 
     </span>
    </p>

    <p class='ocr_par' dir='ltr' id='par_1_4' title="bbox 457 2569 1567 2615">
     <span class='ocr_line' id='line_1_34' title="bbox 457 2569 1567 2615; baseline 0.001 -12"><span class='ocrx_word' id='word_1_302' title='bbox 457 2579 464 2595; x_wconf 85' lang='lat'><em>¹</em></span> <span class='ocrx_word' id='word_1_303' title='bbox 483 2572 653 2612; x_wconf 72' lang='lat' dir='ltr'>Psal.1.vn,</span> <span class='ocrx_word' id='word_1_304' title='bbox 675 2571 705 2604; x_wconf 86' lang='lat'>5.</span> <span class='ocrx_word' id='word_1_305' title='bbox 730 2587 768 2594; x_wconf 91' lang='lat'>—-·</span> <span class='ocrx_word' id='word_1_306' title='bbox 788 2578 800 2593; x_wconf 83' lang='lat'>²</span> <span class='ocrx_word' id='word_1_307' title='bbox 820 2570 901 2602; x_wconf 77' lang='lat' dir='ltr'>thid.</span> <span class='ocrx_word' id='word_1_308' title='bbox 921 2570 954 2602; x_wconf 83' lang='grc'>6.</span> <span class='ocrx_word' id='word_1_309' title='bbox 971 2588 1012 2593; x_wconf 91' lang='lat'>—-</span> <span class='ocrx_word' id='word_1_310' title='bbox 1034 2569 1046 2593; x_wconf 82' lang='lat'>3</span> <span class='ocrx_word' id='word_1_311' title='bbox 1066 2572 1141 2603; x_wconf 85' lang='lat' dir='ltr'>Luc.</span> <span class='ocrx_word' id='word_1_312' title='bbox 1164 2582 1252 2613; x_wconf 75' lang='lat' dir='ltr'>xvni,</span> <span class='ocrx_word' id='word_1_313' title='bbox 1268 2582 1297 2604; x_wconf 85' lang='lat'>2-</span> <span class='ocrx_word' id='word_1_314' title='bbox 1321 2589 1361 2594; x_wconf 89' lang='lat'>--</span> <span class='ocrx_word' id='word_1_315' title='bbox 1375 2570 1514 2615; x_wconf 73' lang='lat' dir='ltr'>41d.x1‚</span> <span class='ocrx_word' id='word_1_316' title='bbox 1535 2572 1567 2604; x_wconf 86' lang='grc'>8.</span> 
     </span>
    </p>
   </div>
   <div class='ocr_carea' id='block_1_3' title="bbox 1844 146 1884 3285">
    <p class='ocr_par' dir='ltr' id='par_1_5' title="bbox 1844 146 1884 3285">
     <span class='ocr_line' id='line_1_35' title="bbox 1844 146 1884 3285; baseline 0 0"><span class='ocrx_word' id='word_1_317' title='bbox 1844 146 1884 3285; x_wconf 95' lang='lat' dir='ltr'> </span> 
     </span>
    </p>
   </div>
  </div>
 </body>
</html>
