1889 3285
467 269 707 298 ENARRATIO
739 273 785 299 nv
816 269 1018 300 PSALMUM
1051 270 1175 298 Lxxv.
1420 260 1502 299 505

128 354 149 377 a)
184 336 297 395 ejus¹
322 353 331 380 ι
359 353 380 376 »
412 343 456 379 et
475 334 681 379 insultare
703 335 942 390 Gentibus,
975 335 1133 395 quibus
1160 350 1250 379 non
1282 343 1345 380 est
1374 345 1504 380 notus

125 409 260 462 Deus,
296 415 341 451 et
361 405 504 450 dicere
532 406 634 466 quia
656 406 735 450 sibi
770 407 870 451 solis
898 416 1026 451 notus
1054 416 1118 450 cst
1147 409 1288 465 Deus3
1328 407 1504 467 quando

125 477 343 536 Propheta
375 475 479 521 dicit
496 495 505 521 ε
553 495 573 518 «
597 478 734 520 Notus
763 476 808 520 in
845 479 870 520 J
874 476 998 520 udeea
1020 479 1134 520 Deus
1167 494 1175 520 :
1208 493 1228 517 »
1266 476 1369 520 alibi
1404 492 1504 535 ergo

125 548 315 606 ignotus.
341 549 478 592 Notus
502 555 566 591 est
602 556 748 591 autem
769 562 916 591 revera
933 547 979 590 in
1001 546 1154 590 Judaea
1174 549 1309 602 Deus,
1334 547 1367 591 si
1383 547 1505 592 intel-

124 617 263 676 ligant
282 616 391 677 quid
412 617 465 661 sit
487 619 511 661 J
515 615 655 661 udaea.
681 619 791 661 Nam
811 631 911 660 vere
932 632 1021 661 non
1038 625 1101 661 est
1117 626 1246 661 notus
1261 619 1374 661 Deus
1389 652 1399 670 ‚
1424 618 1505 661 nisi

124 687 169 731 in
186 690 210 731 J
214 687 354 732 udaea.
379 690 492 732 Ecce
506 697 549 731 et
562 702 640 731 nos
661 687 744 731 hoc
761 685 942 731 dicimus
959 722 970 742 ,
991 687 1093 747 quia
1114 687 1195 731 nisi
1211 687 1394 747 quisque
1409 686 1508 731 suc-

123 757 180 802 rit
199 757 245 801 in
265 759 289 801 J
293 757 434 812 udaea,
452 762 582 802 notus
596 757 634 800 ei
650 759 764 800 Deus
778 771 865 801 esse
879 772 969 801 non
984 766 1139 817 potest.
1168 756 1252 802 Sed
1278 756 1385 817 quid
1401 756 1507 801 dicit

68 865 69 868 ,
122 828 356 888 Apostolus
370 830 388 870 ‘2
400 847 420 871 «
435 828 520 882 Qui
535 828 581 872 in
597 827 770 873 occulto
783 831 807 872 J
811 828 962 873 udaeus
980 838 1043 873 est
1062 850 1073 887 3
1090 829 1166 889 qui
1182 828 1506 874 circumcisione

125 916 148 940 »
181 898 344 954 cordis,
374 914 465 944 non
496 898 665 953 littera,
695 897 770 943 sed
798 898 997 958 spiritu2.
1034 917 1054 940 »
1083 902 1194 944 Sunt
1228 914 1331 958 ergo
1364 897 1507 942 Judaei

123 968 170 1012 in
198 969 524 1014 circumcisione
545 968 706 1024 carnis,
740 977 784 1013 et
815 978 917 1013 sunt
951 969 1093 1014 Judaei
1115 970 1160 1013 in
1182 969 1507 1014 circumcisione

122 1039 277 1094 carnis,
294 1049 337 1084 et
353 1049 455 1084 sunt
476 1042 501 1084 J
505 1038 619 1084 udaei
632 1039 677 1083 in
688 1039 1015 1084 circumcisione
1032 1040 1189 1085 cordis.
1212 1043 1358 1084 Patres
1373 1041 1508 1084 nostri

121 1109 250 1153 multi
277 1110 413 1154 sancti
430 1145 440 1164 ‚
467 1119 510 1154 et
531 1109 902 1154 circumcisionem
924 1110 1063 1154 carnis
1087 1110 1310 1154 habebant
1330 1119 1507 1170 propter

121 1179 391 1236 signaculum
407 1179 526 1233 fidei,
550 1189 593 1223 et
606 1180 979 1224 circumcisionem
1001 1180 1156 1234 cordis,
1174 1188 1351 1238 propter
1369 1179 1507 1238 ipsam

121 1247 269 1292 fidem.
295 1248 363 1295 Ab
392 1248 458 1292 his
486 1248 680 1307 patribus
717 1246 1029 1307 degenerantes
1055 1249 1151 1304 isti,
1196 1250 1271 1309 qui
1302 1248 1434 1294 modo
1462 1249 1508 1293 in

120 1318 296 1362 nomine
318 1317 584 1376 gloriantur,
614 1327 658 1362 et
677 1317 790 1362 facta
809 1317 1116 1377 perdiderunt3
1148 1318 1203 1363 ab
1224 1320 1290 1363 his
1307 1335 1407 1378 ergo
1426 1335 1507 1379 pa·-

120 1387 261 1432 tribus
298 1387 633 1446 degene1*anteS‚
670 1398 972 1433 remanserunt
1005 1389 1053 1432 in
1088 1404 1216 1433 carne
1255 1389 1397 1434 Judaei
1412 1425 1422 1445 ‚
1461 1391 1508 1435 in

120 1457 252 1503 corde
286 1458 462 1516 Pagani.
499 1457 586 1517 Ipsi
614 1458 730 1502 enim
762 1458 927 1513 Judaei,
954 1458 1031 1518 qui
1052 1467 1155 1502 sunt
1176 1473 1227 1502 ex
1260 1459 1505 1515 Abraham,

121 1543 145 1573 a
167 1543 256 1588 quo
274 1530 393 1572 Isaac
412 1536 539 1571 natus
564 1537 626 1572 est
645 1562 657 1583 ‚
677 1536 721 1571 et
739 1543 791 1572 ex
818 1527 894 1572 illo
916 1528 1074 1583 Jacob,
1104 1537 1148 1571 et
1164 1544 1216 1573 ex
1237 1530 1372 1574 Jacob
1394 1530 1509 1573 duo-

120 1597 261 1643 decim
290 1598 575 1653 Patriarchae,
607 1607 651 1642 ct
687 1613 739 1641 ex
766 1596 1000 1642 duodecim
1031 1598 1289 1643 Patriarchis
1321 1599 1510 1658 populus

119 1668 346 1712 universus
370 1671 395 1712 J
399 1668 642 1712 udaeorum.
666 1666 750 1713 Sed
767 1670 791 1711 J
795 1667 909 1711 udaei
922 1676 1150 1726 propterea
1164 1668 1348 1712 maxime
1365 1667 1510 1728 appel-

119 1737 197 1782 lati
219 1747 321 1783 sunt
337 1773 348 1794 ‚
373 1739 475 1799 quia
492 1741 516 1782 J
521 1737 627 1782 udas
649 1753 763 1782 unus
783 1746 875 1782 erat
896 1736 950 1781 de
971 1737 1069 1781 filiis
1094 1737 1327 1783 duodecim
1344 1739 1479 1783 Jacob
1494 1773 1506 1794 ,

121 1809 367 1853 Patriarcha
390 1809 504 1854 inter
527 1807 782 1863 duodecim,
815 1817 858 1852 et
885 1808 940 1852 de
968 1808 1100 1867 stirpe
1122 1808 1211 1868 ejus
1233 1823 1416 1866 regnum
1437 1823 1512 1852 ve-

120 1880 271 1923 niebat
292 1880 469 1924 Judaeis.
487 1882 598 1925 Nam
621 1879 760 1924 omnis
778 1878 851 1923 ille
869 1879 1058 1939 populus
1081 1878 1322 1923 secundum
1352 1894 1511 1923 nume-

120 1963 219 1992 rum
242 1948 474 1993 duodecim
497 1950 687 1994 filiorum
707 1948 844 1994 Jacob
859 1983 870 2003 ‚
890 1948 1122 1993 duodecim
1145 1948 1281 1993 tribus
1302 1949 1508 1994 habebat.

123 2019 280 2063 Tribus
311 2019 520 2063 dicuntur
555 2028 765 2079 tanquam
802 2020 934 2065 curiae
964 2029 1008 2064 et
1034 2019 1388 2078 congregationes
1421 2018 1511 2063 dis-

122 2090 270 2135 tinctae
290 2089 574 2149 populorum.
600 2089 802 2134 Habebat
828 2106 932 2150 ergo
960 2089 1033 2134 ille
1056 2089 1245 2150 populus
1280 2089 1512 2135 duodecim

122 2159 284 2215 tribus,
310 2175 333 2204 e
354 2160 514 2220 quibus
537 2158 770 2204 duodecim
786 2159 988 2203 tribubus
1010 2176 1098 2204 una
1114 2160 1254 2204 tribus
1274 2169 1366 2204 erat
1379 2159 1510 2216 Juda‚

123 2245 176 2275 ex
194 2246 281 2291 qua
302 2239 426 2275 erant
458 2245 602 2289 reges3
627 2238 670 2273 et
701 2238 794 2274 erat
825 2228 961 2272 altera
1000 2230 1150 2275 tribus.
1173 2230 1309 2285 Levi,
1345 2245 1396 2274 ex
1427 2246 1513 2290 qua

123 2310 247 2346 erant
263 2301 521 2346 sacerdotes.
552 2300 636 2346 Sed
657 2301 761 2361 quia
783 2299 1079 2345 sacerdotibus
1101 2300 1265 2361 templo
1287 2301 1514 2346 servienti-

123 2373 204 2416 bus
224 2381 338 2416 terra
359 2372 494 2416 divisa
518 2388 609 2416 non
638 2372 725 2416 est3
739 2406 750 2427 ‚
787 2370 1016 2431 oportebat
1042 2380 1187 2415 autem
1210 2380 1260 2415 ut
1282 2371 1513 2416 duodecim

123 2444 325 2488 tribubus
347 2443 648 2503 dispertiretur
669 2443 809 2487 omnis
838 2442 955 2500 regio
977 2443 1270 2501 promissionis
1297 2462 1306 2487 :
1337 2451 1513 2502 excepta

125 2529 228 2572 ergo
250 2529 338 2559 una
355 2514 475 2558 tribu
509 2514 681 2573 majoris
710 2512 929 2571 dignitatis
947 2547 957 2567 ,
993 2512 1113 2557 tribu
1138 2514 1267 2567 Levi,
1300 2528 1399 2573 quae
1422 2522 1514 2559 erat

175 2604 181 2619 ¹
206 2597 284 2631 Psal.
305 2608 401 2639 xxxv,
426 2607 458 2631 2.
481 2615 519 2622 -
541 2605 552 2622 ²
571 2600 662 2631 Rom.
689 2608 726 2638 n,
745 2606 798 2638 29.
820 2614 861 2622 --
886 2595 899 2621 ³
917 2598 1009 2630 Num.
1033 2608 1126 2637 xvxii,
1146 2606 1199 2629 20.
