1889 3285
375 209 458 248 400
756 220 788 244 s.
838 218 1067 245 Aucusmm
1101 219 1280 245 Episcom

375 302 395 326 »
431 293 474 328 et
493 283 661 327 senium
677 318 688 337 ‚
711 282 983 327 annuntiabo
1002 282 1214 326 mirabilia
1238 291 1312 326 tua
1335 301 1343 326 :
1367 300 1386 322 n
1401 297 1538 342 usque
1557 283 1603 326 in
1624 283 1756 326 finem

371 353 518 398 saeculi
539 354 619 397 erit
640 354 710 397 hic
727 352 935 397 Ecclesia.
965 353 1007 397 Si
1029 352 1144 395 enim
1166 368 1256 396 non
1278 353 1349 396 hic
1366 353 1515 397 sutura
1534 362 1597 396 est
1618 368 1758 412 usque
1789 395 1795 401 ,
1840 338 1853 401 ’ξ

370 425 416 467 in
434 424 564 467 finem
588 422 756 481 saeculi3
781 423 940 483 quihus
974 422 1184 467 Dominus
1217 422 1324 466 dixit
1350 442 1358 467 :
1389 443 1408 465 «
1434 426 1547 467 Ecce
1575 438 1656 481 ego
1677 438 1758 467 vo-

373 512 393 534 »
429 494 597 538 biscum
618 509 714 537 sum
728 493 930 538 omnibus
952 492 1106 537 diebus
1121 508 1258 553 usque
1277 493 1322 535 in
1341 493 1762 537 consummationem

374 582 395 605 n
430 563 576 607 saeculi
594 566 604 588 ¹
624 566 642 605 ⁶?
667 582 686 604 η
704 566 848 617 Quare
861 563 939 607 ista
963 562 1194 622 oportebat
1211 571 1260 606 ut
1276 561 1526 606 dicerentur
1548 563 1593 605 in
1617 562 1764 621 Scrip-

371 634 508 678 turis?
527 635 634 688 Quia
652 633 789 678 futuri
813 642 937 677 erant
958 632 1124 677 inimici
1137 631 1382 676 christianae
1409 632 1510 675 fidei
1534 632 1610 692 qui
1644 632 1765 676 dice-

370 715 468 749 rent
485 724 494 749 :
515 704 581 749 Ad
599 720 780 764 parvum
799 713 969 764 tempus
987 712 1089 747 sunt
1108 702 1358 757 Christiani,
1374 712 1520 761 postea
1535 702 1760 761 peribunt,

371 784 416 818 et
451 774 659 818 redibunt
692 774 808 819 idola
840 809 850 829 ,
895 772 1033 817 rediet
1073 771 1195 833 quod
1218 781 1309 815 erat
1351 775 1520 816 antea2.
1557 771 1764 824 Quandiu

371 855 499 890 erunt
525 845 781 890 Christiani?
807 864 826 886 «
853 847 998 904 Usque
1036 843 1091 887 ad
1117 852 1334 887 senectam
1367 852 1410 886 et
1433 843 1602 886 senium
1629 862 1637 886 ι
1666 860 1686 883 »
1718 839 1765 886 id

371 926 457 971 est,
476 932 616 976 usque
638 917 683 959 in
707 916 839 959 finem
869 913 1031 959 saeculi.
1058 917 1124 957 Tu
1155 928 1257 957 cum
1289 922 1489 972 expectas
1512 912 1639 956 miser
1661 911 1764 955 infi-

372 986 478 1030 delis
501 995 549 1030 ut
581 995 802 1030 transeant
825 984 1057 1029 Christiani
1079 1019 1089 1038 ,
1117 983 1271 1027 transis
1294 992 1341 1026 tu
1365 984 1454 1026 sine
1476 981 1730 1027 Christianis
1751 1001 1760 1026 z

373 1066 414 1100 et
436 1057 668 1101 Christiani
701 1071 838 1116 usque
860 1056 905 1098 in
935 1055 1065 1098 finem
1102 1053 1247 1098 saeculi
1273 1054 1618 1113 permanebunt3
1647 1061 1691 1096 et
1716 1062 1765 1096 tu

371 1143 448 1186 per
466 1126 769 1171 infidelitatem
792 1136 911 1170 tuam
929 1161 938 1179 ⁷
966 1140 1068 1169 cum
1089 1124 1251 1168 finieris
1274 1124 1450 1167 brevem
1473 1124 1605 1167 vitam
1624 1132 1762 1177 tuam⁷

371 1213 454 1254 qua
479 1196 622 1241 fronte
639 1197 750 1241 exies
773 1197 827 1240 ad
845 1200 868 1240 J
876 1195 1044 1239 udicem
1062 1231 1072 1249 ‚
1094 1210 1226 1254 quem
1243 1210 1343 1238 cum
1365 1194 1530 1238 viveres
1561 1193 1764 1251 blasphe-

372 1266 649 1321 mastiPErgo
673 1286 692 1305 u
718 1272 754 1308 A
773 1269 1005 1323 juventute
1026 1281 1121 1306 mea
1138 1298 1148 1316 ,
1174 1275 1218 1306 et
1240 1281 1377 1322 usque
1400 1278 1516 1306 nunc
1532 1297 1542 1317 ⁷
1567 1271 1610 1306 et
1627 1278 1765 1322 usque

374 1355 394 1377 >›
431 1336 486 1379 ad
507 1345 723 1379 senectam
749 1344 790 1377 et
813 1334 996 1388 senium,
1016 1334 1222 1388 Domine,
1254 1349 1309 1376 ne
1331 1332 1605 1393 derelinquas
1629 1349 1712 1378 me.
1740 1352 1761 1375 n

372 1409 466 1450 Non
487 1442 496 1461 7
522 1405 744 1466 quomodo
763 1405 915 1449 dicunt
936 1404 1098 1448 inimici
1116 1404 1223 1458 mei,
1251 1419 1389 1464 usque
1403 1403 1457 1446 ad
1483 1413 1652 1464 tempus
1667 1405 1761 1448 erit.

377 1497 396 1518 «
431 1480 493 1521 Ne
516 1475 791 1536 derelinquas
812 1491 880 1518 me
896 1511 906 1529 ‚
941 1475 1080 1518 donec
1103 1475 1359 1518 annuntiem
1384 1474 1610 1517 brachium
1639 1484 1765 1518 tuum

374 1565 394 1587 »
431 1547 698 1604 generationi
716 1546 835 1590 omni
849 1554 1191 1604 superventurae.
1218 1563 1237 1584 »
1264 1548 1321 1587 Et
1343 1545 1571 1588 brachium
1591 1545 1765 1589 Domini

372 1617 442 1660 cui
474 1617 713 1660 revelatum
753 1617 878 1659 est3?
920 1615 1151 1658 Brachium
1182 1614 1381 1669 Domini,
1420 1615 1633 1658 Christus.
1665 1614 1765 1659 Noli

373 1703 476 1745 ergo
500 1686 801 1746 derelinquere
824 1700 892 1728 me
921 1705 929 1729 :
963 1701 1051 1729 non
1084 1684 1301 1742 gaudeant
1322 1685 1398 1743 qui
1420 1684 1594 1729 dicunt:
1621 1687 1765 1745 Usque

372 1758 428 1802 ad
450 1767 616 1801 certum
642 1766 812 1816 tempus
841 1765 970 1799 erunt
991 1755 1240 1800 Christiani.
1270 1756 1366 1800 Sint
1393 1756 1469 1815 qui
1502 1756 1766 1799 annuntient

372 1828 598 1872 brachium
618 1836 761 1871 tuum.
790 1827 871 1871 Cui
893 1846 913 1868 «
939 1826 1217 1869 Generationi
1239 1827 1357 1868 omni
1382 1835 1722 1884 superventurae.
1740 1843 1761 1867 »

375 1900 418 1944 Si
439 1915 542 1958 ergo
566 1899 683 1943 omni
710 1895 975 1955 generationi
1002 1904 1355 1954 superventurae,
1386 1912 1524 1957 usque
1552 1898 1599 1941 in
1631 1897 1764 1940 finem

371 1969 518 2013 saeculi
546 1987 555 2012 :
581 1967 704 2012 finito
741 1966 857 2010 enim
887 1964 1070 2020 saeculo,
1105 1966 1194 2025 jam
1229 1966 1349 2010 nulla
1377 1966 1651 2024 superveniet
1686 1981 1764 2025 ge-

371 2039 554 2083 ncratio.

430 2112 484 2153 V.
511 2129 530 2151 «
559 2109 804 2153 Potentiam
839 2117 959 2152 tuam
983 2116 1025 2150 et
1049 2106 1263 2166 justitiam
1287 2116 1407 2151 tuam
1423 2107 1455 2150 4.
1491 2125 1511 2149 >2
1545 2110 1639 2152 Hoc
1666 2117 1730 2152 est
1747 2143 1758 2164 ‚

371 2181 628 2224 annuntiem
641 2179 906 2239 generationi
916 2177 1033 2222 omni
1044 2187 1369 2236 superventurae
1380 2178 1602 2222 brachium
1616 2188 1758 2223 tuum.

356 2254 427 2295 -Et
445 2251 552 2311 quid
575 2251 774 2310 praestitit
788 2250 1015 2293 brachium
1037 2251 1200 2293 unum?
1223 2249 1547 2293 Liberationem
1569 2259 1761 2294 nostram

372 2321 620 2380 gratuitam.
645 2324 737 2364 Hoc
755 2336 857 2379 ergo
883 2319 1134 2363 annuntiem
1149 2354 1159 2374 ‚
1180 2320 1314 2378 ipsam
1338 2320 1517 2377 gratiam
1543 2321 1663 2364 omni
1685 2335 1760 2378 ge-

371 2391 585 2437 nerationi
607 2400 932 2450 superventurae
959 2409 967 2434 :
993 2389 1134 2433 dicam
1168 2390 1287 2433 omni
1308 2390 1475 2434 homini
1505 2391 1724 2435 nascituro
1747 2409 1757 2435 :

423 2497 430 2512 ¹
453 2489 567 2521 Matth.
584 2499 697 2529 xxviii,
718 2498 770 2520 20.
798 2504 840 2509 —
861 2495 873 2509 ²
893 2487 969 2519 Vide
986 2486 1273 2518 Ena1·1·ationemin
1292 2487 1446 2519 Psahnum
1468 2498 1519 2528 ει,
1538 2497 1569 2519 n.
1594 2498 1624 2528 ι,
1643 2491 1676 2520 ct
1697 2498 1758 2520 no-

373 2550 437 2577 tam
462 2545 500 2577 ad
519 2545 641 2577 enicem
659 2543 822 2576 voluminis
839 2555 908 2582 cxv7
930 2560 970 2564 —-
989 2541 1077 2574 3Isai‘
1108 2553 1171 2582 tin,
1197 2554 1222 2573 1.
1245 2559 1284 2564 —
1304 2541 1316 2570 -ἰ
1336 2542 1412 2574 insat.
1434 2554 1507 2583 mx,
1527 2553 1579 2585 ¹9·

1848 1702 1868 1725 -⁴„
1857 1459 1869 1674 ,fflmee
1861 1395 1865 1429 2*

1860 2050 1872 2162 „uh-Q.-
1866 2018 1871 2043 με,
1866 1983 1871 2006 -‚-
