1889 3285
375 188 458 226 51ss
810 196 843 224 s.
881 199 1110 225 Acocs'rim
1143 200 1326 227 Episcopr

373 261 567 306 Psalmus
582 262 600 303 Ρ
617 260 735 313 «Qui
757 261 1008 317 amaricant,
1029 278 1119 306 non
1141 263 1384 307 exaltentur
1405 264 1452 306 in
1473 263 1710 322 semetipsis
1725 265 1756 306 ¹.

373 350 393 373 «
427 330 682 375 Illuminans
716 339 766 374 tu
786 366 797 385 ‚
837 349 858 372 »
893 330 1084 376 Attende
1114 332 1211 389 hie,
1242 352 1263 375 «
1296 335 1361 377 Tu
1391 331 1704 377 admirabiliter
1736 347 1762 376 a

372 419 393 443 »
428 399 651 445 montibus
673 400 862 445 aeternis.
885 419 906 442 »

428 473 506 515 IX.
538 490 558 513 «
574 471 834 516 conturbati
854 480 958 515 sunt
979 486 1127 515 omnes
1148 471 1397 532 insipientes
1417 472 1548 517 corde
1562 474 1594 516 ².
1613 489 1633 513 »
1649 474 1764 516 Prae-

368 541 511 586 dicata
528 551 592 585 est
611 542 788 597 veritas,
813 540 930 586 dieta
951 550 1016 585 est
1037 551 1199 586 aeterna
1220 543 1331 600 vita3
1355 543 1469 587 dicta
1488 552 1551 587 est
1568 557 1658 586 esse
1679 540 1762 585 alia

366 612 456 656 vita
473 647 484 668 ,
509 628 609 673 quae
640 627 731 657 non
756 620 821 656 est
843 612 897 656 de
918 612 998 657 ista
1015 621 1129 656 terra
1156 631 1165 657 :
1186 622 1546 673 contempserunt
1565 612 1763 657 homines

366 683 499 729 vitam
522 693 780 743 praesentem
797 718 808 738 ,
841 692 885 728 et
907 693 1164 728 amaverunt
1184 684 1318 728 vitam
1344 683 1538 728 futuram
1556 718 1568 739 ,
1594 682 1763 727 illumi-

364 755 456 798 nati
482 769 559 814 per
595 763 765 798 montes
797 753 1082 799 illuminatos.
1115 774 1136 797 «
1166 755 1425 814 Insipientes
1455 764 1603 798 autem
1631 752 1763 798 corde

366 843 387 867 »
423 825 673 870 conturbati
696 834 812 869 sunt.
843 844 862 866 »
889 825 1122 879 Quomodo
1139 827 1438 871 «Conturbati
1455 827 1585 870 sunt?
1607 845 1623 867 »
1648 827 1763 871 Cum

366 896 656 955 Evangelium
677 897 958 956 praedicatur.
987 900 1044 942 Et
1067 897 1177 958 quid
1194 907 1258 942 est
1276 899 1365 943 vita
1385 899 1577 942 aeterna?
1600 906 1644 941 et
1665 896 1763 956 quis

367 977 431 1012 est
452 968 529 1028 qui
546 968 777 1012 resurrexit
800 984 823 1012 a
847 969 1063 1013 mortuis?
1085 967 1299 1013 Admirati
1320 979 1423 1013 sunt
1445 968 1732 1013 Athenienses
1749 1003 1761 1022 ,

366 1037 578 1098 loquente
602 1037 737 1082 Paulo
760 1039 955 1097 apostolo
979 1038 1033 1083 de
1056 1040 1371 1084 resurrectione
1392 1048 1670 1083 mortuorum
1686 1073 1697 1093 ‚
1723 1047 1766 1081 et

370 1118 640 1168 putaverunt
656 1124 756 1152 eum
780 1110 926 1154 neseio
949 1125 1055 1169 quas
1073 1108 1243 1154 fabulas
1266 1110 1451 1154 dicere3.
1473 1108 1555 1154 Sed
1573 1109 1674 1169 quia
1697 1108 1766 1152 di-

370 1180 497 1223 cebat
528 1195 618 1224 esse
654 1179 783 1223 aliam
811 1181 946 1224 vitam
980 1199 988 1224 :
1025 1199 1042 1220 «
1071 1182 1212 1233 Quam
1234 1196 1315 1225 nee
1338 1180 1489 1225 oculus
1510 1180 1651 1233 vidit,
1684 1194 1764 1223 nec

375 1271 393 1292 »
429 1251 542 1295 auris
577 1250 771 1305 audivit,
805 1266 885 1295 nee
915 1252 960 1295 in
988 1266 1062 1295 eor
1093 1251 1280 1295 hominis
1308 1250 1546 1295 ascendit⁴.
1579 1270 1596 1290 «
1624 1253 1762 1308 Ergo,

375 1341 392 1361 «
430 1323 686 1381 Insipientes
709 1321 839 1367 corde
861 1322 1027 1367 turbati
1049 1332 1166 1367 sunt.
1198 1343 1215 1363 »
1241 1323 1327 1368 Sed
1344 1323 1452 1382 quid
1471 1321 1528 1366 eis
1551 1322 1765 1380 contigit?

374 1410 392 1432 «
430 1392 710 1435 Dormierunt
728 1407 932 1436 somnum
953 1408 1083 1436 suum
1099 1428 1110 1448 ‚
1135 1402 1178 1436 et
1200 1393 1310 1436 nihil
1331 1393 1595 1437 invenerunt
1616 1407 1767 1436 omnes

375 1483 393 1503 »
429 1463 510 1505 viri
532 1462 785 1506 divitiarum
806 1463 852 1506 in
875 1463 1077 1507 manibus
1108 1464 1210 1507 suis.
1243 1485 1258 1504 »
1285 1467 1555 1508 Amaverunt
1577 1478 1769 1522 praesen-

371 1534 429 1577 tia
445 1569 455 1588 ,
481 1543 524 1578 et
546 1534 819 1578 dormierunt
850 1535 895 1578 in
924 1535 1024 1590 ipsis
1052 1535 1366 1591 praesentibusg
1399 1544 1442 1577 et
1470 1535 1529 1577 sic
1551 1534 1634 1577 illis
1654 1534 1768 1579 facta

371 1612 474 1647 sunt
504 1604 595 1662 ipsa
633 1602 863 1662 praesentia
897 1601 1100 1646 deliciosa
1130 1624 1139 1647 ι
1175 1603 1400 1662 quomodo
1434 1604 1511 1663 qui
1541 1603 1661 1648 videt
1691 1620 1770 1664 per

372 1672 589 1718 somnium
618 1672 830 1716 invenisse
849 1687 894 1715 se
925 1672 1148 1716 thesauros
1163 1707 1173 1727 ‚
1202 1672 1356 1717 tandiu
1374 1672 1492 1717 dives
1511 1682 1596 1729 est,
1624 1690 1768 1734 quan-

373 1743 451 1788 diu
468 1758 558 1786 non
576 1741 763 1800 evigilet.
793 1741 1019 1786 Somnium
1042 1742 1165 1786 illum
1193 1742 1372 1787 divitem
1394 1742 1499 1788 feeit
1514 1779 1525 1799 ,
1551 1743 1767 1802 evigilatio

373 1828 612 1875 pauperem
641 1812 760 1857 facit.
801 1812 960 1856 Tenuit
995 1811 1121 1856 illum
1155 1829 1333 1858 somnus
1369 1813 1551 1858 sortasse
1586 1815 1632 1858 in
1655 1823 1769 1859 terra

374 1887 665 1931 dormientem
687 1920 698 1940 ,
733 1893 777 1928 et
808 1883 854 1927 in
887 1883 999 1928 duro
1029 1885 1273 1943 jacentem,
1310 1900 1545 1944 pauperem
1578 1894 1622 1929 et
1653 1884 1766 1930 forte

372 1957 652 2014 mendicum3
675 1956 722 2000 in
746 1955 907 2000 somnis
935 1955 1043 2000 vidit
1065 1971 1109 2000 se
1122 1957 1266 2016 jacere
1285 1956 1329 2000 in
1346 1955 1460 2000 lecto
1483 1957 1677 2001 eburneo
1696 1956 1767 2001 vel

375 2045 533 2086 aureo3
564 2038 608 2072 et
639 2028 685 2071 in
716 2026 876 2087 plumis
904 2026 1032 2071 altius
1070 2028 1274 2072 extructis
1310 2047 1319 2072 2
1355 2026 1552 2088 quandiu
1573 2028 1762 2084 dormit,

373 2101 486 2144 bene
508 2099 692 2156 dormit3
729 2097 935 2155 evigilans
957 2098 1124 2142 invenit
1147 2114 1190 2142 se
1212 2099 1256 2142 in
1279 2099 1413 2154 duro,
1448 2099 1494 2142 in
1529 2115 1617 2159 quo
1638 2099 1766 2143 illum

373 2187 551 2215 somnus
574 2178 787 2214 tenuerat.
818 2169 939 2213 Tales
978 2179 1080 2213 sunt
1101 2179 1160 2219 ,et
1197 2170 1266 2214 isti
1298 2190 1307 2214 ε
1332 2179 1548 2215 venerunt
1587 2170 1631 2214 in
1653 2171 1767 2216 hanc

372 2242 527 2295 vitam,
553 2251 596 2284 et
617 2257 694 2300 per
722 2240 982 2299 cupiditates
1010 2240 1270 2299 temporales
1287 2240 1408 2300 quasi
1431 2239 1767 2284 obdormierunt

373 2313 467 2369 hic;
493 2320 535 2355 et
552 2319 814 2370 exceperunt
835 2308 930 2353 illos
954 2309 1115 2354 divitiae
1133 2320 1176 2354 et
1196 2326 1320 2354 vanae
1343 2326 1515 2369 pompae
1538 2310 1733 2354 volaticae
1750 2346 1761 2366 ,

374 2393 418 2428 et
435 2384 701 2428 transierunt
718 2402 727 2427 2
746 2398 835 2427 non
852 2382 1161 2427 intellexerunt
1183 2391 1399 2442 quantum
1422 2382 1524 2425 inde
1549 2381 1652 2426 boni
1672 2397 1767 2441 pos-

424 2475 431 2490 ¹
455 2468 536 2500 Psal.
568 2478 651 2508 mxv,
673 2478 703 2509 7.
727 2483 767 2488 —
789 2473 801 2489 ²
822 2463 874 2498 Id.
897 2477 996 2508 mxv,
1023 2466 1056 2498 6.
1078 2483 1118 2488 --
1139 2464 1151 2488 3
1177 2469 1248 2498 Act.
1276 2476 1354 2507 xvu,
1378 2465 1415 2497 18
1441 2470 1472 2497 et
1487 2466 1538 2497 32.
1559 2483 1600 2488 —
1621 2464 1635 2495 4
1657 2477 1668 2497 1
1689 2468 1760 2498 Cor.

378 2536 425 2564 11,
451 2535 483 2566 9.
