<?xml version="1.0" encoding="UTF-8"?>
<!DOCTYPE html PUBLIC "-//W3C//DTD XHTML 1.0 Transitional//EN"
    "http://www.w3.org/TR/xhtml1/DTD/xhtml1-transitional.dtd">
<html xmlns="http://www.w3.org/1999/xhtml" xml:lang="en" lang="en">
 <head>
  <title>
</title>
<meta http-equiv="Content-Type" content="text/html;charset=utf-8" />
  <meta name='ocr-system' content='tesseract 3.04.00' />
  <meta name='ocr-capabilities' content='ocr_page ocr_carea ocr_par ocr_line ocrx_word'/>
</head>
<body>
  <div class='ocr_page' id='page_1' title='image "./operaomniaaccura09auguuoft_0125.png"; bbox 0 0 1889 3285; ppageno 0'>
   <div class='ocr_carea' id='block_1_1' title="bbox 0 555 29 3285">
    <p class='ocr_par' dir='ltr' id='par_1_1' title="bbox 0 555 29 3285">
     <span class='ocr_line' id='line_1_1' title="bbox 0 555 29 3285; baseline 0 0"><span class='ocrx_word' id='word_1_1' title='bbox 0 555 29 3285; x_wconf 95' lang='lat' dir='ltr'> </span> 
     </span>
    </p>
   </div>
   <div class='ocr_carea' id='block_1_2' title="bbox 428 237 1452 277">
    <p class='ocr_par' dir='ltr' id='par_1_2' title="bbox 428 237 1452 277">
     <span class='ocr_line' id='line_1_2' title="bbox 428 237 1452 277; baseline 0 -1"><span class='ocrx_word' id='word_1_2' title='bbox 428 247 668 277; x_wconf 74' lang='lat' dir='ltr'><strong>ENARRATIO</strong></span> <span class='ocrx_word' id='word_1_3' title='bbox 700 251 744 276; x_wconf 86' lang='lat' dir='ltr'>IN</span> <span class='ocrx_word' id='word_1_4' title='bbox 778 248 979 277; x_wconf 74' lang='lat' dir='ltr'>PSALMUM</span> <span class='ocrx_word' id='word_1_5' title='bbox 1011 250 1080 276; x_wconf 76' lang='lat' dir='ltr'>Lx.</span> <span class='ocrx_word' id='word_1_6' title='bbox 1370 237 1452 276; x_wconf 79' lang='lat'>115</span> 
     </span>
    </p>
   </div>
   <div class='ocr_carea' id='block_1_3' title="bbox 0 311 1468 2564">
    <p class='ocr_par' dir='ltr' id='par_1_3' title="bbox 0 311 1467 2053">
     <span class='ocr_line' id='line_1_3' title="bbox 0 311 1454 375; baseline -0.001 -15"><span class='ocrx_word' id='word_1_7' title='bbox 0 311 16 371; x_wconf 49' lang='lat' dir='ltr'><strong>J</strong></span> <span class='ocrx_word' id='word_1_8' title='bbox 75 316 216 360; x_wconf 87' lang='lat' dir='ltr'>factus</span> <span class='ocrx_word' id='word_1_9' title='bbox 254 325 318 359; x_wconf 85' lang='lat' dir='ltr'>est</span> <span class='ocrx_word' id='word_1_10' title='bbox 348 331 443 375; x_wconf 83' lang='lat' dir='ltr'>spes</span> <span class='ocrx_word' id='word_1_11' title='bbox 470 325 631 360; x_wconf 86' lang='lat' dir='ltr'>nostra.</span> <span class='ocrx_word' id='word_1_12' title='bbox 671 335 689 357; x_wconf 87' lang='lat'>«</span> <span class='ocrx_word' id='word_1_13' title='bbox 721 315 966 375; x_wconf 80' lang='lat' dir='ltr'>Inquilinus</span> <span class='ocrx_word' id='word_1_14' title='bbox 996 330 1068 359; x_wconf 90' lang='lat' dir='ltr'>ero</span> <span class='ocrx_word' id='word_1_15' title='bbox 1101 315 1146 357; x_wconf 90' lang='lat' dir='ltr'>in</span> <span class='ocrx_word' id='word_1_16' title='bbox 1174 314 1454 359; x_wconf 84' lang='lat' dir='ltr'>tabernaculo</span> 
     </span>
     <span class='ocr_line' id='line_1_4' title="bbox 0 382 1454 447; baseline 0.002 -20"><span class='ocrx_word' id='word_1_17' title='bbox 0 382 1 389; x_wconf 45' lang='lat'>¹</span> <span class='ocrx_word' id='word_1_18' title='bbox 79 405 99 427; x_wconf 88' lang='lat'>»</span> <span class='ocrx_word' id='word_1_19' title='bbox 121 396 198 431; x_wconf 89' lang='lat' dir='ltr'>tuo</span> <span class='ocrx_word' id='word_1_20' title='bbox 220 402 357 447; x_wconf 85' lang='lat' dir='ltr'>usque</span> <span class='ocrx_word' id='word_1_21' title='bbox 377 388 422 430; x_wconf 91' lang='lat' dir='ltr'>in</span> <span class='ocrx_word' id='word_1_22' title='bbox 440 386 610 431; x_wconf 69' lang='lat' dir='ltr'>saecula.</span> <span class='ocrx_word' id='word_1_23' title='bbox 639 405 659 427; x_wconf 89' lang='lat'>»</span> <span class='ocrx_word' id='word_1_24' title='bbox 688 387 729 431; x_wconf 87' lang='lat' dir='ltr'>Si</span> <span class='ocrx_word' id='word_1_25' title='bbox 751 386 827 430; x_wconf 80' lang='lat' dir='ltr'>diu</span> <span class='ocrx_word' id='word_1_26' title='bbox 850 387 930 430; x_wconf 86' lang='lat' dir='ltr'>eris</span> <span class='ocrx_word' id='word_1_27' title='bbox 947 385 1208 446; x_wconf 78' lang='lat' dir='ltr'>inquilinus,</span> <span class='ocrx_word' id='word_1_28' title='bbox 1237 386 1454 446; x_wconf 83' lang='lat' dir='ltr'>quasihoc</span> 
     </span>
     <span class='ocr_line' id='line_1_5' title="bbox 75 456 1457 515; baseline 0 -15"><span class='ocrx_word' id='word_1_29' title='bbox 75 456 138 500; x_wconf 91' lang='lat' dir='ltr'>illi</span> <span class='ocrx_word' id='word_1_30' title='bbox 155 456 410 511; x_wconf 82' lang='lat' dir='ltr'>diceremus,</span> <span class='ocrx_word' id='word_1_31' title='bbox 425 456 700 501; x_wconf 81' lang='lat' dir='ltr'>laboraturus</span> <span class='ocrx_word' id='word_1_32' title='bbox 718 473 820 515; x_wconf 84' lang='lat' dir='ltr'>ergo</span> <span class='ocrx_word' id='word_1_33' title='bbox 837 472 879 500; x_wconf 90' lang='lat' dir='ltr'>es</span> <span class='ocrx_word' id='word_1_34' title='bbox 897 457 942 500; x_wconf 91' lang='lat' dir='ltr'>in</span> <span class='ocrx_word' id='word_1_35' title='bbox 955 465 1068 500; x_wconf 87' lang='lat' dir='ltr'>terra</span> <span class='ocrx_word' id='word_1_36' title='bbox 1084 457 1196 499; x_wconf 90' lang='lat' dir='ltr'>inter</span> <span class='ocrx_word' id='word_1_37' title='bbox 1210 465 1349 499; x_wconf 86' lang='lat' dir='ltr'>tantas</span> <span class='ocrx_word' id='word_1_38' title='bbox 1364 466 1457 500; x_wconf 86' lang='lat' dir='ltr'>ten-</span> 
     </span>
     <span class='ocr_line' id='line_1_6' title="bbox 77 526 1456 586; baseline 0.001 -16"><span class='ocrx_word' id='word_1_39' title='bbox 77 527 256 571; x_wconf 81' lang='lat' dir='ltr'>tationes</span> <span class='ocrx_word' id='word_1_40' title='bbox 275 547 283 571; x_wconf 90' lang='lat'>:</span> <span class='ocrx_word' id='word_1_41' title='bbox 302 541 402 581; x_wconf 82' lang='lat' dir='ltr'>nam</span> <span class='ocrx_word' id='word_1_42' title='bbox 425 527 458 570; x_wconf 90' lang='lat' dir='ltr'>si</span> <span class='ocrx_word' id='word_1_43' title='bbox 475 542 711 586; x_wconf 87' lang='lat' dir='ltr'>paucorum</span> <span class='ocrx_word' id='word_1_44' title='bbox 731 526 900 570; x_wconf 86' lang='lat' dir='ltr'>dierum</span> <span class='ocrx_word' id='word_1_45' title='bbox 922 527 991 570; x_wconf 90' lang='lat' dir='ltr'>hic</span> <span class='ocrx_word' id='word_1_46' title='bbox 1005 534 1114 570; x_wconf 77' lang='lat' dir='ltr'>esset</span> <span class='ocrx_word' id='word_1_47' title='bbox 1129 526 1318 570; x_wconf 82' lang='lat' dir='ltr'>Ecclesia</span> <span class='ocrx_word' id='word_1_48' title='bbox 1335 561 1345 582; x_wconf 86' lang='lat'>,</span> <span class='ocrx_word' id='word_1_49' title='bbox 1371 527 1456 572; x_wconf 89' lang='lat' dir='ltr'>cito</span> 
     </span>
     <span class='ocr_line' id='line_1_7' title="bbox 76 596 1457 657; baseline 0.001 -17"><span class='ocrx_word' id='word_1_50' title='bbox 76 598 304 642; x_wconf 87' lang='lat' dir='ltr'>finirentur</span> <span class='ocrx_word' id='word_1_51' title='bbox 320 598 545 642; x_wconf 84' lang='lat' dir='ltr'>tentatoris</span> <span class='ocrx_word' id='word_1_52' title='bbox 556 597 876 652; x_wconf 63' lang='lat' dir='ltr'>insidiae—Bene,</span> <span class='ocrx_word' id='word_1_53' title='bbox 889 612 1127 657; x_wconf 83' lang='lat' dir='ltr'>paucorum</span> <span class='ocrx_word' id='word_1_54' title='bbox 1142 597 1312 641; x_wconf 86' lang='lat' dir='ltr'>dierum</span> <span class='ocrx_word' id='word_1_55' title='bbox 1324 596 1457 642; x_wconf 87' lang='lat' dir='ltr'>velles</span> 
     </span>
     <span class='ocr_line' id='line_1_8' title="bbox 76 667 1456 728; baseline 0.001 -17"><span class='ocrx_word' id='word_1_56' title='bbox 76 682 165 711; x_wconf 88' lang='lat' dir='ltr'>esse</span> <span class='ocrx_word' id='word_1_57' title='bbox 189 668 448 712; x_wconf 77' lang='lat' dir='ltr'>tentationes</span> <span class='ocrx_word' id='word_1_58' title='bbox 474 687 482 712; x_wconf 89' lang='lat'><strong>:</strong></span> <span class='ocrx_word' id='word_1_59' title='bbox 521 668 596 712; x_wconf 88' lang='lat' dir='ltr'>sed</span> <span class='ocrx_word' id='word_1_60' title='bbox 625 668 848 728; x_wconf 81' lang='lat' dir='ltr'>quomodo</span> <span class='ocrx_word' id='word_1_61' title='bbox 875 667 1096 726; x_wconf 84' lang='lat' dir='ltr'>colligeret</span> <span class='ocrx_word' id='word_1_62' title='bbox 1131 677 1255 712; x_wconf 85' lang='lat' dir='ltr'>natos</span> <span class='ocrx_word' id='word_1_63' title='bbox 1277 683 1426 712; x_wconf 88' lang='lat' dir='ltr'>omnes</span> <span class='ocrx_word' id='word_1_64' title='bbox 1444 703 1456 724; x_wconf 90' lang='lat'>,</span> 
     </span>
     <span class='ocr_line' id='line_1_9' title="bbox 77 737 1460 799; baseline 0.001 -18"><span class='ocrx_word' id='word_1_65' title='bbox 77 739 156 782; x_wconf 89' lang='lat' dir='ltr'>nisi</span> <span class='ocrx_word' id='word_1_66' title='bbox 195 737 271 782; x_wconf 87' lang='lat' dir='ltr'>diu</span> <span class='ocrx_word' id='word_1_67' title='bbox 296 739 366 782; x_wconf 86' lang='lat' dir='ltr'>hic</span> <span class='ocrx_word' id='word_1_68' title='bbox 396 747 525 792; x_wconf 84' lang='lat' dir='ltr'>esset,</span> <span class='ocrx_word' id='word_1_69' title='bbox 562 739 642 782; x_wconf 88' lang='lat' dir='ltr'>nisi</span> <span class='ocrx_word' id='word_1_70' title='bbox 679 754 817 798; x_wconf 82' lang='lat' dir='ltr'>usque</span> <span class='ocrx_word' id='word_1_71' title='bbox 851 739 897 782; x_wconf 90' lang='lat' dir='ltr'>in</span> <span class='ocrx_word' id='word_1_72' title='bbox 928 739 1061 782; x_wconf 86' lang='lat' dir='ltr'>finem</span> <span class='ocrx_word' id='word_1_73' title='bbox 1093 738 1460 799; x_wconf 76' lang='lat' dir='ltr'>protenderetur?</span> 
     </span>
     <span class='ocr_line' id='line_1_10' title="bbox 76 807 1459 870; baseline 0.001 -17"><span class='ocrx_word' id='word_1_74' title='bbox 76 807 174 853; x_wconf 87' lang='lat' dir='ltr'>Noli</span> <span class='ocrx_word' id='word_1_75' title='bbox 194 808 387 853; x_wconf 86' lang='lat' dir='ltr'>invidere</span> <span class='ocrx_word' id='word_1_76' title='bbox 409 809 574 853; x_wconf 82' lang='lat' dir='ltr'>caeteris</span> <span class='ocrx_word' id='word_1_77' title='bbox 594 818 693 868; x_wconf 84' lang='lat' dir='ltr'>post</span> <span class='ocrx_word' id='word_1_78' title='bbox 724 808 881 852; x_wconf 82' lang='lat' dir='ltr'>futuris</span> <span class='ocrx_word' id='word_1_79' title='bbox 908 827 916 853; x_wconf 78' lang='lat' dir='ltr'>z</span> <span class='ocrx_word' id='word_1_80' title='bbox 948 808 1060 864; x_wconf 88' lang='lat' dir='ltr'>noli,</span> <span class='ocrx_word' id='word_1_81' title='bbox 1097 809 1196 870; x_wconf 85' lang='lat' dir='ltr'>quia</span> <span class='ocrx_word' id='word_1_82' title='bbox 1224 811 1314 870; x_wconf 80' lang='lat' dir='ltr'>jam</span> <span class='ocrx_word' id='word_1_83' title='bbox 1337 819 1459 854; x_wconf 88' lang='lat' dir='ltr'>tran-</span> 
     </span>
     <span class='ocr_line' id='line_1_11' title="bbox 75 878 1460 938; baseline 0 -15"><span class='ocrx_word' id='word_1_84' title='bbox 75 878 188 934; x_wconf 83' lang='lat' dir='ltr'>sisti,</span> <span class='ocrx_word' id='word_1_85' title='bbox 229 888 405 938; x_wconf 87' lang='lat' dir='ltr'>pontem</span> <span class='ocrx_word' id='word_1_86' title='bbox 440 878 744 923; x_wconf 60' lang='lat' dir='ltr'>misericordiae</span> <span class='ocrx_word' id='word_1_87' title='bbox 774 878 885 922; x_wconf 87' lang='lat' dir='ltr'>velle</span> <span class='ocrx_word' id='word_1_88' title='bbox 918 879 1153 938; x_wconf 67' lang='lat' dir='ltr'>praecidere</span> <span class='ocrx_word' id='word_1_89' title='bbox 1180 899 1188 924; x_wconf 91' lang='grc'>;</span> <span class='ocrx_word' id='word_1_90' title='bbox 1213 880 1267 924; x_wconf 91' lang='lat' dir='ltr'>sit</span> <span class='ocrx_word' id='word_1_91' title='bbox 1293 880 1364 924; x_wconf 90' lang='lat' dir='ltr'>hic</span> <span class='ocrx_word' id='word_1_92' title='bbox 1387 896 1460 924; x_wconf 92' lang='lat' dir='ltr'>us-</span> 
     </span>
     <span class='ocr_line' id='line_1_12' title="bbox 75 949 1459 1010; baseline 0.002 -18"><span class='ocrx_word' id='word_1_93' title='bbox 75 963 162 1010; x_wconf 90' lang='lat' dir='ltr'>que</span> <span class='ocrx_word' id='word_1_94' title='bbox 180 949 226 992; x_wconf 89' lang='lat' dir='ltr'>in</span> <span class='ocrx_word' id='word_1_95' title='bbox 245 949 416 993; x_wconf 82' lang='lat' dir='ltr'>saecula.</span> <span class='ocrx_word' id='word_1_96' title='bbox 444 953 500 994; x_wconf 88' lang='lat' dir='ltr'>Et</span> <span class='ocrx_word' id='word_1_97' title='bbox 519 950 625 1010; x_wconf 85' lang='lat' dir='ltr'>quid</span> <span class='ocrx_word' id='word_1_98' title='bbox 647 949 701 993; x_wconf 88' lang='lat' dir='ltr'>de</span> <span class='ocrx_word' id='word_1_99' title='bbox 723 950 1035 993; x_wconf 85' lang='lat' dir='ltr'>tentationibus</span> <span class='ocrx_word' id='word_1_100' title='bbox 1052 985 1062 1004; x_wconf 93' lang='lat'>,</span> <span class='ocrx_word' id='word_1_101' title='bbox 1080 967 1179 1010; x_wconf 82' lang='lat' dir='ltr'>quae</span> <span class='ocrx_word' id='word_1_102' title='bbox 1200 965 1373 994; x_wconf 86' lang='lat' dir='ltr'>necesse</span> <span class='ocrx_word' id='word_1_103' title='bbox 1395 961 1459 996; x_wconf 90' lang='lat' dir='ltr'>est</span> 
     </span>
     <span class='ocr_line' id='line_1_13' title="bbox 77 1019 1462 1080; baseline 0.001 -17"><span class='ocrx_word' id='word_1_104' title='bbox 77 1028 126 1063; x_wconf 86' lang='lat' dir='ltr'>ut</span> <span class='ocrx_word' id='word_1_105' title='bbox 141 1020 366 1064; x_wconf 78' lang='lat' dir='ltr'>abundent</span> <span class='ocrx_word' id='word_1_106' title='bbox 391 1030 555 1080; x_wconf 87' lang='lat' dir='ltr'>quanto</span> <span class='ocrx_word' id='word_1_107' title='bbox 575 1021 707 1077; x_wconf 81' lang='lat' dir='ltr'>magis</span> <span class='ocrx_word' id='word_1_108' title='bbox 729 1019 910 1063; x_wconf 86' lang='lat' dir='ltr'>veniunt</span> <span class='ocrx_word' id='word_1_109' title='bbox 924 1019 1152 1064; x_wconf 76' lang='lat' dir='ltr'>scandala?</span> <span class='ocrx_word' id='word_1_110' title='bbox 1175 1021 1345 1064; x_wconf 85' lang='lat' dir='ltr'>Etenim</span> <span class='ocrx_word' id='word_1_111' title='bbox 1371 1021 1462 1079; x_wconf 81' lang='lat' dir='ltr'>ipse</span> 
     </span>
     <span class='ocr_line' id='line_1_14' title="bbox 76 1088 1463 1149; baseline 0.001 -15"><span class='ocrx_word' id='word_1_112' title='bbox 76 1090 162 1134; x_wconf 90' lang='lat' dir='ltr'>ait:</span> <span class='ocrx_word' id='word_1_113' title='bbox 193 1109 213 1132; x_wconf 73' lang='grc' dir='ltr'>α</span> <span class='ocrx_word' id='word_1_114' title='bbox 236 1090 452 1143; x_wconf 84' lang='lat' dir='ltr'>Quoniam</span> <span class='ocrx_word' id='word_1_115' title='bbox 482 1089 722 1134; x_wconf 84' lang='lat' dir='ltr'>abundavit</span> <span class='ocrx_word' id='word_1_116' title='bbox 745 1089 972 1149; x_wconf 82' lang='lat' dir='ltr'>iniquitas,</span> <span class='ocrx_word' id='word_1_117' title='bbox 1011 1088 1257 1148; x_wconf 81' lang='lat' dir='ltr'>refrigescet</span> <span class='ocrx_word' id='word_1_118' title='bbox 1278 1091 1463 1135; x_wconf 84' lang='lat' dir='ltr'>charitas</span> 
     </span>
     <span class='ocr_line' id='line_1_15' title="bbox 80 1159 1462 1220; baseline 0.002 -18"><span class='ocrx_word' id='word_1_119' title='bbox 80 1178 100 1202; x_wconf 86' lang='lat'>»</span> <span class='ocrx_word' id='word_1_120' title='bbox 138 1159 391 1204; x_wconf 85' lang='lat' dir='ltr'>multorum.</span> <span class='ocrx_word' id='word_1_121' title='bbox 424 1179 444 1202; x_wconf 91' lang='lat'>»</span> <span class='ocrx_word' id='word_1_122' title='bbox 481 1160 565 1205; x_wconf 88' lang='lat' dir='ltr'>Sed</span> <span class='ocrx_word' id='word_1_123' title='bbox 598 1159 670 1203; x_wconf 89' lang='lat' dir='ltr'>illa</span> <span class='ocrx_word' id='word_1_124' title='bbox 702 1159 892 1203; x_wconf 81' lang='lat' dir='ltr'>Ecclesia</span> <span class='ocrx_word' id='word_1_125' title='bbox 927 1176 1025 1220; x_wconf 69' lang='lat' dir='ltr'>quse</span> <span class='ocrx_word' id='word_1_126' title='bbox 1061 1160 1218 1205; x_wconf 87' lang='lat' dir='ltr'>clamat</span> <span class='ocrx_word' id='word_1_127' title='bbox 1249 1177 1272 1204; x_wconf 91' lang='lat' dir='ltr'>a</span> <span class='ocrx_word' id='word_1_128' title='bbox 1303 1161 1462 1206; x_wconf 83' lang='lat' dir='ltr'>finibus</span> 
     </span>
     <span class='ocr_line' id='line_1_16' title="bbox 78 1231 1464 1292; baseline 0.001 -16"><span class='ocrx_word' id='word_1_129' title='bbox 78 1231 202 1276; x_wconf 78' lang='lat' dir='ltr'>terrae</span> <span class='ocrx_word' id='word_1_130' title='bbox 221 1267 231 1286; x_wconf 83' lang='lat'>,</span> <span class='ocrx_word' id='word_1_131' title='bbox 256 1232 303 1275; x_wconf 90' lang='lat' dir='ltr'>in</span> <span class='ocrx_word' id='word_1_132' title='bbox 317 1233 382 1276; x_wconf 89' lang='lat' dir='ltr'>his</span> <span class='ocrx_word' id='word_1_133' title='bbox 405 1242 467 1276; x_wconf 88' lang='lat' dir='ltr'>est</span> <span class='ocrx_word' id='word_1_134' title='bbox 483 1231 538 1276; x_wconf 88' lang='lat' dir='ltr'>de</span> <span class='ocrx_word' id='word_1_135' title='bbox 560 1232 719 1292; x_wconf 88' lang='lat' dir='ltr'>quibus</span> <span class='ocrx_word' id='word_1_136' title='bbox 742 1232 938 1292; x_wconf 82' lang='lat' dir='ltr'>sequitur</span> <span class='ocrx_word' id='word_1_137' title='bbox 960 1233 1108 1276; x_wconf 88' lang='lat' dir='ltr'>dicens</span> <span class='ocrx_word' id='word_1_138' title='bbox 1130 1252 1137 1277; x_wconf 76' lang='lat'><em>2</em></span> <span class='ocrx_word' id='word_1_139' title='bbox 1167 1252 1186 1274; x_wconf 67' lang='lat' dir='ltr'>&lt;t</span> <span class='ocrx_word' id='word_1_140' title='bbox 1212 1234 1297 1286; x_wconf 86' lang='lat' dir='ltr'>Qui</span> <span class='ocrx_word' id='word_1_141' title='bbox 1319 1243 1464 1278; x_wconf 87' lang='lat' dir='ltr'>autem</span> 
     </span>
     <span class='ocr_line' id='line_1_17' title="bbox 80 1302 1464 1362; baseline 0.002 -17"><span class='ocrx_word' id='word_1_142' title='bbox 80 1321 100 1344; x_wconf 75' lang='lat' dir='ltr'>n</span> <span class='ocrx_word' id='word_1_143' title='bbox 122 1303 456 1362; x_wconf 82' lang='lat' dir='ltr'>perseveraverit</span> <span class='ocrx_word' id='word_1_144' title='bbox 469 1302 664 1362; x_wconf 84' lang='lat' dir='ltr'>usquein</span> <span class='ocrx_word' id='word_1_145' title='bbox 678 1303 826 1357; x_wconf 81' lang='lat' dir='ltr'>finem,</span> <span class='ocrx_word' id='word_1_146' title='bbox 841 1303 911 1347; x_wconf 78' lang='lat' dir='ltr'>hie</span> <span class='ocrx_word' id='word_1_147' title='bbox 923 1302 1065 1347; x_wconf 86' lang='lat' dir='ltr'>salvus</span> <span class='ocrx_word' id='word_1_148' title='bbox 1078 1304 1222 1346; x_wconf 60' lang='lat' dir='ltr'>erin.»</span> <span class='ocrx_word' id='word_1_149' title='bbox 1243 1303 1327 1349; x_wconf 89' lang='lat' dir='ltr'>Sed</span> <span class='ocrx_word' id='word_1_150' title='bbox 1347 1304 1464 1348; x_wconf 85' lang='lat' dir='ltr'>unde</span> 
     </span>
     <span class='ocr_line' id='line_1_18' title="bbox 79 1373 1463 1434; baseline 0.001 -17"><span class='ocrx_word' id='word_1_151' title='bbox 79 1373 395 1434; x_wconf 76' lang='lat' dir='ltr'>perseverabis?</span> <span class='ocrx_word' id='word_1_152' title='bbox 417 1376 525 1426; x_wconf 84' lang='lat' dir='ltr'>Quae</span> <span class='ocrx_word' id='word_1_153' title='bbox 553 1373 665 1417; x_wconf 85' lang='lat' dir='ltr'>vires</span> <span class='ocrx_word' id='word_1_154' title='bbox 693 1382 780 1417; x_wconf 83' lang='lat' dir='ltr'>tuae</span> <span class='ocrx_word' id='word_1_155' title='bbox 808 1373 922 1416; x_wconf 87' lang='lat' dir='ltr'>inter</span> <span class='ocrx_word' id='word_1_156' title='bbox 953 1383 1069 1417; x_wconf 88' lang='lat' dir='ltr'>tanta</span> <span class='ocrx_word' id='word_1_157' title='bbox 1092 1374 1321 1429; x_wconf 84' lang='lat' dir='ltr'>scandala,</span> <span class='ocrx_word' id='word_1_158' title='bbox 1351 1376 1463 1419; x_wconf 89' lang='lat' dir='ltr'>inter</span> 
     </span>
     <span class='ocr_line' id='line_1_19' title="bbox 78 1443 1464 1504; baseline 0.001 -16"><span class='ocrx_word' id='word_1_159' title='bbox 78 1453 219 1489; x_wconf 85' lang='lat' dir='ltr'>tantas</span> <span class='ocrx_word' id='word_1_160' title='bbox 252 1443 538 1500; x_wconf 69' lang='lat' dir='ltr'>tentationes,</span> <span class='ocrx_word' id='word_1_161' title='bbox 577 1444 690 1486; x_wconf 90' lang='lat' dir='ltr'>inter</span> <span class='ocrx_word' id='word_1_162' title='bbox 721 1452 861 1486; x_wconf 87' lang='lat' dir='ltr'>tantas</span> <span class='ocrx_word' id='word_1_163' title='bbox 889 1446 1086 1502; x_wconf 76' lang='lat' dir='ltr'>pugnas?</span> <span class='ocrx_word' id='word_1_164' title='bbox 1115 1444 1273 1504; x_wconf 87' lang='lat' dir='ltr'>quibus</span> <span class='ocrx_word' id='word_1_165' title='bbox 1301 1445 1464 1489; x_wconf 88' lang='lat' dir='ltr'>viribus</span> 
     </span>
     <span class='ocr_line' id='line_1_20' title="bbox 77 1512 1466 1576; baseline 0.002 -19"><span class='ocrx_word' id='word_1_166' title='bbox 77 1514 211 1558; x_wconf 86' lang='lat' dir='ltr'>vincis</span> <span class='ocrx_word' id='word_1_167' title='bbox 233 1515 400 1557; x_wconf 87' lang='lat' dir='ltr'>hostem</span> <span class='ocrx_word' id='word_1_168' title='bbox 420 1528 551 1573; x_wconf 90' lang='lat' dir='ltr'>quem</span> <span class='ocrx_word' id='word_1_169' title='bbox 574 1529 663 1557; x_wconf 89' lang='lat' dir='ltr'>non</span> <span class='ocrx_word' id='word_1_170' title='bbox 684 1512 830 1556; x_wconf 73' lang='lat' dir='ltr'>vides?</span> <span class='ocrx_word' id='word_1_171' title='bbox 855 1513 1073 1574; x_wconf 85' lang='lat' dir='ltr'>numquid</span> <span class='ocrx_word' id='word_1_172' title='bbox 1095 1515 1210 1558; x_wconf 77' lang='lat' dir='ltr'>tuis?</span> <span class='ocrx_word' id='word_1_173' title='bbox 1232 1518 1346 1573; x_wconf 82' lang='lat' dir='ltr'>Ergo</span> <span class='ocrx_word' id='word_1_174' title='bbox 1363 1517 1466 1576; x_wconf 87' lang='lat' dir='ltr'>quia</span> 
     </span>
     <span class='ocr_line' id='line_1_21' title="bbox 78 1582 1467 1646; baseline 0.002 -18"><span class='ocrx_word' id='word_1_175' title='bbox 78 1599 217 1644; x_wconf 90' lang='lat' dir='ltr'>usque</span> <span class='ocrx_word' id='word_1_176' title='bbox 234 1584 281 1627; x_wconf 89' lang='lat' dir='ltr'>in</span> <span class='ocrx_word' id='word_1_177' title='bbox 302 1582 458 1628; x_wconf 82' lang='lat' dir='ltr'>saecula</span> <span class='ocrx_word' id='word_1_178' title='bbox 482 1583 563 1626; x_wconf 85' lang='lat' dir='ltr'>erit</span> <span class='ocrx_word' id='word_1_179' title='bbox 594 1582 832 1643; x_wconf 84' lang='lat' dir='ltr'>inquilinus</span> <span class='ocrx_word' id='word_1_180' title='bbox 859 1584 938 1627; x_wconf 86' lang='lat' dir='ltr'>iste</span> <span class='ocrx_word' id='word_1_181' title='bbox 964 1584 1033 1628; x_wconf 88' lang='lat' dir='ltr'>hic</span> <span class='ocrx_word' id='word_1_182' title='bbox 1049 1619 1060 1638; x_wconf 80' lang='lat'>,</span> <span class='ocrx_word' id='word_1_183' title='bbox 1082 1601 1180 1644; x_wconf 83' lang='lat' dir='ltr'>quae</span> <span class='ocrx_word' id='word_1_184' title='bbox 1201 1584 1264 1629; x_wconf 85' lang='lat' dir='ltr'>illi</span> <span class='ocrx_word' id='word_1_185' title='bbox 1286 1602 1380 1646; x_wconf 88' lang='lat' dir='ltr'>spes</span> <span class='ocrx_word' id='word_1_186' title='bbox 1404 1596 1467 1631; x_wconf 87' lang='lat' dir='ltr'>est</span> 
     </span>
     <span class='ocr_line' id='line_1_22' title="bbox 79 1653 1466 1713; baseline 0.002 -14"><span class='ocrx_word' id='word_1_187' title='bbox 79 1664 129 1699; x_wconf 91' lang='lat' dir='ltr'>ut</span> <span class='ocrx_word' id='word_1_188' title='bbox 141 1654 294 1699; x_wconf 82' lang='lat' dir='ltr'>duret?</span> <span class='ocrx_word' id='word_1_189' title='bbox 312 1674 332 1696; x_wconf 87' lang='lat'>«</span> <span class='ocrx_word' id='word_1_190' title='bbox 355 1654 646 1713; x_wconf 85' lang='lat' dir='ltr'>Cooperiarin</span> <span class='ocrx_word' id='word_1_191' title='bbox 659 1653 904 1698; x_wconf 86' lang='lat' dir='ltr'>velamento</span> <span class='ocrx_word' id='word_1_192' title='bbox 918 1653 1084 1698; x_wconf 87' lang='lat' dir='ltr'>alarum</span> <span class='ocrx_word' id='word_1_193' title='bbox 1104 1664 1294 1700; x_wconf 86' lang='lat' dir='ltr'>tuarum.</span> <span class='ocrx_word' id='word_1_194' title='bbox 1316 1675 1336 1697; x_wconf 86' lang='lat'>»</span> <span class='ocrx_word' id='word_1_195' title='bbox 1354 1658 1466 1701; x_wconf 89' lang='lat' dir='ltr'>Ecce</span> 
     </span>
     <span class='ocr_line' id='line_1_23' title="bbox 79 1725 1466 1786; baseline 0.001 -16"><span class='ocrx_word' id='word_1_196' title='bbox 79 1741 214 1786; x_wconf 84' lang='lat' dir='ltr'>quare</span> <span class='ocrx_word' id='word_1_197' title='bbox 235 1725 372 1770; x_wconf 88' lang='lat' dir='ltr'>securi</span> <span class='ocrx_word' id='word_1_198' title='bbox 393 1740 540 1768; x_wconf 87' lang='lat' dir='ltr'>sumus</span> <span class='ocrx_word' id='word_1_199' title='bbox 561 1725 673 1769; x_wconf 84' lang='lat' dir='ltr'>inter</span> <span class='ocrx_word' id='word_1_200' title='bbox 685 1734 825 1769; x_wconf 87' lang='lat' dir='ltr'>tantas</span> <span class='ocrx_word' id='word_1_201' title='bbox 848 1726 1107 1770; x_wconf 86' lang='lat' dir='ltr'>tentationes</span> <span class='ocrx_word' id='word_1_202' title='bbox 1121 1761 1131 1781; x_wconf 83' lang='lat'>,</span> <span class='ocrx_word' id='word_1_203' title='bbox 1159 1726 1299 1772; x_wconf 90' lang='lat' dir='ltr'>donec</span> <span class='ocrx_word' id='word_1_204' title='bbox 1320 1728 1466 1772; x_wconf 82' lang='lat' dir='ltr'>veniat</span> 
     </span>
     <span class='ocr_line' id='line_1_24' title="bbox 81 1795 1467 1859; baseline 0.002 -18"><span class='ocrx_word' id='word_1_205' title='bbox 81 1797 177 1841; x_wconf 87' lang='lat' dir='ltr'>finis</span> <span class='ocrx_word' id='word_1_206' title='bbox 193 1796 364 1850; x_wconf 86' lang='lat' dir='ltr'>saeculi,</span> <span class='ocrx_word' id='word_1_207' title='bbox 381 1805 425 1839; x_wconf 90' lang='lat' dir='ltr'>et</span> <span class='ocrx_word' id='word_1_208' title='bbox 443 1796 678 1855; x_wconf 83' lang='lat' dir='ltr'>suscipiant</span> <span class='ocrx_word' id='word_1_209' title='bbox 700 1811 778 1840; x_wconf 89' lang='lat' dir='ltr'>nos</span> <span class='ocrx_word' id='word_1_210' title='bbox 801 1795 958 1840; x_wconf 86' lang='lat' dir='ltr'>saecula</span> <span class='ocrx_word' id='word_1_211' title='bbox 982 1806 1142 1841; x_wconf 84' lang='lat' dir='ltr'>aeterna</span> <span class='ocrx_word' id='word_1_212' title='bbox 1162 1817 1171 1841; x_wconf 75' lang='grc' dir='ltr'>ι</span> <span class='ocrx_word' id='word_1_213' title='bbox 1191 1800 1292 1858; x_wconf 87' lang='lat' dir='ltr'>quia</span> <span class='ocrx_word' id='word_1_214' title='bbox 1309 1815 1467 1859; x_wconf 78' lang='lat' dir='ltr'>coope-</span> 
     </span>
     <span class='ocr_line' id='line_1_25' title="bbox 81 1865 1466 1925; baseline 0.001 -13"><span class='ocrx_word' id='word_1_215' title='bbox 81 1869 217 1912; x_wconf 86' lang='lat' dir='ltr'>rimur</span> <span class='ocrx_word' id='word_1_216' title='bbox 235 1868 282 1911; x_wconf 91' lang='lat' dir='ltr'>in</span> <span class='ocrx_word' id='word_1_217' title='bbox 303 1866 547 1910; x_wconf 86' lang='lat' dir='ltr'>velamento</span> <span class='ocrx_word' id='word_1_218' title='bbox 576 1865 741 1909; x_wconf 82' lang='lat' dir='ltr'>alarum</span> <span class='ocrx_word' id='word_1_219' title='bbox 765 1867 912 1925; x_wconf 88' lang='lat' dir='ltr'>ipsius.</span> <span class='ocrx_word' id='word_1_220' title='bbox 938 1869 1086 1910; x_wconf 88' lang='lat' dir='ltr'>AEstus</span> <span class='ocrx_word' id='word_1_221' title='bbox 1107 1877 1170 1911; x_wconf 89' lang='lat' dir='ltr'>est</span> <span class='ocrx_word' id='word_1_222' title='bbox 1190 1868 1359 1924; x_wconf 80' lang='lat' dir='ltr'>saeculi,</span> <span class='ocrx_word' id='word_1_223' title='bbox 1390 1869 1466 1913; x_wconf 89' lang='lat' dir='ltr'>sed</span> 
     </span>
     <span class='ocr_line' id='line_1_26' title="bbox 80 1937 1464 1997; baseline 0.001 -14"><span class='ocrx_word' id='word_1_224' title='bbox 80 1954 236 1996; x_wconf 81' lang='lat' dir='ltr'>magna</span> <span class='ocrx_word' id='word_1_225' title='bbox 265 1937 422 1981; x_wconf 88' lang='lat' dir='ltr'>umbra</span> <span class='ocrx_word' id='word_1_226' title='bbox 440 1947 503 1981; x_wconf 88' lang='lat' dir='ltr'>est</span> <span class='ocrx_word' id='word_1_227' title='bbox 519 1937 599 1981; x_wconf 89' lang='lat' dir='ltr'>sub</span> <span class='ocrx_word' id='word_1_228' title='bbox 629 1937 705 1981; x_wconf 86' lang='lat' dir='ltr'>alis</span> <span class='ocrx_word' id='word_1_229' title='bbox 726 1937 826 1981; x_wconf 89' lang='lat' dir='ltr'>Dei:</span> <span class='ocrx_word' id='word_1_230' title='bbox 850 1955 870 1979; x_wconf 88' lang='lat'>«</span> <span class='ocrx_word' id='word_1_231' title='bbox 889 1938 1123 1997; x_wconf 83' lang='lat' dir='ltr'>Cooperiar</span> <span class='ocrx_word' id='word_1_232' title='bbox 1141 1939 1188 1982; x_wconf 90' lang='lat' dir='ltr'>in</span> <span class='ocrx_word' id='word_1_233' title='bbox 1217 1939 1464 1985; x_wconf 88' lang='lat' dir='ltr'>velamento</span> 
     </span>
     <span class='ocr_line' id='line_1_27' title="bbox 85 2008 551 2053; baseline -0.004 -2"><span class='ocrx_word' id='word_1_234' title='bbox 85 2027 106 2051; x_wconf 70' lang='grc'>1)</span> <span class='ocrx_word' id='word_1_235' title='bbox 131 2008 297 2053; x_wconf 82' lang='lat' dir='ltr'>alarum</span> <span class='ocrx_word' id='word_1_236' title='bbox 318 2018 509 2052; x_wconf 90' lang='lat' dir='ltr'>tuarum.</span> <span class='ocrx_word' id='word_1_237' title='bbox 531 2026 551 2049; x_wconf 84' lang='lat'>»</span> 
     </span>
    </p>

    <p class='ocr_par' dir='ltr' id='par_1_4' title="bbox 80 2077 1468 2564">
     <span class='ocr_line' id='line_1_28' title="bbox 141 2077 1462 2132; baseline 0 -8"><span class='ocrx_word' id='word_1_238' title='bbox 141 2082 241 2124; x_wconf 86' lang='lat' dir='ltr'>VII.</span> <span class='ocrx_word' id='word_1_239' title='bbox 263 2099 280 2120; x_wconf 86' lang='lat'>«</span> <span class='ocrx_word' id='word_1_240' title='bbox 299 2078 515 2132; x_wconf 85' lang='lat' dir='ltr'>Quoniam</span> <span class='ocrx_word' id='word_1_241' title='bbox 532 2087 596 2132; x_wconf 83' lang='lat' dir='ltr'>tu,</span> <span class='ocrx_word' id='word_1_242' title='bbox 612 2081 741 2132; x_wconf 85' lang='lat' dir='ltr'>Deus,</span> <span class='ocrx_word' id='word_1_243' title='bbox 764 2077 976 2123; x_wconf 81' lang='lat' dir='ltr'>exaudisti</span> <span class='ocrx_word' id='word_1_244' title='bbox 993 2078 1234 2124; x_wconf 87' lang='lat' dir='ltr'>orationem</span> <span class='ocrx_word' id='word_1_245' title='bbox 1257 2083 1462 2126; x_wconf 78' lang='lat' dir='ltr'>meam2.»</span> 
     </span>
     <span class='ocr_line' id='line_1_29' title="bbox 80 2148 1465 2209; baseline 0.001 -15"><span class='ocrx_word' id='word_1_246' title='bbox 80 2153 222 2204; x_wconf 88' lang='lat' dir='ltr'>Quam</span> <span class='ocrx_word' id='word_1_247' title='bbox 235 2152 298 2194; x_wconf 78' lang='grc' dir='ltr'>ΡΑ</span> <span class='ocrx_word' id='word_1_248' title='bbox 315 2165 401 2209; x_wconf 89' lang='lat' dir='ltr'>qua</span> <span class='ocrx_word' id='word_1_249' title='bbox 417 2149 553 2208; x_wconf 86' lang='lat' dir='ltr'>coepit</span> <span class='ocrx_word' id='word_1_250' title='bbox 564 2167 584 2190; x_wconf 85' lang='lat'>«</span> <span class='ocrx_word' id='word_1_251' title='bbox 599 2148 785 2203; x_wconf 80' lang='lat' dir='ltr'>Exaudi,</span> <span class='ocrx_word' id='word_1_252' title='bbox 797 2152 927 2204; x_wconf 88' lang='lat' dir='ltr'>Deus,</span> <span class='ocrx_word' id='word_1_253' title='bbox 939 2148 1288 2209; x_wconf 87' lang='lat' dir='ltr'>deprecationem</span> <span class='ocrx_word' id='word_1_254' title='bbox 1306 2167 1465 2208; x_wconf 86' lang='lat' dir='ltr'>meam,</span> 
     </span>
     <span class='ocr_line' id='line_1_30' title="bbox 85 2218 1463 2267; baseline 0.001 -4"><span class='ocrx_word' id='word_1_255' title='bbox 85 2239 107 2263; x_wconf 66' lang='lat'>³&gt;</span> <span class='ocrx_word' id='word_1_256' title='bbox 131 2220 309 2265; x_wconf 88' lang='lat' dir='ltr'>intende</span> <span class='ocrx_word' id='word_1_257' title='bbox 327 2219 511 2264; x_wconf 90' lang='lat' dir='ltr'>orationi</span> <span class='ocrx_word' id='word_1_258' title='bbox 527 2234 634 2262; x_wconf 87' lang='lat' dir='ltr'>meae</span> <span class='ocrx_word' id='word_1_259' title='bbox 655 2238 664 2263; x_wconf 90' lang='lat'>:</span> <span class='ocrx_word' id='word_1_260' title='bbox 689 2235 713 2262; x_wconf 88' lang='lat' dir='ltr'>a</span> <span class='ocrx_word' id='word_1_261' title='bbox 733 2218 894 2263; x_wconf 80' lang='lat' dir='ltr'>finibus</span> <span class='ocrx_word' id='word_1_262' title='bbox 927 2228 1054 2264; x_wconf 83' lang='lat' dir='ltr'>terrae</span> <span class='ocrx_word' id='word_1_263' title='bbox 1078 2219 1132 2264; x_wconf 90' lang='lat' dir='ltr'>ad</span> <span class='ocrx_word' id='word_1_264' title='bbox 1154 2230 1196 2265; x_wconf 90' lang='lat' dir='ltr'>te</span> <span class='ocrx_word' id='word_1_265' title='bbox 1220 2220 1418 2267; x_wconf 85' lang='lat' dir='ltr'>clamavi.</span> <span class='ocrx_word' id='word_1_266' title='bbox 1442 2242 1463 2265; x_wconf 86' lang='lat'>»</span> 
     </span>
     <span class='ocr_line' id='line_1_31' title="bbox 85 2289 1468 2351; baseline 0.001 -15"><span class='ocrx_word' id='word_1_267' title='bbox 85 2295 177 2336; x_wconf 87' lang='lat' dir='ltr'>Hoc</span> <span class='ocrx_word' id='word_1_268' title='bbox 197 2290 252 2335; x_wconf 88' lang='lat' dir='ltr'>ad</span> <span class='ocrx_word' id='word_1_269' title='bbox 264 2300 306 2334; x_wconf 89' lang='lat' dir='ltr'>te</span> <span class='ocrx_word' id='word_1_270' title='bbox 321 2289 500 2335; x_wconf 83' lang='lat' dir='ltr'>clamavi</span> <span class='ocrx_word' id='word_1_271' title='bbox 515 2289 711 2333; x_wconf 85' lang='lat' dir='ltr'>afinibus</span> <span class='ocrx_word' id='word_1_272' title='bbox 736 2298 877 2333; x_wconf 84' lang='lat' dir='ltr'>terrae.</span> <span class='ocrx_word' id='word_1_273' title='bbox 899 2309 920 2332; x_wconf 86' lang='lat'>«</span> <span class='ocrx_word' id='word_1_274' title='bbox 946 2289 1051 2334; x_wconf 88' lang='lat' dir='ltr'>Ideo</span> <span class='ocrx_word' id='word_1_275' title='bbox 1070 2292 1294 2351; x_wconf 87' lang='lat' dir='ltr'>cooperiar</span> <span class='ocrx_word' id='word_1_276' title='bbox 1319 2293 1366 2336; x_wconf 89' lang='lat' dir='ltr'>in</span> <span class='ocrx_word' id='word_1_277' title='bbox 1387 2309 1468 2338; x_wconf 91' lang='lat' dir='ltr'>ve-</span> 
     </span>
     <span class='ocr_line' id='line_1_32' title="bbox 87 2360 1468 2422; baseline 0.004 -19"><span class='ocrx_word' id='word_1_278' title='bbox 87 2380 109 2404; x_wconf 84' lang='lat'>»</span> <span class='ocrx_word' id='word_1_279' title='bbox 127 2361 317 2406; x_wconf 85' lang='lat' dir='ltr'>lamento</span> <span class='ocrx_word' id='word_1_280' title='bbox 340 2360 505 2404; x_wconf 85' lang='lat' dir='ltr'>alarum</span> <span class='ocrx_word' id='word_1_281' title='bbox 530 2369 705 2404; x_wconf 88' lang='lat' dir='ltr'>tuarum</span> <span class='ocrx_word' id='word_1_282' title='bbox 720 2395 730 2415; x_wconf 78' lang='grc'>,</span> <span class='ocrx_word' id='word_1_283' title='bbox 761 2360 864 2420; x_wconf 86' lang='lat' dir='ltr'>quia</span> <span class='ocrx_word' id='word_1_284' title='bbox 887 2361 1096 2405; x_wconf 78' lang='lat' dir='ltr'>exaudisti</span> <span class='ocrx_word' id='word_1_285' title='bbox 1117 2361 1468 2422; x_wconf 85' lang='lat' dir='ltr'>deprecationem</span> 
     </span>
     <span class='ocr_line' id='line_1_33' title="bbox 88 2428 1466 2489; baseline 0.003 -15"><span class='ocrx_word' id='word_1_286' title='bbox 88 2451 109 2474; x_wconf 63' lang='grc'>1)</span> <span class='ocrx_word' id='word_1_287' title='bbox 133 2428 289 2476; x_wconf 75' lang='lat' dir='ltr'>ineam.</span> <span class='ocrx_word' id='word_1_288' title='bbox 308 2450 328 2472; x_wconf 74' lang='grc'>1)</span> <span class='ocrx_word' id='word_1_289' title='bbox 345 2430 644 2475; x_wconf 81' lang='lat' dir='ltr'>Admonemur</span> <span class='ocrx_word' id='word_1_290' title='bbox 661 2446 786 2489; x_wconf 84' lang='lat' dir='ltr'>ergo,</span> <span class='ocrx_word' id='word_1_291' title='bbox 814 2429 982 2485; x_wconf 80' lang='lat' dir='ltr'>fratres,</span> <span class='ocrx_word' id='word_1_292' title='bbox 1002 2447 1092 2475; x_wconf 88' lang='lat' dir='ltr'>non</span> <span class='ocrx_word' id='word_1_293' title='bbox 1107 2448 1269 2476; x_wconf 83' lang='lat' dir='ltr'>cessare</span> <span class='ocrx_word' id='word_1_294' title='bbox 1283 2434 1466 2487; x_wconf 88' lang='lat' dir='ltr'>orando,</span> 
     </span>
     <span class='ocr_line' id='line_1_34' title="bbox 83 2500 1467 2564; baseline 0.001 -17"><span class='ocrx_word' id='word_1_295' title='bbox 83 2502 280 2564; x_wconf 88' lang='lat' dir='ltr'>quandiu</span> <span class='ocrx_word' id='word_1_296' title='bbox 311 2512 482 2561; x_wconf 88' lang='lat' dir='ltr'>tempus</span> <span class='ocrx_word' id='word_1_297' title='bbox 510 2511 574 2546; x_wconf 88' lang='lat' dir='ltr'>est</span> <span class='ocrx_word' id='word_1_298' title='bbox 598 2500 907 2545; x_wconf 86' lang='lat' dir='ltr'>tentationum.</span> <span class='ocrx_word' id='word_1_299' title='bbox 933 2518 955 2543; x_wconf 83' lang='lat'>«</span> <span class='ocrx_word' id='word_1_300' title='bbox 979 2502 1143 2547; x_wconf 81' lang='lat' dir='ltr'>Dedisti</span> <span class='ocrx_word' id='word_1_301' title='bbox 1170 2504 1467 2548; x_wconf 63' lang='lat' dir='ltr'>haereditatem</span> 
     </span>
    </p>
   </div>
   <div class='ocr_carea' id='block_1_4' title="bbox 136 2585 839 2627">
    <p class='ocr_par' dir='ltr' id='par_1_5' title="bbox 136 2585 839 2627">
     <span class='ocr_line' id='line_1_35' title="bbox 136 2585 839 2627; baseline -0.006 -8"><span class='ocrx_word' id='word_1_302' title='bbox 136 2594 144 2610; x_wconf 89' lang='lat'><em>¹</em></span> <span class='ocrx_word' id='word_1_303' title='bbox 165 2587 277 2619; x_wconf 70' lang='lat' dir='ltr'>Manli.</span> <span class='ocrx_word' id='word_1_304' title='bbox 301 2597 389 2627; x_wconf 79' lang='lat' dir='ltr'>xxiv,</span> <span class='ocrx_word' id='word_1_305' title='bbox 410 2594 463 2626; x_wconf 79' lang='lat'>12,</span> <span class='ocrx_word' id='word_1_306' title='bbox 480 2586 529 2617; x_wconf 78' lang='lat'>13.</span> <span class='ocrx_word' id='word_1_307' title='bbox 558 2603 596 2608; x_wconf 90' lang='lat'><strong>—</strong></span> <span class='ocrx_word' id='word_1_308' title='bbox 613 2592 625 2608; x_wconf 85' lang='lat'>²</span> <span class='ocrx_word' id='word_1_309' title='bbox 645 2585 722 2617; x_wconf 76' lang='lat' dir='ltr'>Psal.</span> <span class='ocrx_word' id='word_1_310' title='bbox 740 2596 790 2626; x_wconf 67' lang='lat' dir='ltr'>m,</span> <span class='ocrx_word' id='word_1_311' title='bbox 806 2585 839 2616; x_wconf 85' lang='lat'>6.</span> 
     </span>
    </p>
   </div>
   <div class='ocr_carea' id='block_1_5' title="bbox 1218 2640 1256 2678">
    <p class='ocr_par' dir='ltr' id='par_1_6' title="bbox 1218 2640 1256 2678">
     <span class='ocr_line' id='line_1_36' title="bbox 1218 2640 1256 2678; baseline -0.026 0"><span class='ocrx_word' id='word_1_312' title='bbox 1218 2640 1256 2678; x_wconf 81' lang='lat'>8.</span> 
     </span>
    </p>
   </div>
  </div>
 </body>
</html>
