1889 3285
431 227 672 258 ENARRATIO
704 231 749 257 m
781 228 983 258 PSALMUM
1014 232 1169 259 Lxxm.
1391 224 1474 264 467
1491 255 1493 257 ,

98 303 173 339 nat
189 293 307 338 unde
324 292 440 338 dicat
461 293 580 353 quod
595 293 701 337 dixit
719 313 728 338 ι
749 312 768 335 «
783 294 1018 339 Redemisti
1031 296 1195 353 virgam
1216 297 1478 345 haereditatis

101 383 123 408 »
158 374 260 409 tuae.
288 384 307 407 »
333 366 426 409 Hoc
444 363 553 408 dixit
574 379 663 408 non
682 364 737 408 de
765 365 973 409 Gentibus
989 400 1000 420 ,
1026 365 1072 408 in
1093 366 1252 426 quibus
1274 368 1479 416 manifes-

100 445 194 480 tum
227 444 305 479 est.
343 433 428 479 Sed
459 434 603 478 unde?
634 453 653 475 «
687 437 881 479 Montem
913 435 1029 479 Sion.
1066 453 1085 476 n
1112 436 1268 482 Adhuc
1295 447 1337 482 et
1357 455 1481 485 mons

102 505 205 551 Sion
231 513 374 564 potest
406 503 529 547 aliter
570 503 764 563 intelligi.
797 524 817 547 α
842 508 979 549 Istum
1006 521 1136 565 quem
1160 506 1411 558 inhabitasti
1433 511 1480 554 in

104 593 126 617 »
159 575 296 634 ipso.»
327 574 412 618 Ubi
433 583 523 618 erat
537 574 725 633 populus
748 583 863 629 ante,
887 574 965 618 ubi
985 575 1231 619 institutum
1249 578 1479 637 templum,

103 644 180 690 ubi
197 643 415 689 celebrata
431 645 651 700 sacrificia,
673 644 749 688 ubi
771 644 915 689 omnia
937 643 1012 688 illo
1032 653 1227 704 tempore
1249 649 1484 693 necessaria

103 715 324 762 Christum
346 716 656 774 promittentia.
678 715 929 770 Promissio,
956 731 1057 759 cum
1074 731 1139 760 res
1157 716 1368 774 redditur,
1391 720 1484 779 jam

103 787 153 831 fit
167 785 404 846 superflua.
430 788 538 831 Nam
563 795 797 845 antequam
819 787 1026 831 reddatur
1055 787 1176 847 quod
1197 789 1481 848 promittitur,

103 856 339 902 necessaria
360 865 423 900 est
455 856 546 915 ipsa
569 856 817 915 promissio,
850 872 905 900 ne
927 858 1185 916 promissum
1213 860 1294 904 sibi
1312 860 1490 907 oblivis-

104 939 228 974 catur
249 928 321 973 cui
341 927 625 987 promittitur,
651 937 694 972 et
715 944 804 972 non
827 929 1095 988 expectando
1111 932 1335 976 moriatur.
1348 935 1490 993 Opor-

104 1008 168 1044 tet
189 1014 290 1056 ergo
311 1007 362 1042 ut
388 1007 605 1057 expectet,
631 1008 680 1043 ut
708 1014 809 1043 cum
837 1000 1004 1044 venerit
1026 1001 1207 1061 accipiat
1233 1021 1241 1047 :
1273 1003 1372 1048 ideo
1399 1019 1490 1049 non

106 1070 240 1114 debet
265 1069 461 1113 deserere
493 1069 835 1127 promissionem.
873 1073 1056 1129 Propter
1083 1072 1166 1115 hoc
1203 1088 1293 1129 non
1323 1073 1493 1119 desere-

106 1141 268 1185 bantur
310 1139 486 1198 figurae,
536 1148 587 1182 ut
626 1139 828 1183 veniente
867 1138 937 1183 die
953 1175 963 1194 ,
1010 1141 1180 1185 umbrae
1213 1142 1485 1188 tollerentur.

112 1228 134 1253 «
165 1213 361 1255 Montem
381 1209 483 1254 Sion
505 1208 638 1252 istum
659 1224 791 1268 quem
814 1209 1065 1254 inhabitasti
1087 1212 1132 1254 in
1153 1212 1260 1271 ipso.
1289 1231 1310 1254 n

166 1283 243 1325 VI.
261 1299 278 1320 «
292 1280 425 1324 Eleva
438 1295 616 1324 manum
630 1288 750 1323 tuam
764 1280 807 1323 in
822 1281 1072 1340 superbiam
1086 1298 1236 1327 eorum
1248 1284 1295 1327 in
1309 1284 1489 1330 finem.»

108 1349 339 1406 Quomodo
371 1366 450 1395 nos
479 1349 718 1409 repellebas
746 1350 791 1393 in
831 1351 988 1406 finem,
1021 1352 1078 1396 sic
1102 1371 1121 1395 «
1153 1353 1286 1398 Eleva
1313 1370 1495 1400 manum

110 1440 131 1464 »
168 1430 287 1465 tuam
307 1421 353 1464 in
377 1420 627 1480 superbiam
648 1433 800 1464 eorum
826 1420 871 1463 in
895 1421 1042 1464 finem.
1071 1440 1091 1463 >›
1123 1427 1318 1476 Quorum
1339 1441 1493 1485 super-

107 1493 250 1539 biam?
273 1496 311 1537 A
332 1491 492 1552 quibus
520 1507 667 1536 eversa
689 1501 753 1536 est
780 1492 1037 1536 Jerusalem.
1069 1496 1107 1538 A
1137 1495 1297 1554 quibus
1319 1507 1465 1541 autem
1481 1534 1493 1554 ,

108 1564 190 1609 nisi
218 1580 240 1608 a
263 1563 438 1622 regibus
468 1563 700 1607 Gentium?
731 1566 848 1606 Bene
874 1563 1038 1607 elevata
1069 1574 1133 1609 est
1153 1581 1306 1612 manus
1335 1569 1424 1628 ejus
1451 1569 1498 1613 in

109 1635 311 1695 superbia
332 1649 484 1679 eorum
505 1635 550 1677 in
570 1635 703 1678 finem
725 1653 733 1678 ι
759 1650 861 1678 nam
885 1643 927 1678 et
947 1636 1028 1695 ipsi
1043 1638 1133 1696 jam
1152 1638 1371 1684 Christum
1401 1656 1501 1700 cog-

110 1714 343 1752 noverunt.
367 1704 526 1749 «Finis
554 1704 672 1748 enim
689 1704 814 1762 Legis
836 1705 1030 1750 Christus
1058 1707 1114 1750 ad
1139 1708 1350 1767 justitiam
1380 1711 1499 1755 omni

114 1795 135 1818 >2
170 1776 428 1821 credenti1.»
441 1774 713 1830 Quam—hene
726 1773 810 1818 illis
821 1776 1106 1835 optatPQuasi
1126 1777 1260 1822 iratus
1281 1779 1493 1840 loquitur,

112 1856 156 1891 et
175 1846 431 1891 maledicere
450 1843 623 1890 videtur
645 1865 654 1889 z
674 1854 717 1890 et
738 1846 904 1889 utinam
925 1847 1094 1891 eveniat
1110 1847 1229 1908 quod
1246 1849 1465 1895 maledicit
1481 1873 1492 1910 3

113 1917 202 1962 imo
232 1917 323 1976 jam
337 1916 386 1960 in
406 1917 584 1961 nomine
610 1916 772 1961 Christi
795 1916 967 1960 evenire
990 1916 1272 1975 gaudeamus.
1311 1922 1408 1964 Jam
1431 1930 1498 1965 te-

113 1996 266 2032 nentes
295 1996 536 2046 sceptrum,
561 1985 815 2030 subduntur
837 1985 958 2045 ligno
987 1988 1124 2032 crucis
1151 2007 1160 2033 ε
1189 1990 1278 2049 jam
1307 1990 1356 2034 fit
1379 1991 1499 2051 quod

113 2056 374 2118 praedictum
406 2066 472 2101 est
506 2075 515 2101 :
551 2075 570 2099 «
594 2055 854 2101 Adorabunt
883 2072 983 2101 eum
1010 2073 1160 2102 omnes
1188 2075 1309 2119 reges
1343 2070 1495 2118 terrae,

118 2147 140 2170 »
175 2143 324 2173 omnes
351 2136 498 2186 gentes
531 2127 720 2172 servient
745 2127 807 2171 illi
820 2131 852 2172 2.
881 2146 902 2170 ³)
925 2131 1022 2173 Jam
1042 2129 1088 2173 in
1109 2129 1327 2176 frontibus
1348 2148 1499 2192 regum

115 2199 344 2260 pretiosius
372 2207 436 2242 est
469 2197 642 2257 signum
673 2198 834 2254 crucis,
870 2215 1002 2260 quam
1031 2215 1200 2259 gemma
1227 2201 1497 2250 diadematis.

120 2288 140 2311 α
176 2268 309 2314 Eleva
341 2284 521 2329 manum
556 2278 675 2312 tuam
712 2269 759 2312 in
795 2270 1042 2329 superbiam
1083 2286 1232 2316 eorum
1267 2273 1313 2317 in
1344 2274 1492 2320 finem.

119 2358 142 2383 »
177 2344 346 2393 Quanta
366 2339 555 2398 maligne
576 2348 776 2398 operatus
804 2349 868 2384 est
885 2340 1086 2385 inimicus
1105 2342 1151 2386 in
1168 2343 1325 2387 sanctis
1348 2344 1432 2388 tuis
1449 2345 1458 2387 ἔ
1474 2363 1494 2386 »

120 2413 173 2455 In
183 2410 252 2454 his
272 2425 372 2470 quae
393 2418 539 2453 sancta
565 2418 640 2453 tua
662 2418 800 2464 erant,
822 2409 868 2453 id
888 2418 974 2466 est,
998 2410 1045 2454 in
1067 2411 1231 2473 templo
1252 2449 1262 2469 ,
1285 2413 1332 2458 in
1359 2429 1499 2460 sacer-

118 2479 256 2535 dotio,
279 2480 326 2524 in
342 2479 426 2524 illis
442 2479 646 2524 omnibus
661 2480 952 2537 sacramentis,
978 2497 1077 2542 quae
1095 2482 1171 2529 illo
1184 2492 1380 2544 tempore
1401 2483 1500 2530 fue-

169 2571 179 2588 ¹
198 2567 290 2598 Rom.
310 2574 345 2606 x,
359 2562 392 2606 4.
411 2580 454 2588 -—
472 2570 485 2588 ²
507 2563 588 2597 Psal.
603 2574 688 2607 mm,
709 2575 759 2597 11.

1252 2625 1316 2663 30.
