1889 3285
428 275 670 304 Ermum-mo
702 280 747 305 nv
780 278 982 306 PsALMUM
1015 279 1139 306 Lxxv.
1382 267 1463 305 517

83 349 147 384 set
163 340 268 383 fieri.
295 342 404 384 Nam
422 340 456 384 si
473 351 648 385 nossent
665 341 792 386 aliam
809 343 941 387 vitam
963 379 973 398 ,
993 342 1080 386 illic
1098 342 1179 385 sibi
1201 342 1464 386 thesauriza-

83 418 208 464 rent,
243 409 362 470 quod
393 410 464 454 hic
498 420 587 454 erat
623 412 864 470 periturum
898 432 907 458 ι
938 413 1050 457 sicut
1089 412 1318 456 Zacchaeus
1355 412 1466 456 vidit

82 479 195 525 illud
216 481 383 524 bonum
408 483 545 542 major
566 482 899 541 publicanorum
920 519 930 539 ‚
969 482 1146 544 quando
1176 483 1359 541 suscepit
1382 486 1470 527 Do-

83 551 251 594 minum
275 553 421 594 Jesum
445 551 653 611 hospitio,
685 562 727 596 et
750 553 809 597 ait
831 573 838 598 :
870 572 886 592 «
914 553 1151 598 Dimidium
1174 568 1317 596 rerum
1350 568 1468 597 mea-

87 641 106 663 »
141 636 238 665 rum
261 620 317 665 do
339 622 618 680 pauperibus,
641 632 684 666 et
701 624 734 666 si
752 624 821 667 cui
845 623 1010 683 aliquid
1030 622 1244 677 fraudavi,
1272 623 1468 681 quadru-

87 711 105 733 »
139 691 263 751 plum
291 691 427 735 reddo
444 694 473 735 ¹.
499 712 514 733 »
531 695 628 737 Non
647 703 736 737 erat
759 694 837 738 iste
854 694 898 737 in
915 695 1106 738 vanitate
1128 693 1436 738 somniantium
1453 727 1464 748 ‚

80 762 156 806 sed
176 762 221 805 in
243 762 329 805 fide
361 760 651 820 vigilantium.
689 764 792 807 Ideo
824 764 1033 808 Dominus
1055 765 1156 824 quia
1178 764 1372 807 medicus
1395 763 1466 806 in-

80 842 270 877 traverat
291 832 346 875 ad
368 841 595 890 aegrotum,
617 834 916 892 pronuntiavit
936 835 1068 894 ipsius
1086 834 1285 888 salutem,
1311 842 1353 877 et
1375 834 1434 877 ait
1456 852 1465 877 ε

85 921 103 943 «
140 902 281 946 Hodie
316 901 429 946 salus
453 902 603 946 domui
625 903 727 947 huic
752 902 863 948 facta
894 913 982 959 est,
1010 904 1218 963 quoniam
1242 912 1285 947 et
1311 903 1383 947 hic
1405 911 1468 946 est

85 992 103 1014 »
138 972 252 1016 filius
269 973 501 1017 Abrahae2.
525 993 541 1013 »
562 976 619 1017 Ut
640 974 843 1018 noveritis
867 975 967 1034 quia
985 991 1063 1019 nos
1084 973 1292 1018 imitando
1314 973 1464 1028 fidem,

79 1041 156 1086 filii
183 1043 371 1086 Abrahae
405 1058 552 1087 sumus
580 1063 588 1087 ε
615 1043 758 1088 Judaei
790 1054 936 1088 autem
967 1046 1044 1104 qui
1076 1045 1130 1088 de
1164 1060 1293 1088 carne
1315 1059 1468 1103 super-

78 1112 233 1166 biunt,
259 1128 281 1155 a
306 1112 391 1156 fide
417 1113 806 1172 degeneraverunt.
835 1118 951 1174 Ergo
969 1150 979 1169 ‚
1009 1133 1027 1155 «
1053 1115 1332 1159 Dormierunt
1349 1129 1467 1158 som-

84 1204 103 1225 »
138 1199 244 1227 num
266 1199 391 1228 suum
414 1185 495 1228 viri
519 1184 766 1228 divitiarum
784 1221 794 1238 ‚
827 1195 870 1229 et
892 1184 1002 1229 nihil
1023 1185 1284 1229 invenerunt
1306 1185 1349 1227 in
1373 1200 1468 1228 ma-

85 1274 103 1295 »
139 1254 267 1298 nibus
290 1254 391 1298 suis.
418 1276 435 1295 »
462 1256 742 1299 Dormierunt
758 1256 804 1299 in
822 1256 1132 1315 cupiditatibus
1153 1256 1256 1312 suis3
1282 1254 1470 1299 delectat

79 1323 176 1368 illos
192 1360 203 1379 ‚
229 1325 383 1369 transit
405 1340 583 1369 somnus
609 1325 712 1380 iste,
738 1326 891 1369 transit
910 1327 998 1370 vita
1021 1326 1100 1370 ista
1117 1361 1127 1379 ‚
1155 1335 1198 1370 et
1219 1324 1327 1369 nihil
1344 1325 1469 1367 inve-

79 1395 210 1438 niunt
240 1395 286 1438 in
318 1395 520 1439 manibus
553 1395 666 1450 suis,
703 1396 805 1455 quia
837 1394 948 1439 nihil
982 1404 1222 1455 posuerunt
1252 1396 1297 1438 in
1334 1410 1471 1438 manu

79 1465 255 1510 Christi.
277 1465 352 1510 Vis
374 1464 539 1525 aliquid
556 1466 752 1509 invenire
779 1466 825 1509 in
847 1465 1045 1510 manibus
1069 1467 1154 1510 tuis
1174 1467 1352 1524 postea?
1372 1463 1471 1508 Noli

79 1544 358 1580 contemnere
388 1535 520 1578 modo
557 1551 738 1577 manum
771 1537 973 1595 pauperis
993 1557 1003 1593 3
1042 1544 1085 1579 et
1122 1535 1286 1594 respice
1316 1550 1470 1578 manus

78 1607 227 1650 inanes
243 1641 253 1660 ‚
282 1605 316 1649 si
336 1606 400 1649 vis
416 1605 576 1649 habere
595 1620 749 1648 manus
765 1603 928 1664 plenas.
955 1607 1065 1647 Dixit
1087 1606 1203 1648 enim
1225 1606 1436 1649 Dominus
1459 1625 1468 1650 :

84 1695 101 1717 «
138 1677 334 1730 Esurivi‚
360 1686 403 1720 et
421 1676 597 1720 dedistis
620 1676 728 1719 mihi
749 1674 1036 1731 manducare3
1060 1674 1196 1729 sitivi,
1227 1683 1269 1718 et
1293 1674 1469 1720 dedistis

84 1767 103 1788 »
138 1747 243 1790 mihi
262 1756 441 1806 potum3
465 1746 620 1805 hospes
643 1744 734 1799 fui,
759 1754 801 1789 et
823 1744 1058 1788 adduxistis
1080 1760 1165 1799 me,
1188 1765 1204 1785 »
1231 1754 1275 1788 et
1295 1754 1465 1790 caetera.

79 1820 137 1861 Et
152 1816 216 1860 illi
238 1837 248 1862 ;
274 1836 292 1857 «1
326 1816 513 1870 Quando
536 1826 579 1860 te
601 1816 788 1860 vidimus
808 1817 1090 1865 esurientem,
1116 1816 1328 1859 sitientem
1347 1851 1357 1870 ‚
1395 1825 1471 1862 aut

84 1907 102 1928 »
137 1887 353 1946 hospitem
370 1889 418 1930 P»
435 1890 492 1931 Et
512 1885 586 1930 ille
608 1886 714 1931 dic'it
736 1886 819 1930 illis
840 1905 848 1930 ;
866 1904 883 1924 «
902 1885 1088 1939 Quando
1111 1886 1188 1929 uni
1209 1902 1260 1930 ex
1281 1886 1470 1930 minimis

85 1977 102 1998 »
137 1957 242 2001 meis
270 1957 454 2011 fecistis,
490 1957 596 2000 mihi
626 1956 785 2001 fecistis
806 1958 838 2000 ³.
870 1977 886 1997 »
920 1956 1095 2001 Esurire
1123 1957 1169 1999 in
1204 1956 1468 2015 pauperibus

80 2027 239 2083 voluit,
271 2029 347 2088 qui
371 2027 488 2071 dives
511 2028 555 2071 in
578 2027 691 2071 coelo
710 2037 796 2083 est3
821 2036 863 2070 et
883 2036 933 2070 tu
953 2025 1124 2070 dubitas
1140 2061 1151 2082 ,
1180 2027 1312 2070 homo
1331 2062 1341 2082 ,
1367 2025 1470 2070 dare

79 2099 247 2142 homini
266 2133 276 2153 ‚
297 2113 398 2142 cum
415 2098 520 2142 scias
543 2107 585 2141 te
603 2098 776 2142 Christo
793 2096 898 2141 dare
920 2096 1042 2157 quod
1063 2097 1138 2141 das
1153 2133 1163 2152 ‚
1189 2113 1212 2141 a
1234 2113 1323 2157 quo
1345 2112 1470 2141 acce-

79 2168 181 2229 pisti
197 2168 416 2229 quidquid
439 2168 544 2212 das?
569 2169 653 2213 Sed
668 2168 746 2223 illi,
767 2189 784 2209 «
798 2169 1078 2212 Dormierunt
1098 2184 1301 2213 somnum
1323 2183 1468 2224 suum,

85 2259 105 2280 »
140 2248 184 2283 et
215 2238 325 2283 nihil
353 2239 617 2283 invenerunt
639 2254 789 2283 omnes
811 2239 892 2283 viri
914 2237 1162 2283 divitiarum
1194 2239 1240 2283 in
1269 2239 1471 2283 manibus

86 2329 105 2351 ι»
139 2310 242 2354 suis.
270 2331 287 2352 »

138 2383 195 2424 X.
226 2400 243 2421 «
266 2381 334 2425 Ab
358 2381 653 2440 increpatione
672 2389 747 2424 tua
769 2415 779 2435 ‚
801 2383 915 2424 Deus
938 2379 1074 2424 Jacob
1088 2415 1098 2435 ,
1124 2378 1471 2424 dormitaverunt

86 2471 104 2492 »
140 2466 289 2496 omnes
309 2453 384 2512 qui
407 2452 697 2496 ascenderunt
713 2467 848 2512 equos
863 2452 895 2495 ⁴.
927 2472 944 2492 »
971 2451 1056 2504 Qui
1073 2460 1174 2495 sunt
1189 2486 1200 2505 ‚
1226 2451 1301 2511 qui
1320 2466 1471 2495 ascen-

84 2519 246 2565 derunt
274 2524 441 2582 equos?
469 2523 552 2575 Qui
575 2520 761 2565 humiles
783 2536 870 2564 esse
895 2520 1145 2565 noluerunt.
1166 2523 1263 2565 Non
1282 2520 1328 2563 in
1351 2519 1473 2580 equis

135 2610 144 2626 ¹
164 2607 241 2638 Luc.
268 2618 335 2645 xix,
356 2608 386 2638 8.
411 2624 452 2629 --
480 2612 491 2629 ²
517 2605 598 2637 Ibid.
625 2616 658 2647 9.
684 2621 724 2628 --
743 2603 757 2625 ἶ
775 2604 888 2637 Με1Η1ι.
907 2615 980 2644 xxv,
1002 2604 1123 2646 35-40.
1138 2621 1180 2627 -
1195 2603 1210 2634 4
1231 2603 1307 2637 psal.
1324 2615 1418 2644 mxv,
1440 2614 1470 2645 7.
