1889 3285
399 199 480 237 464
858 208 891 235 s.
927 210 1155 237 Auouscrmi
1188 211 1367 238 El’lsCOPI

394 274 648 319 occiderunt
670 273 746 333 qui
767 272 960 316 dederat.
983 276 1086 317 Haec
1100 273 1298 328 dicimus,
1321 273 1489 329 fratres,
1515 282 1565 317 ut
1587 274 1782 318 homines

392 345 446 388 de
479 347 602 388 Novo
631 346 905 387 Testamento
939 344 1110 388 discatis
1148 360 1238 389 non
1263 345 1476 388 inhaerere
1504 344 1698 388 terrenis.
1740 344 1782 389 Si

392 414 507 466 enim
528 413 592 457 illi
616 413 964 457 inexcusabiliter
990 415 1165 458 terrenis
1201 415 1490 470 inhaeserunt,
1527 415 1685 475 quibus
1712 414 1782 474 ip-

331 508 335 513 κ
391 500 488 528 sum
519 487 692 529 Novum
738 487 1063 528 Testamentum
1093 484 1293 529 nondum
1331 485 1474 530 fuerat
1512 485 1780 542 revelatum

390 563 557 614 quanto
578 553 913 598 inexcusabilius
941 563 1112 598 terrena
1133 565 1371 609 sectantur,
1396 556 1658 616 quibusjam
1681 571 1784 615 pro-

390 625 518 669 missa
539 623 731 669 coelestia
748 624 794 668 in
814 627 937 669 Novo
957 627 1231 670 Testamento
1249 625 1435 670 revelata
1451 626 1573 670 sunt!
1593 629 1702 671 Nam
1720 641 1784 670 re-

392 694 537 750 colite,
557 693 710 738 sratres
729 694 830 749 mei,
845 694 953 754 quid
969 694 1138 738 dictum
1154 695 1208 739 sit
1221 711 1244 739 a
1262 695 1623 756 persequentibus
1637 695 1784 740 Chris-

391 775 502 810 tum.
531 785 551 808 «
587 766 631 810 Si
657 764 945 810 dimiserimus
972 780 1073 809 eum
1093 801 1104 820 ,
1131 766 1308 810 venient
1328 766 1540 822 Romani,
1566 775 1610 810 et
1628 765 1784 810 tollent

395 856 413 879 »
448 836 591 891 nobis,
613 845 656 880 et
668 834 831 891 locum,
850 845 893 879 et
911 838 1118 895 gentem1.
1136 854 1156 877 »
1175 836 1330 880 Videte
1357 836 1458 897 quia
1481 835 1674 880 timendo
1696 845 1784 880 ter-

389 923 492 952 rena
513 907 710 966 perdere,
729 911 891 965 Regem
913 907 1015 951 coeli
1035 907 1303 952 occiderunt.
1331 911 1388 952 Et
1411 907 1518 968 quid
1534 908 1592 951 eis
1618 906 1784 952 factum

390 982 474 1024 est?
484 978 772 1024 Perdiderunt
784 979 912 1022 etiam
924 979 1013 1038 ipsa
1027 987 1198 1022 terrena
1215 998 1223 1023 ε
1241 988 1283 1023 et
1291 979 1368 1022 ubi
1381 978 1784 1023 occideruntChris-

391 1060 510 1105 tum,
546 1049 608 1093 ibi
638 1049 767 1094 occisi
788 1058 889 1092 sunt
916 1069 923 1092 :
958 1058 1001 1092 et
1028 1065 1128 1093 cum
1155 1058 1316 1093 terram
1347 1048 1545 1093 nolentes
1572 1048 1780 1108 perdere,

391 1122 587 1166 datorem
619 1123 719 1166 vitae
741 1121 1012 1175 occiderunt,
1043 1122 1239 1165 eamdem
1260 1131 1418 1165 terram
1436 1121 1563 1165 occisi
1579 1120 1782 1180 perdide-

390 1202 520 1243 runt·‚
552 1201 595 1236 et
629 1207 680 1236 eo
709 1201 904 1250 tempore
927 1207 1016 1250 quo
1054 1191 1180 1235 illum
1218 1191 1487 1247 oeciderunt,
1523 1200 1573 1235 ut
1607 1207 1657 1234 ex
1692 1191 1783 1250 ipso

390 1273 586 1322 tempore
604 1261 961 1316 admonerentur,
988 1277 1122 1321 quare
1144 1262 1223 1306 ista
1246 1263 1435 1321 perpessi
1453 1271 1569 1305 sunt.
1597 1261 1784 1314 Quando

390 1334 506 1377 enim
522 1349 668 1377 eversa
690 1342 754 1376 est
769 1330 917 1377 civitas
933 1331 1206 1386 Judaeorum,
1232 1333 1395 1376 Pascha
1421 1331 1716 1387 celebrabant,
1742 1341 1786 1375 et

390 1405 436 1448 in
457 1404 605 1448 multis
627 1402 820 1447 millibus
839 1403 1070 1447 hominum
1094 1411 1182 1446 tota
1210 1403 1302 1461 ipsa
1321 1418 1424 1461 gens
1446 1412 1708 1447 convenerat
1729 1402 1783 1446 ad

389 1474 504 1518 illius
527 1474 768 1518 festivitatis
790 1472 1143 1517 celebrationem.
1170 1473 1237 1516 Ibi
1260 1476 1390 1528 Deus,
1416 1489 1492 1532 per
1519 1472 1654 1517 malos
1681 1473 1781 1533 qui-

388 1547 506 1600 dem,
527 1544 603 1589 sed
618 1554 764 1588 tamen
778 1543 851 1586 ille
866 1544 1006 1587 bonus
1024 1564 1034 1600 3
1051 1559 1128 1602 per
1139 1544 1335 1603 injustos,
1351 1543 1426 1587 sed
1442 1545 1580 1603 justus
1592 1553 1635 1587 et
1645 1545 1779 1603 juste,

389 1617 449 1660 ita
483 1616 530 1659 in
564 1630 636 1659 eos
666 1613 920 1669 vindicavit,
955 1623 1004 1657 ut
1037 1614 1354 1672 perimerentur
1384 1614 1520 1658 multa
1552 1615 1783 1659 hominum

388 1685 550 1735 millia,
585 1694 629 1728 et
655 1685 747 1743 ipsa
787 1684 936 1727 civitas
976 1693 1257 1728 everteretur.
1295 1686 1388 1728 Hoc
1420 1684 1465 1727 in
1506 1685 1587 1728 isto
1611 1684 1782 1729 Psalmo

388 1757 556 1817 plangit
578 1775 596 1796 «
624 1755 878 1800 Intellectus
902 1756 1064 1814 Asaph,
1088 1774 1106 1795 »
1138 1764 1182 1799 et
1201 1755 1351 1815 inipso
1378 1755 1559 1814 planctu
1575 1765 1783 1816 tanquam

388 1827 636 1872 intellectus
659 1825 866 1870 discernit
895 1835 1102 1870 terrenaa
1124 1826 1375 1870 coelestibus
1389 1862 1399 1881 ,
1421 1826 1625 1870 discernit
1646 1829 1781 1871 Vetus

390 1902 716 1943 Testamentum
743 1912 766 1940 a
799 1899 923 1941 Novo
960 1899 1238 1940 Testamento
1271 1915 1279 1940 :
1319 1905 1370 1940 ut
1397 1895 1542 1940 videas
1572 1911 1651 1955 per
1683 1912 1782 1956 quae

387 1978 593 2023 transeas,
620 1967 728 2028 quid
756 1976 969 2027 expectes,
1008 1966 1118 2025 quid
1145 1964 1382 2026 relinquas,
1415 1965 1575 2026 quibus
1601 1967 1778 2011 haereas.

392 2039 459 2084 Sic
475 2054 578 2097 ergo
599 2037 749 2096 coepit.

449 2111 525 2164 ΠΣ.
552 2127 573 2149 «
609 2106 776 2167 thuid
798 2106 993 2167 repulisti
1011 2121 1111 2161 nOS,
1132 2109 1269 2161 Deus,
1294 2105 1340 2149 in
1358 2106 1489 2149 finem
1503 2108 1545 2150 ¹2?
1569 2106 1783 2166 Repulisti

390 2199 411 2221 »
447 2180 493 2223 in
511 2179 668 2234 finem,
697 2197 717 2219 »
753 2194 806 2221 ex
827 2193 1009 2237 persona
1037 2176 1188 2236 populi
1221 2176 1502 2232 Judaeorum,
1528 2186 1571 2221 et
1601 2193 1654 2221 ex
1683 2194 1783 2238 per-

390 2267 495 2296 sona
533 2250 908 2308 congregationis,
941 2264 1039 2309 quae
1070 2249 1242 2308 proprie
1265 2251 1490 2307 Synagoga
1520 2248 1777 2308 appellatur.

392 2343 413 2365 «
448 2321 614 2381 thuid
627 2320 820 2381 repulisti
834 2337 927 2376 nos,
944 2324 1074 2375 Deus,
1094 2320 1138 2363 in
1153 2321 1310 2364 finem?
1328 2338 1346 2360 υ
1365 2323 1462 2364 Non
1484 2320 1777 2379 reprehendit,

388 2393 464 2439 sed
495 2394 652 2454 quaerit
683 2412 703 2434 «
730 2393 923 2452 thuid,
962 2411 982 2433 »
1008 2392 1316 2451 quamobrem,
1349 2401 1527 2450 propter
1559 2391 1668 2451 quid
1696 2393 1780 2437 hoc

388 2464 558 2509 fecisti?
575 2462 692 2516 Quid
712 2462 881 2506 fecisti?
903 2481 923 2503 «
947 2461 1161 2521 Repulisti
1178 2477 1256 2506 nos
1278 2461 1324 2505 in
1342 2462 1488 2505 tinem.
1513 2480 1532 2502 »
1559 2461 1675 2514 Quid
1696 2471 1775 2517 est,

437 2556 445 2571 ¹
466 2551 555 2580 Joan.
575 2547 690 2588 1548.
712 2564 751 2568 -
772 2553 785 2568 ²
812 2547 891 2577 Psal.
909 2557 1018 2585 tum,
1041 2557 1068 2578 1.
