1889 3285
277 250 518 281 ENARRAno
550 252 585 278 11
616 252 662 279 nv
694 250 898 279 PsALMUM
929 252 1036 292 Lxx,
1068 251 1207 280 SERMO
1239 254 1289 281 11.
1381 238 1467 281 407

82 318 207 364 Adsit
228 333 331 377 ergo
343 319 434 378 ipse
451 317 778 362 transeuntibus
791 317 846 362 ad
863 333 965 362 eum
976 338 988 376 3
1001 317 1223 362 auferatur
1233 317 1468 365 velamem:

83 391 199 435 dicat
219 390 344 435 nobis
378 389 588 434 Dominus
611 397 759 433 noster
790 398 835 433 ct
864 388 1060 434 Salvator
1090 391 1214 434 Jesus
1244 389 1468 446 Christus,

82 476 217 522 quare
237 459 333 504 talis
354 474 440 503 vox
458 459 688 518 Prophetae
705 459 926 518 praemissa
942 468 1007 503 est
1026 478 1035 503 :
1061 477 1082 501 «
1105 459 1342 504 Ostendisti
1363 461 1473 505 mihi

85 549 106 572 »
141 529 441 574 tribulationes
470 528 628 573 multas
648 538 692 572 et
719 528 881 587 malas3
915 537 960 573 ct
988 544 1220 574 conversus
1246 529 1472 575 vivificasti

85 618 107 642 n
142 615 228 654 me,
253 609 297 644 et
317 598 372 643 de
394 599 559 656 abyssis
583 608 708 643 terrae
732 599 890 643 iterum
912 598 1119 643 reduxisti
1141 614 1225 644 me.
1253 617 1274 641 »
1300 603 1368 644 En
1388 601 1474 647 1100

82 671 275 731 primum
297 669 485 729 positum
509 679 574 714 est
601 689 621 712 «
645 668 804 714 iterum
831 689 841 715 ;
863 688 884 712 n
910 669 1136 716 videamus
1164 670 1274 732 quid
1293 671 1378 717 1100
1399 672 1470 728 sit,

85 750 129 785 et
147 741 418 786 inveniemus
440 755 572 800 quare
591 739 775 784 alterum
801 759 822 783 «
848 743 1027 785 Iterum.
1058 758 1079 783 »

142 814 200 857 X.
225 811 337 865 Quid
362 821 427 856 est
454 812 675 857 Christus?
701 831 721 853 «
751 814 803 856 In
830 811 1045 871 principio
1076 821 1169 857 erat
1189 812 1403 868 Verbum,
1427 823 1472 858 et

87 900 109 924 »
142 881 340 926 Verbum
363 890 455 925 erat
472 882 591 941 apud
611 885 751 926 Deum
767 916 779 936 ‚
808 891 852 926 et
873 884 987 926 Deus
1008 891 1100 927 erat
1121 883 1317 927 Verbum
1347 901 1357 928 ε
1388 884 1472 928 1100

86 970 108 994 1)
142 961 235 996 erat
254 952 301 996 in
318 952 531 1011 principio
563 951 682 1012 apud
710 955 864 996 Deum.
897 954 1055 997 Omnia
1088 968 1165 1012 per
1193 953 1336 1012 ipsum
1356 952 1471 998 facta

88 1043 107 1065 »
141 1032 259 1078 sunt,
284 1031 328 1066 et
348 1024 439 1067 sine
461 1023 553 1083 ipso
576 1022 742 1067 factum
763 1032 826 1067 est
847 1023 1003 1066 nihil.»
1027 1023 1202 1067 Grande
1223 1024 1322 1068 11001
1347 1039 1472 1083 mag-

83 1093 297 1138 numhoc!
314 1096 378 1137 Tu
392 1093 515 1153 quid,
532 1094 726 1153 captive?
743 1093 826 1137 Ubi
835 1095 979 1153 jaces?
994 1096 1045 1137 In
1058 1109 1202 1148 carne,
1218 1094 1299 1138 sub
1311 1104 1468 1140 morte.

83 1164 189 1217 Quis
221 1178 324 1222 ergo
355 1163 458 1207 ille?
491 1163 588 1223 quis
627 1165 701 1207 tu?
741 1166 798 1207 Et
840 1163 949 1222 quid
987 1163 1060 1207 1110
1087 1166 1263 1223 postea?
1294 1174 1473 1225 propter

83 1235 241 1294 quem?
263 1234 369 1288 Quis
386 1233 474 1289 ille,
500 1234 580 1276 nisi
593 1237 715 1293 quod
731 1234 898 1277 dictum
917 1243 979 1278 est
1001 1253 1009 1278 :
1034 1234 1315 1278 «Verbun-P»
1343 1236 1472 1288 Quod

82 1305 309 1349 Verbum?
330 1307 393 1350 Ne
414 1304 526 1348 forte
549 1312 671 1348 sonat
703 1313 746 1347 et
770 1304 945 1348 transit?
979 1305 1176 1349 Verbum
1212 1308 1325 1350 Deus
1354 1307 1472 1366 apud

81 1377 221 1419 Deum
237 1395 248 1431 3
263 1375 460 1419 Verbum
478 1390 555 1433 per
577 1372 696 1433 quod
717 1371 832 1417 facta
852 1383 954 1418 sunt
975 1376 1135 1420 omnia.
1161 1375 1278 1432 Quid
1294 1385 1473 1436 propter

82 1446 154 1488 te?
178 1462 199 1486 «
225 1447 284 1488 Et
310 1444 507 1487 Verbum
536 1458 636 1487 caro
657 1442 822 1487 factum
841 1452 920 1498 est,
944 1453 987 1487 et
1003 1444 1217 1488 habitavit
1238 1446 1284 1488 in
1301 1445 1471 1500 nobis&-

85 1533 105 1557 n
141 1515 227 1568 Qui
253 1514 366 1559 Filio
399 1514 575 1574 proprio
609 1529 699 1558 non
727 1514 942 1573 pepercit,
988 1513 1064 1557 sed
1108 1530 1188 1573 pro
1217 1515 1342 1559 nobis
1374 1531 1472 1560 om-

84 1603 105 1628 »
139 1586 268 1629 nibus
310 1584 492 1630 tradidit
514 1583 639 1628 illum
666 1605 678 1642 ς
702 1583 926 1644 quomodo
950 1599 1041 1628 non
1069 1594 1112 1629 et
1152 1600 1253 1629 cum
1279 1585 1356 1630 illo
1377 1602 1473 1630 om·-

84 1674 105 1698 »
139 1656 211 1701 nia
233 1657 360 1701 nobis
382 1655 563 1700 donavit
577 1658 620 1700 3?
643 1676 660 1697 »
687 1658 800 1699 Ecce
830 1654 937 1714 quid
955 1691 966 1711 ‚
992 1655 1104 1716 quis,
1129 1665 1307 1716 propter
1322 1672 1470 1717 quem.

82 1726 216 1771 Filius
239 1727 316 1771 Dei
348 1741 448 1771 caro
484 1736 663 1785 propter
691 1733 992 1783 peccatorem,
1030 1735 1209 1786 propter
1246 1727 1469 1787 iniquum,

81 1806 258 1857 propter
282 1796 567 1851 desertorem,
602 1803 781 1854 propter
801 1795 1039 1854 superbum
1055 1829 1066 1850 ,
1092 1805 1270 1855 propter
1297 1812 1474 1856 perver-

81 1884 178 1913 sum
194 1868 273 1912 Dei
296 1867 361 1911 sui
380 1867 642 1910 imitatorem
664 1866 672 1909 1
695 1868 852 1909 Factus
874 1864 947 1909 ille
961 1865 1081 1926 quod
1103 1874 1168 1921 111,
1193 1866 1306 1911 filius
1328 1868 1472 1913 homi-

81 1939 164 1993 nis,
190 1947 241 1982 ut
262 1953 338 1981 nos
360 1937 632 1981 efficeremur
648 1935 727 1979 filii
750 1935 852 1980 Dei!
880 1937 991 1981 Caro
1013 1934 1152 1980 factus
1179 1955 1188 1981 :
1206 1937 1325 1981 unde
1341 1942 1474 1984 caro?

81 2011 146 2053 Ex
166 2008 303 2053 Maria
327 2007 538 2065 virgine4.
565 2006 690 2051 Unde
712 2006 849 2052 Maria
871 2007 1015 2064 virgo?
1037 2009 1101 2051 Ex
1115 2006 1271 2051 Adam.
1292 2010 1410 2068 Ergo
1425 2026 1476 2054 ex

81 2079 157 2125 illo
178 2080 320 2140 primo
338 2080 525 2139 captivo,
543 2088 586 2123 et
604 2093 704 2122 caro
718 2078 763 2121 in
782 2077 953 2122 Christo
968 2077 1023 2122 de
1040 2093 1176 2122 massa
1193 2079 1468 2138 captivitatis.

82 2150 247 2210 thuid
259 2151 368 2195 hocP
383 2149 453 2195 Ad
469 2148 731 2208 exemplum.
756 2148 952 2207 Suscepit
970 2164 993 2192 a
1009 2157 1053 2192 te
1064 2149 1109 2192 in
1123 2164 1212 2209 quo
1229 2161 1471 2196 moreretur

82 2235 161 2280 pro
178 2229 221 2264 te
247 2239 256 2264 :
281 2219 469 2279 suscepit
486 2235 509 2263 a
532 2228 575 2263 te
605 2218 728 2279 quod
749 2218 927 2263 offerret
948 2233 1028 2278 pro
1050 2227 1117 2273 10,
1146 2235 1236 2280 quo
1272 2221 1470 2281 exemplo

82 2290 258 2335 doceret
279 2299 336 2334 te.
365 2290 478 2342 Quid
498 2289 674 2334 doceret
687 2290 755 2333 te?
782 2290 894 2342 Quia
916 2299 1237 2334 resurrecturus
1259 2305 1318 2335 es.
1346 2291 1474 2336 Unde

82 2360 198 2404 enim
212 2359 424 2415 crederes,
446 2359 526 2404 nisi
547 2359 796 2419 exemplum
808 2360 945 2404 carnis
959 2359 1228 2419 praecederet
1245 2372 1477 2421 assumptae

82 2431 137 2475 de
163 2445 301 2475 massa
322 2430 471 2475 mortis
494 2431 610 2474 tuae?
632 2432 749 2489 Ergo
782 2431 828 2474 in
859 2429 935 2475 illo
957 2431 1098 2490 primo
1129 2432 1442 2477 resurreximus
1467 2451 1476 2476 :

130 2533 139 2549 ¹
165 2535 184 2559 2
201 2527 347 2567 Coi-cm,
370 2525 421 2558 16.
442 2543 483 2548 —
503 2533 516 2549 ²
534 2528 625 2558 Joan.
647 2538 672 2567 1,
695 2527 755 2558 1-3
778 2531 811 2558 01
842 2525 891 2568 14.
918 2543 958 2549 -
976 2524 990 2549 3
1016 2529 1106 2560 Rom.
1130 2538 1204 2566 vm,
1225 2528 1282 2559 32.
1305 2544 1346 2550 ——-
1364 2526 1380 2556 4
1398 2529 1474 2560 Luc.

82 2592 126 2622 11,
145 2592 177 2622 7.
