1889 3285
378 228 461 269 524
805 239 840 267 ες
875 239 1106 269 ΑυασεΤῐΝῙ
1138 243 1319 270 Emscom

377 304 521 350 omnia
541 319 618 349 sua
641 303 938 349 distribuenda
957 306 1243 366 pauperibus,
1270 316 1313 350 et
1335 307 1396 350 ire
1417 307 1462 351 in
1481 321 1759 351 communem

371 376 505 420 vitam
523 409 533 429 ,
551 375 597 417 in
619 375 867 419 societatem
891 385 1138 420 sanctorum
1174 396 1182 421 :
1208 392 1417 435 magnum
1437 386 1590 422 votum
1611 386 1759 423 vovet.

375 465 395 488 «
420 447 586 489 Vovete
603 480 613 499 ,
629 454 672 488 et
696 444 864 489 reddite
886 446 1071 491 Domino
1089 450 1178 491 Deo
1195 456 1359 491 nostro.
1386 466 1407 489 1»
1425 447 1618 508 Quisque
1639 446 1761 507 quod

371 531 528 560 vovere
559 515 747 559 voluerit
769 526 925 560 voveat
950 536 959 561 ;
985 516 1095 561 illud
1123 515 1347 572 attendat,
1373 527 1423 561 ut
1454 517 1575 578 quod
1594 517 1762 562 voverit

370 586 539 631 reddat.
568 587 876 647 Unusquisque
899 591 988 632 Deo
1006 588 1127 648 quod
1146 598 1302 642 vovet,
1327 590 1361 633 si
1394 589 1564 646 respicit
1597 599 1760 633 retror-

370 673 488 712 sum,
515 657 680 701 malum
696 667 773 702 est.
794 658 946 702 Nescio
968 675 1066 719 quae
1089 658 1395 703 castimonialis
1410 660 1576 703 nubere
1592 659 1758 705 voluit:

369 728 477 788 quid
498 728 668 772 voluit?
696 727 826 781 Quod
848 737 891 772 et
909 729 1032 788 virgo
1055 729 1275 790 quaelibet.
1304 730 1420 783 Quid
1449 730 1612 775 voluit?
1632 730 1762 783 Quod

369 808 413 843 et
435 808 572 842 mater
593 799 739 858 ipsius.
772 798 951 858 Aliquid
969 799 1071 844 mali
1093 799 1266 844 voluit?
1299 800 1403 845 Mali
1425 801 1568 860 plane.
1594 803 1762 854 Quare?

370 869 481 922 Quia
498 870 589 929 jam
620 879 797 913 voverat
831 871 1018 914 Domino
1041 873 1130 915 Deo
1158 886 1250 915 suo.
1275 870 1391 924 Quid
1424 871 1539 915 enim
1567 871 1675 915 dixit
1707 870 1761 914 de

369 940 530 984 talibus
567 939 788 999 apostolus
824 941 1015 985 Paulus?
1037 944 1149 987 Cum
1173 942 1289 986 dicat
1312 942 1466 986 viduas
1509 941 1761 987 adolescen-

369 1010 482 1055 tulas
496 1011 663 1055 nubere
675 1011 708 1055 si
723 1011 858 1056 velint
871 1014 882 1036 ¹
903 1032 911 1057 z
932 1012 1005 1057 sed
1020 1022 1166 1057 tamen
1184 1012 1243 1056 ait
1259 1013 1451 1073 quodam
1473 1012 1571 1057 loco
1587 1048 1597 1068 ,
1623 1032 1642 1054 α
1661 1015 1761 1057 Bea-

372 1100 392 1124 »
429 1082 512 1126 tior
545 1091 691 1126 autem
725 1083 827 1137 erit,
864 1083 895 1127 si
926 1083 984 1127 sic
1016 1084 1301 1143 permanserit
1338 1082 1581 1127 secundum
1615 1098 1761 1126 meum

372 1170 393 1194 »
429 1152 704 1196 consilium2.
732 1171 752 1193 n
779 1152 977 1197 Ostendit
1009 1153 1269 1208 beatiorem,
1300 1154 1334 1198 si
1364 1154 1421 1197 sic
1452 1154 1758 1213 permanserit3

371 1238 462 1267 non
484 1232 631 1267 tamen
655 1222 970 1279 damnandam,
998 1223 1032 1268 si
1055 1225 1223 1268 nubere
1241 1223 1443 1269 voluerit.
1472 1222 1588 1276 Quid
1615 1233 1760 1267 autem

369 1293 428 1337 ait
457 1293 512 1336 de
545 1292 809 1353 quibusdam
837 1310 938 1354 quae
968 1303 1207 1350 voverunt,
1243 1303 1287 1338 et
1320 1310 1410 1338 non
1445 1292 1762 1337 reddiderunt?

373 1382 393 1405 «
429 1363 649 1408 Habentes
670 1398 681 1418 ‚
708 1364 875 1424 inquit,
902 1365 1252 1419 damnationem,
1276 1365 1379 1425 quia
1410 1365 1595 1423 primam
1630 1362 1761 1407 fidem

371 1452 391 1474 >›
426 1434 592 1477 irritam
615 1434 856 1479 feceruntss.
885 1453 905 1476 >›
933 1434 1049 1488 Quid
1071 1444 1156 1490 est,
1186 1454 1203 1475 «
1230 1435 1418 1479 Primam
1443 1434 1576 1478 fidem
1597 1433 1763 1477 irritam

373 1524 391 1544 »
426 1504 650 1549 fecerunt?
680 1522 700 1545 »
722 1506 950 1549 Voverunt
967 1541 977 1560 ,
1003 1514 1046 1549 et
1068 1521 1158 1549 non
1180 1504 1480 1548 reddiderunt.
1500 1507 1638 1549 Nemo
1661 1518 1762 1562 ergo

367 1574 532 1633 positus
549 1575 594 1617 in
611 1575 872 1618 monasterio
895 1573 1028 1616 frater
1049 1572 1166 1617 dicat
1183 1572 1380 1617 :Recedo
1396 1572 1450 1617 de
1468 1574 1731 1631 monasterio
1747 1609 1758 1627 ,

368 1660 512 1704 neque
534 1644 650 1687 enim
675 1643 754 1687 soli
776 1643 853 1702 qui
883 1652 986 1686 sunt
1018 1643 1064 1686 in
1091 1644 1353 1687 monasterio
1377 1644 1627 1702 perventuri
1659 1653 1763 1688 sunt

367 1714 421 1759 ad
436 1730 618 1774 regnum
632 1714 860 1769 coelorum,
875 1714 993 1758 etilli
1007 1715 1083 1774 qui
1097 1715 1178 1758 sibi
1201 1730 1291 1759 non
1310 1723 1411 1758 sunt
1432 1714 1488 1758 ad
1511 1718 1647 1759 Deum
1672 1730 1762 1759 non

366 1786 602 1845 pertinent.
616 1784 922 1844 Respondetur
933 1785 972 1828 ei
987 1805 995 1829 :
1011 1784 1094 1830 Sed
1106 1784 1168 1828 illi
1183 1801 1271 1829 non
1284 1793 1515 1839 voverunt,
1527 1794 1575 1828 tu
1588 1785 1759 1837 vovisti,

367 1866 416 1900 tu
439 1866 554 1901 retro
569 1856 804 1916 respexisti.
831 1861 888 1899 De
910 1856 979 1899 die
994 1854 1146 1915 judicii
1160 1871 1261 1899 cum
1282 1856 1489 1899 Dominus
1504 1856 1757 1909 minaretur,

368 1926 477 1987 quid
498 1927 588 1971 ait?
609 1946 626 1967 «
645 1930 912 1971 Mementote
927 1927 1073 1971 uxoris
1088 1927 1213 1970 Lot4.
1241 1946 1257 1967 »
1274 1925 1488 1970 Omnibus
1502 1924 1626 1969 dixit.
1643 1926 1762 1979 Quid

368 1999 483 2041 enim
505 1997 604 2041 fecit
620 2013 728 2041 uxor
750 1999 857 2041 Lot?
882 1996 1080 2040 Liberata
1103 2005 1167 2040 est
1189 2012 1212 2040 a
1231 1996 1427 2041 Sodomis
1441 2031 1451 2050 ,
1473 2005 1516 2039 et
1538 1996 1582 2039 in
1596 1996 1665 2040 via
1681 2011 1762 2055 po-

368 2068 447 2112 sita
470 2077 706 2112 retrorsum
729 2068 930 2127 respexit.
968 2067 1052 2111 Ubi
1074 2068 1259 2127 respexit
1275 2103 1286 2122 ,
1313 2067 1374 2110 ibi
1390 2066 1609 2110 ramansit.
1629 2070 1762 2111 Facta

368 2148 430 2182 est
452 2148 597 2182 autem
615 2147 756 2182 statua
774 2138 895 2181 salis⁵
913 2173 924 2193 ,
950 2146 999 2181 ut
1020 2137 1134 2181 illius
1161 2137 1528 2197 contemplatione
1551 2136 1761 2181 condian—

367 2219 439 2254 tur
458 2210 677 2260 homine53
703 2225 777 2253 cor
797 2209 1018 2264 habeant,
1046 2225 1135 2253 non
1158 2210 1243 2253 sint
1265 2208 1397 2263 fatui,
1429 2224 1519 2252 non
1541 2218 1656 2253 retro
1672 2224 1762 2253 res-

367 2281 530 2339 piciant
545 2315 556 2331 ‚
581 2295 635 2323 ne
657 2279 822 2323 malum
840 2279 1088 2338 exemplum
1111 2279 1261 2324 dantes
1276 2315 1286 2335 ,
1318 2280 1398 2339 ipsi
1418 2288 1671 2324 remaneant
1686 2315 1696 2334 ,
1718 2289 1762 2324 et

369 2350 472 2395 alios
511 2349 732 2394 condiant.
772 2352 878 2394 Nam
907 2359 950 2393 et
972 2349 1102 2394 modo
1140 2351 1324 2394 dicimus
1355 2349 1466 2394 illud
1497 2348 1761 2410 quibusdam

369 2420 574 2464 fratribus
598 2420 752 2464 nostris
769 2455 779 2474 ,
800 2436 909 2479 quos
926 2419 1038 2464 forte
1061 2419 1298 2464 viderimus
1327 2419 1448 2464 velut
1468 2420 1678 2464 infirmari
1714 2421 1760 2464 in

416 2523 424 2539 ¹
444 2528 456 2548 1
477 2517 557 2548 Tim.
577 2527 611 2557 v,
636 2515 762 2558 rip—2
783 2528 795 2548 1
822 2518 897 2550 Cor.
919 2526 974 2556 vn,
994 2514 1048 2557 40.
1067 2513 1133 2539 -3
1156 2527 1167 2547 1
1185 2515 1264 2548 Tim.
1286 2527 1318 2557 v,
1347 2524 1398 2547 12.
1418 2513 1488 2545 -4
1513 2517 1589 2547 Luc.
1607 2514 1752 2555 xvn,32.

371 2589 412 2595 —
431 2569 444 2594 5
464 2573 546 2604 Gen.
577 2583 642 2613 xix,
662 2572 718 2604 26.
