1889 3285
418 252 730 281 ERARRATH›1h
767 253 1128 282 PsALMUM.Lxxu.
1373 241 1453 280 433

84 425 1282 443 mmmm-vutzwuummwvmvmmmflmvmwwzxmvmmm
1288 426 1456 442 WUVWBM

587 557 967 632 ENARRATio

443 703 502 743 IN
547 705 851 746 PSALMUM
908 705 1102 744 Lxxu.

544 868 693 913 Sermo
714 867 771 912 ad
789 866 963 928 plebem
978 871 1008 912 ²,

145 1027 180 1068 Ι.
200 1026 395 1079 ΑυοῐΤΕ,
421 1023 567 1068 audite
585 1024 859 1069 dilectissima
886 1025 1049 1068 viscera
1070 1023 1261 1082 corporis
1282 1023 1464 1078 Christi,

88 1109 275 1155 quorum
291 1109 385 1153 spes
407 1094 615 1139 Dominus
633 1098 746 1139 Deus
768 1104 908 1138 vester
920 1103 983 1137 est
997 1128 1008 1148 ,
1034 1103 1076 1136 et
1093 1108 1182 1137 non
1197 1093 1404 1152 respicitis
1427 1093 1473 1137 in

88 1166 297 1210 vanitates
320 1174 362 1208 et
379 1165 565 1209 insanias
588 1165 846 1208 mendaces²
873 1184 881 1208 :
905 1173 947 1208 et
964 1164 1040 1224 qui
1063 1163 1205 1209 adhuc
1236 1164 1442 1224 respicitis
1458 1199 1469 1218 ‚

89 1235 235 1280 audite
258 1250 313 1279 ne
335 1235 584 1294 respiciatis.
617 1234 811 1279 Psalmus
845 1235 924 1278 iste
955 1235 1278 1293 inscriptionem
1315 1235 1474 1290 hahet,

89 1306 136 1350 id
156 1315 234 1360 est,
260 1303 455 1359 titulum,
476 1324 496 1346 «
515 1304 943 1361 Defecerunthymni
965 1305 1099 1348 David
1117 1340 1127 1359 ‚
1152 1304 1229 1348 filii
1247 1307 1361 1348 Jesse
1382 1307 1444 1361 (2)
1460 1297 1482 1345 z*

92 1395 113 1419 ³>
148 1375 344 1421 Psalmus
365 1375 446 1434 ipsi
467 1376 613 1434 Asaph
627 1378 659 1419 3.
683 1394 702 1416 »
732 1378 813 1419 Tot
828 1375 1039 1419 habemus
1062 1376 1253 1420 Psalmos
1269 1411 1279 1431 ‚
1302 1377 1348 1419 in
1362 1391 1475 1436 quo-

90 1463 188 1492 rum
206 1446 342 1491 titulis
365 1445 576 1504 scriptum
598 1454 662 1489 est
683 1461 844 1489 nomen
866 1446 1025 1500 David,
1055 1462 1272 1506 nusquam
1302 1456 1366 1490 est
1397 1446 1477 1490 ad-

91 1518 249 1572 ditum,
279 1536 299 1559 «
323 1516 422 1560 Fiiii
444 1519 561 1560 Jesse
579 1551 590 1571 ‚
615 1534 636 1557 »
663 1517 742 1560 nisi
764 1516 809 1559 in
824 1517 908 1560 hoc
932 1517 1038 1560 solo.
1063 1517 1193 1570 Quod
1209 1516 1478 1561 credendum

91 1598 156 1632 est
193 1602 282 1631 non
316 1586 473 1630 frustra
496 1585 659 1630 factum
675 1621 686 1641 ,
726 1602 870 1646 neque
907 1586 1108 1630 inaniter.
1154 1587 1325 1647 Ubique
1362 1589 1480 1630 enim

93 1657 218 1702 nobis
240 1657 384 1700 innuit
407 1659 518 1700 Deus
535 1691 545 1710 ,
572 1665 615 1699 et
632 1655 686 1698 ad
708 1655 980 1700 intellectum
999 1665 1126 1700 vocat
1146 1657 1264 1715 pium
1286 1657 1478 1700 studium

93 1726 325 1771 charitatis.
346 1724 459 1777 Quid
474 1734 552 1779 est,
571 1744 591 1766 «
608 1724 870 1785 Defecerunt
881 1725 1032 1782 hymni
1047 1726 1201 1780 David,
1220 1725 1297 1769 filii
1310 1729 1476 1770 Jesse‘?»

95 1795 259 1854 Hymni
280 1794 430 1838 laudes
453 1802 555 1837 sunt
576 1793 649 1836 Dei
671 1809 773 1836 cum
801 1794 971 1838 cantico
997 1814 1006 1838 ε
1034 1796 1186 1852 hymni
1208 1805 1360 1840 cantus
1381 1806 1483 1841 sunt

95 1866 366 1912 continentes
386 1863 563 1908 laudem
585 1863 679 1907 Dei.
709 1864 752 1908 Si
774 1864 829 1908 sit
861 1864 976 1920 laus,
1002 1874 1045 1909 et
1066 1881 1155 1909 non
1184 1865 1238 1910 sit
1264 1867 1366 1921 Dei,
1392 1883 1482 1930 non

96 1945 159 1981 est
171 1937 361 1994 hymnus
385 1954 394 1980 ς
417 1935 451 1979 si
470 1934 524 1978 sit
541 1933 635 1977 laus
652 1969 662 1988 ,
687 1942 731 1977 et
744 1934 821 1977 Dei
839 1934 932 1978 laus
949 1970 959 1989 ‚
976 1944 1018 1978 et
1035 1951 1124 1979 non
1143 1945 1342 1980 cantetur
1357 1972 1367 1991 ‚
1389 1952 1478 1981 non

96 2016 161 2052 est
180 2008 386 2064 hymnus.
411 2007 596 2065 Oportet
616 2020 719 2063 ergo
742 2013 812 2060 ut,
834 2004 867 2048 si
889 2005 942 2049 sit
963 2006 1153 2063 hymnus
1169 2041 1180 2061 ‚
1209 2006 1368 2051 habeat
1383 2008 1478 2051 haec

96 2078 204 2122 tria:
245 2086 289 2121 et
309 2075 484 2120 laudem
504 2110 516 2131 ‚
554 2083 597 2119 et
629 2075 732 2129 Dei,
768 2078 812 2119 e‘t
841 2076 1074 2120 canticum.
1113 2076 1229 2130 Quid
1251 2086 1315 2121 est
1344 2093 1444 2135 ergo
1464 2113 1475 2134 ,

102 2167 123 2191 «
155 2145 418 2193 Defecerunt
438 2146 620 2203 hymni?
645 2163 665 2186 n
687 2144 949 2190 Defecerunt
964 2146 1114 2190 laudes
1130 2162 1229 2206 quae
1249 2158 1481 2193 cantantur

98 2217 144 2261 in
160 2221 314 2279 Deum.
335 2216 562 2261 Molestam
584 2231 675 2259 rem
698 2225 740 2259 et
761 2216 883 2275 quasi
906 2215 1149 2261 luctuosam
1170 2218 1342 2262 videtur
1363 2235 1479 2263 nun-

46 2320 50 2323 .
99 2288 219 2332 tiare.
241 2287 327 2340 Qui
353 2287 469 2330 enim
493 2294 638 2330 cantat
658 2284 833 2329 laudem
853 2321 864 2340 ‚
899 2302 988 2330 non
1019 2286 1160 2331 solum
1190 2286 1362 2344 laudat,
1404 2289 1479 2333 sed

101 2358 232 2402 etiam
258 2356 451 2401 hilariter
481 2355 663 2402 laudat:
695 2355 772 2415 qui
799 2364 942 2401 cantat
975 2355 1147 2400 laudem
1167 2392 1178 2412 ‚
1217 2374 1304 2402 non
1338 2359 1479 2403 solum

151 2469 161 2488 ¹
183 2462 242 2495 Hic
259 2464 369 2495 Sermo
387 2462 427 2494 ad
443 2462 584 2505 plebem,
603 2461 730 2494 habitus
746 2460 831 2494 forte
848 2472 929 2494 anno
945 2460 1023 2504 411,
1042 2463 1073 2494 in
1091 2463 1251 2505 pervigilio
1269 2466 1300 2495 S.
1329 2464 1477 2506 Cypriani

104 2529 143 2552 ex
174 2519 272 2560 Epist.
296 2529 352 2550 cxi.
379 2518 420 2550 ad
437 2520 633 2550 Honoratum
653 2529 682 2550 c.
715 2529 748 2558 v,
774 2528 805 2549 n.
838 2517 887 2549 13.
922 2534 963 2541 —
990 2525 1003 2541 ²
1023 2519 1101 2550 Psal.
1123 2530 1242 2560 xxxa,
1273 2519 1303 2551 5.
1325 2535 1365 2542 —-
1387 2519 1399 2542 3
1423 2521 1471 2553 Id.

105 2585 208 2614 mm,
230 2585 258 2605 1.

265 2636 386 2667 cxvl.
606 2661 610 2664 .
1248 2630 1297 2664 28
