1889 3285
216 287 456 317 imitanum
488 289 520 316 11
552 289 598 316 m
629 286 832 317 PsALMUM
863 289 1030 326 vam,
1063 285 1202 314 SERMO
1233 286 1282 312 11.
1347 270 1431 311 345

53 364 145 400 erat
160 389 171 410 ,
193 355 296 414 quia
316 344 538 398 hominem
558 355 726 413 justum
748 354 1002 400 occiderunt
1023 371 1032 398 ;
1057 350 1204 396 addita
1234 358 1299 394 est
1320 348 1402 393 alia
1417 383 1429 405 ,

53 426 157 486 quia
177 424 338 470 Filium
366 425 443 469 Dei
465 424 787 470 crucifixerunt.
820 425 977 471 Saevire
1008 424 1202 483 ipsorum
1223 429 1434 480 tanquam

52 497 99 541 in
131 495 354 540 hominem
383 493 467 538 fuit
491 514 500 539 ε
529 513 546 535 «
577 495 660 540 Sed
684 496 718 540 si
735 497 1058 554 cognovissent,
1086 505 1313 550 nunquam
1344 493 1434 534 Do-

57 585 76 608 »
110 565 279 609 minum
302 564 448 623 gloriae
469 564 777 609 crucifixissent
792 568 821 608 ¹.
850 585 867 606 »
894 563 963 608 Illi
990 561 1218 621 iniquitate
1241 575 1315 604 sua
1337 569 1435 604 tan-

53 651 187 696 quam
227 634 448 679 hominem
487 634 683 679 occidere
716 635 949 680 voluerunt
982 649 991 675 z
1032 630 1227 691 apposita
1256 638 1319 673 est
1350 630 1435 672 ini-

53 707 196 767 quitas
227 720 355 764 super
375 705 651 764 iniquitatem
681 706 874 765 ipsorum
891 739 902 759 ,
933 713 983 748 ut
1011 701 1171 746 Filium
1194 700 1272 744 Dei
1293 699 1436 743 cruci-

54 777 249 834 figerent.
281 775 386 828 Quis
407 775 520 818 hane
539 776 813 834 iniquitatem
837 773 1061 834 apposuit?
1084 771 1162 815 Ille
1193 770 1270 830 qui
1290 768 1399 812 dixit
1424 788 1433 813 :

55 849 187 891 Forte
231 847 547 891 reverebuntur
589 848 748 892 Filium
782 862 951 901 meum,
991 846 1131 905 ipsum
1168 843 1386 887 mittam2.
1417 861 1435 883 2>

52 916 265 972 ,Solebant
298 918 412 962 enim
445 917 640 962 occidere
672 919 818 963 missos
852 918 907 962 ad
939 932 982 961 se
1014 930 1155 960 servos
1174 949 1185 969 ,
1221 922 1438 957 exactores

52 988 279 1034 locationis
302 998 433 1049 atque
454 989 678 1033 mercedis.
704 989 820 1035 Misit
846 990 989 1048 ipsum
1017 985 1202 1040 Filium,
1226 993 1277 1028 ut
1305 993 1349 1028 et
1372 984 1439 1042 ip-

53 1074 150 1103 sum
182 1058 442 1103 occiderent.
469 1060 683 1119 Apposuit
708 1058 983 1119 iniquitatem
1009 1071 1138 1116 super
1166 1054 1440 1114 iniquitatem

54 1129 261 1188 ipsorum.
289 1131 346 1173 Et
360 1129 455 1172 haec
473 1132 585 1173 Deus
601 1128 818 1173 saeviendo
840 1127 944 1173 fecit
960 1162 971 1182 ,
999 1142 1055 1171 an
1075 1125 1218 1185 potius
1234 1125 1350 1184 juste
1372 1138 1442 1167 re-

56 1197 320 1242 tribuendo?
342 1217 359 1238 «
390 1198 486 1242 Fiat
507 1199 622 1242 enim
644 1198 748 1253 illis,
776 1198 921 1258 inquit
937 1233 948 1252 ,
983 1198 1028 1240 in
1049 1195 1379 1239 retributionem
1401 1202 1446 1237 et

61 1288 78 1309 »
113 1268 159 1319 in
186 1266 453 1312 scandalum<
485 1288 503 1308 »
536 1268 681 1312 Meriti
708 1276 832 1311 erant
863 1267 920 1311 sic
950 1265 1175 1319 excaecari,
1209 1273 1259 1308 ut
1280 1263 1441 1306 Filium

0 1393 6 1400 ¹
55 1337 134 1382 Dei
154 1352 243 1381 non
265 1346 561 1395 agnoscerent.
582 1340 639 1381 Et
657 1338 741 1381 hoe
763 1337 866 1381 fecit
888 1340 1019 1388 Deus,
1039 1349 1261 1394 apponens
1282 1333 1443 1393 iniqui-

2 1402 15 1471 'J
57 1416 190 1452 tatem
221 1422 350 1466 super
372 1408 645 1468 iniquitatem
674 1408 890 1467 ipsorum,
920 1422 1010 1451 non
1032 1402 1330 1458 vulnerando,
1367 1401 1442 1447 sed

3 1473 17 1539 J
56 1492 148 1521 non
168 1477 376 1521 sanando.
405 1477 632 1530 Quomodo
657 1478 772 1521 enim
794 1492 924 1535 auges
950 1475 1117 1519 febrem
1134 1510 1144 1530 ,
1170 1489 1300 1532 auges
1324 1488 1443 1517 mor-

57 1548 188 1602 bum,
213 1562 302 1591 non
320 1548 523 1591 morbum
547 1547 813 1602 adhibendo,
838 1546 915 1590 sed
936 1561 1026 1589 non
1049 1542 1342 1589 succurrendo
1360 1562 1369 1588 z
1385 1543 1444 1587 sic

57 1617 161 1677 quia
182 1616 288 1661 tales
309 1615 490 1661 fuerunt
512 1626 561 1661 ut
582 1617 724 1661 curari
745 1632 836 1661 non
857 1624 1144 1669 mererentur,
1169 1614 1216 1656 in
1239 1614 1330 1672 ipsa
1351 1628 1446 1656 ma-

57 1687 150 1732 litia
168 1687 360 1748 quodam
382 1688 514 1732 modo
532 1687 812 1747 profecerunt
829 1722 839 1741 ,
865 1687 976 1730 sicut
997 1687 1164 1732 dictum
1188 1693 1251 1728 est
1269 1703 1277 1728 ε
1303 1702 1320 1724 «
1341 1683 1446 1728 Mali

64 1779 82 1800 »
118 1768 264 1802 autem
286 1767 330 1802 et
350 1758 580 1803 facinorosi
602 1759 839 1818 proficiunt
864 1758 911 1800 in
930 1757 1054 1816 pejus
1069 1758 1084 1782 3
1108 1775 1117 1800 ;
1144 1776 1161 1797 »
1187 1765 1230 1799 et
1252 1755 1446 1814 apposita

2 1889 4 1892 y
59 1838 121 1873 est
137 1828 344 1888 iniquitas
363 1844 492 1888 super
513 1829 785 1888 iniquitatem
808 1828 1015 1887 ipsorum.
1047 1844 1065 1866 «
1091 1828 1148 1870 Et
1169 1840 1258 1869 non
1279 1825 1444 1868 intrent

65 1919 85 1942 »
118 1900 164 1942 in
179 1899 348 1959 justitia
372 1908 460 1943 tua.
492 1920 507 1939 »
537 1901 628 1943 Hoc
645 1898 827 1958 planum
843 1906 920 1950 est.

118 1971 243 2012 XIII.
275 1988 295 2008 .«
326 1967 562 2012 Deleantur
597 1968 651 2012 de
682 1967 794 2012 libro
827 1966 1115 2011 viventium4.
1147 1985 1164 2006 »
1199 1963 1447 2024 Aliquando

62 2038 179 2081 enim
201 2037 288 2082 illic
314 2038 460 2097 scripti
482 2039 632 2081 erant?
660 2041 831 2081 Fratres
847 2071 857 2091 ,
883 2051 973 2080 non
998 2035 1056 2079 sic
1085 2034 1277 2093 accipere
1309 2033 1446 2077 debe-

63 2124 174 2163 mus,
200 2109 406 2168 quoniam
430 2124 694 2169 quemquam
716 2111 830 2152 Deus
853 2106 1013 2151 scribat
1037 2106 1083 2148 in
1113 2105 1224 2149 libro
1252 2105 1376 2159 vitae,
1406 2113 1449 2148 et

64 2178 208 2223 deleat
236 2178 377 2223 illum.
411 2181 452 2224 Si
473 2180 604 2223 homo
637 2178 745 2222 dixit
770 2197 778 2223 :
813 2197 830 2218 «
857 2176 985 2230 Quod
1020 2176 1188 2235 scripsi,
1220 2175 1395 2234 scripsi,
1425 2195 1443 2216 »

65 2251 120 2294 de
147 2249 276 2293 titulo
308 2249 384 2293 ubi
411 2250 622 2308 scriptum
653 2258 763 2303 erat,
796 2268 812 2288 «
836 2252 926 2292 Rex
949 2250 974 2291 J
978 2246 1232 2291 udaeorum⁵
1257 2265 1265 2290 :
1297 2266 1314 2287 »
1334 2249 1448 2289 Deus

65 2335 332 2380 quemquam
352 2320 501 2364 scribit
529 2329 572 2363 et
593 2319 740 2363 delet?
772 2318 978 2362 Praescius
1000 2326 1063 2361 est
1080 2352 1091 2371 ,
1130 2316 1451 2375 praedestinavit

66 2405 214 2436 omnes
239 2399 338 2434 ante
359 2390 713 2434 constitutionem
734 2389 887 2432 mundi
919 2397 1171 2447 regnaturos
1204 2401 1305 2430 cum
1339 2385 1450 2429 Filio

67 2476 144 2506 suo
175 2461 223 2504 in
247 2460 334 2505 vita
357 2461 562 2503 aeternafi.
595 2462 684 2504 Hos
711 2459 995 2518 conscripsit,
1030 2458 1144 2517 ipsos
1174 2455 1368 2501 continet
1398 2453 1453 2497 li·-

119 2563 129 2579 ¹
148 2568 161 2589 1
180 2558 251 2589 Cor.
272 2568 311 2597 11,
331 2556 363 2588 8.
379 2572 420 2578 --
432 2555 650 2597 ²Matth.xx1‚
662 2555 715 2597 37.
734 2572 776 2578 -
790 2553 803 2578 3
822 2564 840 2587 2
861 2555 941 2587 Tim.
957 2565 1004 2595 ιιι,
1020 2553 1070 2586 13.
1083 2551 1148 2583 —4
1168 2551 1247 2584 Psal.
1263 2560 1375 2591 vam,
1389 2558 1445 2590 29.

70 2630 111 2637 —-
129 2612 143 2636 5
161 2616 252 2646 Joan.
274 2623 341 2654 xxx,
360 2620 414 2645 22.
436 2629 476 2634 —
503 2610 518 2634 ⁶
540 2614 629 2644 Rom.
654 2623 729 2652 vm,
754 2620 809 2653 29.
