1889 3285
394 214 479 254 492
819 224 853 252 s.
890 224 1120 252 AUGUSTINI
1152 225 1334 252 EPISCOPI

395 309 414 332 »
451 289 593 334 omnia
615 288 828 333 mirabilia
860 297 949 332 tua.
970 306 990 329 n
1016 288 1246 333 Confessus
1275 288 1510 333 exinanivit
1543 303 1587 333 se
1613 288 1735 333 malis
1759 325 1770 344 ‚

390 362 596 404 invocans
626 359 822 419 implevit
853 374 897 403 se
929 359 1076 417 bonis;
1114 374 1315 403 enarrans
1351 360 1561 404 eructavit
1597 375 1686 420 quo
1730 374 1775 403 se

387 431 826 491 implevit.Etvidete‚
848 429 1016 484 fratres,
1028 445 1130 475 cum
1138 431 1463 484 confiterentur,
1478 430 1605 475 multi
1622 440 1745 475 erant
1760 447 1773 475 .·

394 521 415 544 «
447 502 766 547 Confitebimur
788 502 896 556 tibi,
921 504 1034 545 Deus
1053 537 1064 556 ‚
1090 501 1397 545 confitebimur
1419 501 1520 557 tibi,
1541 511 1585 546 et
1600 501 1777 546 invoca-

394 591 412 614 »
446 572 588 616 bimus
610 587 771 616 nomen
792 581 933 616 tuum.
953 571 1127 616 »Multa
1149 572 1265 616 enim
1290 580 1392 616 sunt
1413 572 1545 616 corda
1566 570 1785 617 confitem

390 643 499 687 tium
515 678 525 698 ‚
564 658 702 686 unum
735 642 1022 686 credentium.
1042 647 1182 695 Quare
1204 642 1341 686 multa
1363 651 1464 687 sunt
1485 642 1616 687 corda
1637 643 1777 688 confi-

388 714 591 769 tentium,
614 729 750 757 unum
769 713 1038 757 credentium
1049 714 1248 758 PDiversa
1264 713 1378 757 enim
1392 723 1568 773 peccata
1581 713 1779 757 homines

385 786 665 840 confitentur⁷
688 800 819 829 unam
843 785 976 829 fidem
997 784 1197 829 credunt.
1224 788 1322 828 Jam
1343 800 1444 842 ergo
1466 800 1569 829 cum
1588 785 1778 844 coeperit

385 857 580 902 Christus
604 857 799 901 habitare
817 857 863 901 in
886 857 1089 901 interiore
1102 857 1277 901 homine
1290 872 1368 916 per
1388 856 1558 911 fideml,
1579 857 1779 916 coeperit-

385 943 472 987 que
507 928 730 972 invocatus
768 927 987 987 possidere
1027 927 1274 972 confessum
1296 948 1307 985 3
1345 928 1395 970 fit
1432 936 1549 971 totus
1581 926 1778 971 Christus

386 1009 522 1059 caput
552 1009 596 1044 et
632 1015 814 1060 corpus,
847 1009 890 1044 et
921 1015 972 1044 ex
997 999 1146 1044 multis
1177 1015 1306 1044 unus.
1338 999 1500 1044 Audite
1524 1000 1614 1058 jam
1646 997 1778 1041 verba

386 1069 560 1115 Christi.
586 1073 696 1116 Nam
719 1071 842 1131 quasi
866 1086 955 1115 non
969 1072 1060 1130 ejus
1081 1070 1215 1115 verba
1235 1069 1500 1114 videbantur
1522 1089 1531 1113 ς
1552 1068 1779 1113 «Confite-

390 1160 409 1182 »
448 1140 593 1184 bimur
620 1141 722 1195 tibi,
755 1145 892 1195 Deus,
928 1141 1238 1186 confitebimur
1265 1141 1370 1196 tibi,
1408 1149 1451 1184 et
1480 1139 1780 1184 invocabimus

385 1225 548 1254 nomen
574 1219 702 1255 tuum
715 1214 747 1254 2.
778 1229 799 1252 »
834 1214 929 1255 Jam
962 1211 1115 1270 incipit
1153 1226 1205 1255 ex
1239 1226 1425 1270 persona
1446 1211 1596 1270 capitis
1619 1225 1775 1254 sermo.

389 1282 488 1326 Sive
511 1290 656 1325 autem
670 1290 802 1341 caput
812 1280 1035 1341 loquatur,
1053 1281 1141 1325 sive
1155 1281 1353 1325 membra
1367 1282 1622 1341 loquantur,
1636 1280 1781 1325 Chris-

375 1361 456 1396 tus
476 1351 674 1411 loquitur
701 1371 709 1395 :
733 1351 931 1411 loquitur
952 1367 1002 1395 ex
1019 1367 1203 1411 persona
1224 1352 1388 1412 capitis,
1405 1352 1601 1412 loquitur
1615 1367 1667 1395 ex
1685 1366 1781 1410 per-

386 1438 490 1468 sona
512 1422 720 1482 corporis.
749 1422 834 1467 Sed
855 1422 965 1482 quid
987 1422 1155 1467 dictum
1172 1425 1262 1467 est?
1279 1426 1458 1468 «Erunt
1478 1422 1567 1467 duo
1588 1423 1634 1467 in
1650 1436 1779 1471 carne

392 1513 409 1535 »
444 1508 548 1537 una.
583 1495 913 1537 Sacramentum
952 1494 1036 1537 hoc
1069 1509 1279 1552 magnum
1321 1503 1385 1538 est
1411 1513 1420 1538 z
1445 1497 1538 1552 Ego
1554 1529 1565 1549 ‚
1606 1493 1776 1553 inquit,

392 1583 410 1604 »
447 1562 546 1607 dico
568 1563 614 1605 in
633 1563 807 1606 Christo
829 1562 932 1606 etin
950 1562 1142 1606 Ecclesia
1157 1564 1189 1607 ³.
1216 1582 1233 1604 »
1260 1566 1316 1607 Et
1334 1565 1425 1623 ipse
1445 1563 1492 1607 in
1514 1562 1752 1627 Evangelio
1763 1570 1842 1635 «ἦν’

391 1652 409 1674 «
446 1633 585 1692 Igitur
600 1634 691 1692 jam
719 1649 810 1677 non
831 1632 920 1677 duo
935 1669 945 1687 ,
972 1632 1046 1677 sed
1059 1650 1147 1678 una
1169 1650 1269 1679 caro
1284 1636 1317 1678 4.
1341 1653 1360 1676 >›
1386 1638 1495 1679 Nam
1508 1643 1558 1677 ut
1575 1634 1780 1678 noveritis
1816 1628 1824 1638 ’

387 1704 462 1748 has
485 1703 592 1747 duas
608 1702 802 1762 quodam
827 1702 959 1747 modo
982 1718 1071 1747 esse
1092 1719 1296 1762 personas
1319 1713 1362 1748 et
1383 1720 1530 1748 rursus
1553 1719 1687 1748 unam
1702 1719 1778 1749 co-

386 1773 609 1833 pulatione
631 1773 850 1832 conjugii,
876 1782 1085 1833 tanquam
1101 1789 1215 1817 unus
1233 1773 1430 1834 loquitur
1447 1775 1564 1833 apud
1586 1777 1741 1818 Isa'l'am
1764 1808 1776 1829 ‚

387 1853 430 1888 et
452 1843 586 1887 dicit:
618 1862 638 1884 «
672 1843 792 1887 Sicut
829 1858 987 1901 sponso
1018 1842 1212 1902 alligavit
1233 1844 1341 1888 mihi
1370 1845 1573 1899 mitram,
1604 1851 1647 1887 et
1668 1844 1780 1888 sicut

392 1935 410 1956 »
446 1929 647 1973 sponsam
670 1912 815 1957 induit
836 1929 905 1957 me
925 1923 1184 1958 ornamento
1199 1916 1231 1958 ⁵.
1253 1933 1273 1955 ³)
1297 1917 1515 1974 Sponsum
1535 1929 1580 1958 se
1601 1913 1708 1957 dixit
1729 1928 1779 1957 ex

386 1986 550 2044 capite,
576 1999 778 2045 sponsam
801 1999 852 2027 ex
884 1999 1080 2043 corpore.
1108 1985 1322 2044 Loquitur
1343 2000 1446 2043 ergo
1468 1999 1604 2038 unus,
1626 1983 1779 2028 audia-

387 2072 483 2100 mus
503 2071 604 2099 eum
624 2091 634 2110 ‚
661 2056 766 2098 etin
789 2070 840 2098 6ο
862 2070 939 2098 nos
964 2070 1141 2114 quoque
1159 2054 1410 2114 loquamur.
1431 2055 1570 2099 Simus
1582 2055 1778 2099 membra

388 2128 501 2185 ejus,
528 2135 578 2170 ut
599 2126 692 2169 haec
714 2141 795 2169 vox
810 2134 852 2169 et
868 2134 1013 2169 nostra
1030 2139 1119 2167 esse
1135 2124 1282 2183 possit.
1309 2144 1325 2164 «
1346 2125 1593 2180 Enarrabo,
1614 2125 1774 2185 inquit,

391 2216 411 2239 »
447 2197 591 2241 omnia
613 2196 825 2240 mirabilia
848 2206 938 2240 tua.
968 2215 988 2237 »
1013 2195 1292 2253 Evangelizat
1314 2196 1509 2241 Christus
1532 2212 1575 2240 se
1605 2197 1744 2256 ipsum
1763 2232 1775 2252 ‚

388 2267 651 2325 evangelizat
674 2282 717 2310 se
738 2268 865 2310 etiam
888 2266 934 2310 in
955 2266 1161 2309 membris
1179 2267 1263 2310 suis
1280 2267 1370 2326 jam
1397 2266 1677 2311 existentibus
1691 2302 1701 2322 ,
1726 2276 1774 2311 ut

389 2348 433 2383 et
448 2337 551 2382 alios
566 2337 756 2381 adducat
776 2372 786 2392 ‚
813 2347 855 2381 et
869 2336 1077 2380 accedant
1099 2337 1174 2396 qui
1189 2352 1277 2381 non
1298 2346 1441 2391 erant,
1459 2346 1502 2380 et
1517 2337 1778 2397 copulentur

387 2408 592 2452 membris
601 2409 691 2468 ejus
703 2442 714 2462 ,
730 2422 808 2466 per
827 2422 926 2467 quae
943 2408 1138 2451 membra
1150 2409 1239 2468 ejus
1250 2408 1535 2467 praedicatum
1553 2417 1616 2452 est
1627 2411 1775 2453 Evan-

435 2511 444 2527 ¹
472 2504 590 2546 Ephes.
608 2515 658 2543 111,
678 2514 729 2546 17.
751 2520 793 2525 —
809 2509 821 2525 2
841 2502 918 2534 Psali
937 2513 1044 2543 Lxxiv,
1063 2511 1095 2535 2.
1115 2520 1156 2525 —
1173 2501 1185 2525 3
1203 2505 1282 2536 Gen.
1301 2514 1335 2544 11,
1354 2503 1388 2545 '2‚
1407 2509 1438 2535 et
1456 2503 1576 2545 Ephcs.
1600 2515 1634 2543 v,
1651 2504 1705 2544 31,
1720 2503 1771 2535 32.

392 2577 431 2582 —-
450 2558 466 2589 4
487 2559 601 2592 matth.
624 2570 692 2599 xlx,
711 2561 743 2591 6.
765 2575 806 2582 ·-·
825 2557 839 2580 5
857 2560 928 2590 lsai.
953 2569 1017 2597 1151,
1041 2569 1088 2590 10.
