1889 3285
400 226 483 266 264
810 238 843 264 s.
880 235 1106 264 ,mansum
1140 235 1322 263 Emscom

399 306 515 349 enim
533 304 608 363 qui
631 302 825 347 ascendit
841 318 970 361 snper
987 317 1186 346 occasum
1205 321 1213 345 :
1230 302 1316 346 sive
1332 300 1535 361 quianon
1549 314 1650 344 eum
1671 300 1783 344 exci-
1844 295 1845 302 ¹
1876 322 1889 337 a

398 375 462 433 pit
483 379 595 417 nova
616 374 703 417 vita
725 388 768 416 se
788 371 843 416 ad
862 388 962 416 eum
983 371 1296 426 convertentis,
1329 371 1411 414 nisi
1431 379 1556 414 vetus
1575 368 1783 415 occiderit

396 444 500 488 huie
523 442 682 488 sae'eulo
704 442 1019 498 renuntiantis3
1043 442 1130 485 sive
1152 441 1255 501 quia
1292 439 1486 485 aseendit
1507 455 1636 499 super
1656 455 1783 484 occa-
1884 456 1887 475 ἰ

397 529 494 559 sum
514 549 524 569 ‚
560 529 661 558 eum
685 511 953 571 resurgendo
989 512 1093 556 vicit
1114 512 1305 570 eorporis
1337 525 1499 555 casum.
1526 528 1546 552 «
1571 509 1783 554 Dominus

398 604 420 628 >›
456 586 571 629 enim
591 600 753 629 nomen
776 593 840 628 est
861 583 914 627 ei.
937 582 1067 636 Quod
1083 583 1145 626 illi
1162 583 1197 627 si
1220 583 1537 642 cognovissent,
1554 596 1784 641 nunquam
1844 578 1846 588 ’

399 674 420 697 »
455 656 692 700 Dominum
716 654 862 713 gloriae
884 653 1239 697 crucifixissent1.
1267 671 1288 693 »

453 729 529 770 VI.
565 745 586 768 «
610 724 811 769 Exultate
840 725 886 767 in
916 733 1155 783 conspeetu
1178 724 1284 783 ejus.
1314 741 1333 764 »
1355 725 1392 767 Ο
1413 738 1489 766 vos
1511 722 1668 783 quibus
1691 720 1786 766 dic-
1847 742 1850 781 ς

395 806 492 841 tum
520 805 605 849 est,
634 815 654 837 «
678 798 859 840 Cantate
885 797 1000 848 Deo,
1025 792 1382 853 psallitenomini
1404 794 1496 853 ejus
1514 826 1525 847 ‚
1556 793 1637 835 iter
1655 790 1785 836 facite
1845 827 1848 830 .
1879 804 1889 832 s

395 884 419 907 ³)
455 867 493 909 ei
520 866 596 925 qui
630 864 823 909 ascendit
857 880 987 923 super
1009 877 1210 908 occasum
1226 898 1237 918 ,
1263 882 1283 904 »
1306 863 1477 907 etiam«
1500 861 1707 907 Exultate
1738 861 1786 906 in
1847 902 1850 915 ἶ

398 956 418 978 »
455 947 690 997 conspeetu
709 937 829 997 ejns²
857 955 866 980 :
895 954 915 977 »
941 936 1063 996 quasi
1086 936 1243 990 tristes,
1267 954 1287 977 (t
1307 937 1485 994 Semper
1505 943 1653 978 autem
1675 948 1786 992 gau·
1849 926 1853 947 ³
1885 946 1888 948 ·

398 1027 419 1050 »
455 1009 608 1052 dentes
624 1010 657 1052 3.
685 1027 704 1048 >›
748 1011 863 1052 Dum
894 1007 1009 1051 enim
1035 1006 1174 1051 facitis
1205 1007 1286 1050 iter
1305 1006 1370 1061 ei,
1405 1005 1511 1049 dum
1534 1004 1787 1064 praeparatis
1850 1045 1851 1048 ,

397 1095 483 1139 qua
518 1079 665 1122 veniat
697 1087 933 1138 gentesque
962 1076 1204 1136 possideat,
1242 1075 1380 1120 multa
1410 1075 1573 1134 passuri
1605 1075 1704 1119 estis
1740 1074 1788 1118 in
1849 1067 1851 1090 ⁴

397 1158 633 1208 conspeetu
652 1149 881 1192 hominum
905 1148 1055 1192 tristia.
1081 1148 1167 1192 Sed
1183 1163 1258 1191 vos
1275 1162 1365 1191 non
1379 1145 1520 1190 solum
1534 1145 1668 1189 nolite
1683 1145 1788 1189 defi·
1848 1143 1849 1147 ’
1884 1143 1887 1147 ’

396 1234 514 1272 cere,
551 1219 626 1262 sed
651 1218 781 1263 etiam
814 1217 1025 1272 exultate,
1062 1232 1153 1261 non
1180 1217 1227 1260 in
1260 1225 1498 1275 conspectu
1524 1215 1784 1270 hominum,

398 1289 476 1333 sed
505 1290 550 1332 in
579 1297 814 1347 conspeetu
843 1288 937 1332 Dei.
980 1307 1000 1329 «
1028 1290 1111 1346 Spe
1141 1287 1405 1345 gaudentes,
1436 1287 1482 1329 in
1507 1285 1788 1329 tribulatione
1856 1336 1857 1340 Ἰ

399 1379 421 1401 »
456 1360 720 1404 tolerantes4
746 1378 755 1402 2
775 1358 981 1403 Exultate
1002 1358 1049 1400 in
1071 1365 1309 1416 conspectu
1330 1357 1438 1417 ejus.
1460 1374 1481 1397 »
1495 1354 1562 1399 llli
1583 1355 1697 1399 enim
1716 1355 1793 1415 qui
1817 1404 1822 1409 .
1852 1399 1858 1416 'f

401 1446 479 1475 vos
518 1430 566 1473 in
596 1438 833 1488 conspeetu
869 1428 1098 1471 hominum
1120 1426 1303 1471 turbant
1323 1461 1333 1481 ,
1370 1445 1391 1468 «
1418 1425 1734 1469 Turbabuntur
1767 1441 1792 1469 a
1852 1459 1853 1474 ,

402 1519 424 1542 »
458 1500 570 1543 faeie
592 1501 682 1558 ejus
699 1534 709 1553 ‚
736 1499 871 1542 Patris
894 1499 1191 1557 orphanorum
1211 1506 1256 1540 et
1278 1496 1438 1556 judicis
1459 1495 1692 1539 viduarum
1710 1496 1741 1538 ⁵.
1765 1513 1787 1536 »
1886 1511 1889 1537 ε

401 1569 618 1613 Desoiatos
641 1568 757 1611 enim
779 1576 936 1626 putant
952 1602 963 1621 ,
989 1583 1011 1610 a
1034 1567 1195 1626 quibus
1216 1565 1477 1625 plerumque
1502 1564 1645 1623 gladio
1669 1564 1792 1609 verbi
1852 1570 1861 1628 ᾖ

401 1641 475 1683 Dei
493 1649 536 1683 et
557 1648 756 1698 parentes
774 1655 796 1681 a
819 1638 931 1691 tiliis⁷
948 1646 991 1681 et
1012 1637 1156 1680 mariti
1178 1636 1232 1679 ab
1254 1635 1462 1680 uxoribus
1482 1632 1735 1695 separantur
1748 1637 1788 1680 ⁰:
1852 1669 1861 1692 z,

401 1712 473 1755 sed
497 1712 661 1754 habent
680 1708 1022 1754 consolationem
1043 1707 1240 1752 destituti
1259 1716 1391 1767 atque
1409 1706 1593 1762 viduati,
1618 1706 1792 1751 «Patris
1857 1708 1861 1728 ²

405 1800 426 1822 »
462 1782 757 1840 orphanorum
776 1788 819 1822 et
834 1778 994 1838 judicis
1018 1777 1273 1834 viduarum3
1297 1777 1461 1821 habent
1484 1778 1575 1836 ejus
1591 1775 1790 1821 consola-
1853 1773 1861 1826 ἡ

405 1852 568 1895 tionem
601 1851 675 1909 qui
698 1849 737 1892 ei
759 1848 912 1892 dieunt
940 1867 948 1891 :
973 1867 994 1889 (ι
1027 1847 1245 1900 Quoniam
1272 1856 1394 1906 pater
1427 1861 1548 1890 meus
1587 1855 1631 1890 et
1653 1856 1792 1891 mater
1854 1903 1855 1907 Ἰ

406 1940 427 1963 »
446 1937 541 1966 mea
562 1920 891 1980 dereliquerunt
906 1933 992 1972 me,
1012 1917 1217 1962 Dominus
1232 1927 1376 1961 autem
1393 1916 1622 1977 assumpsit
1634 1918 1748 1960 me7:
1765 1934 1786 1957 »

404 2001 449 2036 et
470 1991 546 2051 qui
566 1997 849 2050 speraverunt
865 1989 910 2031 in
931 1988 1132 2041 Domino,
1157 1988 1432 2047 persistentes
1455 1987 1500 2030 in
1522 1986 1792 2032 orationibus
1854 1984 1860 2034 ἶ,

406 2070 535 2105 nocte
559 2076 608 2104 ae
632 2059 726 2103 dieS
743 2078 765 2103 ⁷:
799 2075 822 2102 a
844 2059 965 2118 cujus
987 2056 1096 2101 faeie
1114 2056 1175 2100 illi
1199 2057 1517 2111 turbabuntur,
1543 2072 1644 2100 cum
1667 2055 1792 2100 vide-

405 2131 494 2174 rint
514 2145 558 2174 se
580 2128 689 2172 nihil
720 2129 930 2189 proficere
945 2162 957 2183 ‚
989 2127 1196 2187 quoniam
1217 2135 1334 2171 totus
1356 2126 1547 2176 mundus
1566 2135 1665 2186 post
1690 2141 1791 2170 eum

407 2200 517 2244 abiit
530 2201 545 2225 9
554 2234 564 2242 .
1856 2245 1861 2256 μ

466 2271 567 2313 VII.
587 2271 696 2313 Nam
719 2267 772 2311 de
793 2268 858 2312 his
875 2267 1077 2327 orphanis
1099 2275 1141 2309 et
1162 2267 1326 2322 viduis,
1351 2265 1397 2309 id
1429 2275 1493 2310 est
1508 2301 1519 2321 ‚
1545 2266 1634 2326 spei
1656 2281 1792 2310 saecu·
1856 2298 1857 2302 ,

406 2338 506 2383 laris
528 2338 732 2382 societate
749 2337 964 2381 destitutis
981 2372 992 2392 ‚
1015 2337 1225 2381 Dominus
1243 2336 1323 2380 sibi
1341 2335 1553 2395 templum
1578 2334 1760 2380 fabricat
1777 2355 1786 2380 :

456 2458 466 2474 ¹
491 2463 503 2482 1
521 2452 594 2483 Cor.
612 2462 650 2488 11,
669 2453 701 2482 8.
719 2467 761 2473 —
780 2456 792 2472 ²
813 2450 891 2481 psal.
912 2461 1013 2491 mvn,
1033 2450 1063 2481 5.
1084 2465 1126 2471 —-
1150 2447 1163 2471 3
1182 2457 1201 2480 2
1219 2451 1291 2481 Cor.
1315 2460 1358 2490 Vl,
1387 2460 1439 2481 10.
1459 2466 1501 2471 --
1515 2447 1530 2472 6
1549 2451 1639 2481 Rom.
1661 2459 1717 2489 ΧΠ,
1736 2456 1788 2480 12.
1853 2450 1856 2469 ⁸

410 2525 452 2529 —
466 2505 481 2529 ⁵
505 2506 584 2538 Psal.
605 2517 699 2547 nvn,
717 2505 750 2536 6.
772 2523 812 2527 --
830 2503 844 2525 5
867 2505 976 2537 Manli.
994 2517 1024 2543 x,
1047 2502 1098 2543 34.
1119 2521 1160 2527 >-·
1180 2512 1192 2536 7
1212 2505 1298 2536 Psal.
1314 2515 1398 2545 xxvi,
1418 2515 1467 2536 io.
1485 2520 1526 2526 -—
1541 2502 1556 2525 3
1579 2515 1589 2535 1
1612 2503 1690 2535 Tim.
1709 2502 1786 2544 v‚5.

413 2580 451 2584 ——
471 2570 486 2593 9
510 2564 599 2594 Joan.
621 2572 678 2602 πυ,
702 2572 750 2603 ¹9-
