1889 3285
428 265 671 297 ENARRATro
704 269 749 296 ΙΝ
781 265 982 297 ΡεΑιΜυΜ
1013 268 1119 296 an.
1373 255 1450 295 151

71 333 193 392 virgo
225 332 383 388 Maria,
417 348 517 393 quae
541 332 708 392 peperit
742 333 990 377 Christum1
1014 350 1023 377 :
1048 340 1092 376 et
1119 331 1226 376 dicti
1252 340 1354 377 sunt
1386 332 1456 377 isti

72 403 256 458 Psalmi,
289 412 332 447 et
363 403 709 462 prophetabatur
735 403 782 447 in
809 403 867 448 eis
895 403 1091 448 Christus
1117 411 1327 447 venturus
1358 411 1457 463 post

69 472 231 517 multos
248 488 408 517 annos:
429 482 472 517 et
494 472 724 517 dicebatur
741 473 795 517 ab
810 472 893 518 illis
914 468 1157 532 Prophetis,
1182 473 1259 533 qui
1275 472 1458 518 fuerunt

69 551 303 602 antequam
321 542 532 586 Dominus
549 551 692 587 noster
709 545 734 587 J
737 558 832 587 esus
855 543 1052 589 Christus
1068 543 1124 587 de
1135 543 1273 588 Maria
1292 543 1459 602 virgine

66 621 330 667 nasceretur,
364 611 583 672 quidquid
615 611 819 657 futurum
846 622 935 657 erat
964 612 1237 672 temporibus
1269 614 1453 670 nostris,

67 680 190 743 quod
204 681 336 726 modo
357 681 541 741 legimus
558 717 569 737 ‚
594 693 638 727 et
656 682 854 727 videmus
875 699 884 724 z
910 691 954 727 et
974 682 1165 727 multum
1184 682 1425 742 gaudemus
1442 718 1454 739 ‚

68 752 171 812 quia
192 766 287 812 spes
313 762 460 797 nostra
483 752 691 812 praedicta
714 762 778 797 est
799 768 823 796 a
841 753 997 797 sanctis
1012 786 1023 808 ‚
1049 753 1126 813 qui
1146 752 1258 797 illud
1281 768 1370 798 non
1391 753 1461 799 vi-

67 822 230 867 debant
249 822 478 882 impletum
496 858 507 878 ‚
538 824 615 867 sed
642 824 689 867 in
718 824 881 883 Spiritu
909 824 1111 868 futurum
1144 823 1385 869 videbant:
1416 833 1460 870 et

67 908 146 938 nos
171 892 304 938 modo
332 893 517 952 legimus
549 903 592 937 et
626 894 826 938 audimus
848 909 872 939 a
893 895 1130 939 lectoribus
1146 930 1157 951 ‚
1186 894 1458 956 disputamus

68 963 170 1021 illa3
195 973 238 1008 et
267 963 490 1024 quomodo
512 973 614 1008 sunt
635 964 680 1008 in
705 965 935 1024 Scripturis
951 999 963 1020 ‚
988 965 1048 1009 sic
1073 981 1124 1009 ea
1147 966 1345 1011 videmus
1374 966 1460 1010 im-

68 1034 177 1093 pleri
198 1048 276 1093 per
294 1043 439 1078 totum
461 1034 612 1078 orbem
630 1042 859 1077 terrarum.
885 1034 990 1087 Quis
1013 1034 1117 1078 inde
1134 1049 1221 1079 non
1243 1034 1462 1094 gaudeat?

67 1104 166 1164 quis
197 1120 287 1148 non
319 1114 362 1149 et
396 1120 446 1148 ea
473 1120 572 1165 quae
602 1103 802 1149 nondum
830 1114 1045 1149 venerunt
1074 1114 1259 1150 ventura
1291 1113 1456 1166 speret,

67 1185 246 1235 propter
273 1175 345 1220 illa
377 1191 476 1236 quae
507 1178 598 1236 jam
626 1185 745 1220 tanta
779 1176 957 1235 impleta
985 1178 1118 1221 sunt?
1144 1176 1278 1222 Modo
1312 1178 1457 1234 enim,

67 1245 222 1290 fratres
239 1280 250 1299 ‚
278 1245 432 1290 videtis
451 1281 462 1303 ‚
500 1247 602 1306 quia
624 1255 741 1290 totus
762 1246 956 1290 mundus
971 1281 982 1301 ,
1020 1255 1111 1291 tota
1136 1256 1249 1291 terra
1263 1282 1274 1302 ‚
1312 1262 1462 1292 omnes

70 1325 235 1374 gentes,
260 1331 409 1360 omnes
431 1317 626 1374 regiones
642 1326 826 1361 currunt
847 1316 901 1360 ad
918 1332 1079 1361 nomen
1095 1318 1277 1373 Christi,
1302 1327 1346 1362 et
1368 1333 1462 1363 cre-

69 1385 184 1429 dunt
204 1385 249 1428 in
279 1385 516 1430 Christum.
552 1389 679 1430 Certe
709 1386 865 1429 videtis
896 1388 1007 1441 hoc,
1043 1386 1268 1447 quomodo
1296 1388 1461 1448 ubique

70 1465 320 1501 evertantur
337 1456 547 1500 vanitates
567 1459 863 1514 Paganorum,
883 1456 1037 1501 videtis
1054 1458 1160 1513 hoc,
1182 1459 1462 1504 manifestum

70 1535 136 1571 est
150 1526 290 1570 vobis.
311 1526 538 1586 Numquid
560 1535 603 1569 et
618 1526 704 1570 hoc
725 1524 780 1569 de
801 1525 913 1570 libro
933 1527 1056 1570 vobis
1073 1526 1256 1586 legimus
1271 1564 1283 1583 ‚
1308 1538 1351 1573 et
1372 1545 1463 1574 non

6 1613 9 1639 ε
73 1605 171 1640 ante
190 1595 338 1640 oculos
359 1605 523 1640 vestros
542 1596 620 1639 fit?
644 1597 737 1639 Hoc
757 1609 860 1654 ergo
885 1604 1028 1639 totum
1051 1596 1172 1656 quod
1188 1597 1343 1642 videtis
1363 1607 1464 1644 ante

72 1665 222 1710 oculos
249 1675 414 1710 vestros
436 1665 550 1721 fieri,
576 1665 786 1724 scriptum
809 1674 874 1709 est
895 1673 995 1709 ante
1011 1665 1222 1711 immensa
1238 1667 1464 1713 volumina

73 1751 289 1780 annorum
309 1751 387 1795 per
417 1736 520 1780 istos
546 1751 657 1796 quos
680 1735 813 1780 modo
836 1736 1017 1794 legimus
1036 1772 1047 1792 ‚
1073 1738 1251 1798 quando
1273 1739 1363 1798 jam
1385 1740 1465 1784 ista

72 1805 243 1866 impleri
272 1806 485 1851 videmus.
517 1806 601 1850 Sed
635 1806 843 1865 quoniam
867 1807 1026 1866 scripta
1055 1817 1157 1852 sunt
1184 1817 1228 1853 et
1258 1808 1332 1854 illa
1365 1825 1465 1870 quae

72 1873 274 1920 nondum
305 1884 544 1931 venerunt,
584 1875 630 1919 id
665 1884 756 1930 est,
793 1876 896 1936 quia
921 1877 1131 1921 Dominus
1162 1886 1308 1923 noster
1339 1881 1464 1925 Jesus

72 1946 270 1992 Christus
291 1955 500 1990 venturus
522 1956 586 1991 est
601 1955 652 1990 ut
667 1945 859 2006 judicet,
883 1947 962 2007 qui
982 1948 1125 2007 primo
1142 1949 1262 1993 venit
1282 1958 1333 1994 ut
1343 1949 1465 2011 judi-

74 2024 274 2073 caretur3
305 2015 426 2060 venit
447 2016 563 2059 enim
583 2016 725 2075 primo
753 2016 928 2060 humilis
946 2051 957 2072 ‚
992 2027 1142 2077 postea
1162 2028 1373 2065 venturus
1401 2030 1466 2066 est

76 2085 289 2143 excelsus3
307 2085 426 2130 venit
445 2094 496 2130 ut
518 2085 765 2131 ostenderet
781 2086 1032 2147 exemplum
1048 2089 1295 2148 patientiae,
1315 2099 1465 2150 postea

75 2165 285 2200 venturus
320 2164 383 2200 est
411 2165 461 2200 ut
482 2171 561 2215 pro
584 2157 746 2200 meritis
769 2156 936 2217 judicet
966 2173 1138 2214 omnes,
1178 2160 1267 2204 sive
1298 2160 1460 2216 bonos,

76 2227 166 2272 sive
186 2225 321 2272 malos
344 2245 353 2271 ε
377 2227 480 2287 quia
497 2242 600 2286 ergo
617 2227 815 2272 nondum
831 2228 951 2272 venit
966 2228 1050 2274 hoc
1073 2228 1194 2290 quod
1216 2245 1461 2290 speramus,

55 2295 57 2299 ’
76 2307 313 2342 venturum
346 2298 567 2343 Christum
583 2299 778 2359 judicem
800 2300 999 2345 vivorum
1023 2311 1066 2347 et
1087 2313 1362 2349 mortuorum
1384 2306 1465 2350 de-

72 2368 230 2412 bemus
266 2367 379 2412 illud
417 2369 606 2414 eredere.
647 2370 871 2415 Modicum
903 2371 1024 2431 quod
1055 2382 1187 2419 restat
1229 2384 1465 2420 venturum

79 2452 169 2482 esse
190 2437 439 2493 credamUS‚
465 2439 642 2499 quando
660 2441 750 2500 jam
771 2440 971 2486 videmus
997 2451 1118 2489 tanta
1136 2461 1236 2505 quae
1261 2455 1367 2490 tunc
1395 2445 1464 2490 fu-

81 2516 178 2551 tura
194 2517 338 2563 erant,
363 2509 495 2555 modo
518 2509 741 2570 compleri.
766 2511 931 2557 Stultus
948 2521 1011 2558 est
1028 2515 1144 2559 enim
1161 2516 1237 2575 qui
1253 2531 1343 2560 non
1363 2514 1460 2560 vult

131 2597 140 2613 ¹
159 2592 237 2622 Luc.
254 2603 292 2632 Π,
317 2603 348 2632 7.
