1889 3285
418 219 501 259 412
849 228 883 257 s.
920 228 1152 258 AUGUSTINI
1184 231 1367 258 Emscom

417 313 491 341 cus
513 331 523 350 ,
553 314 572 337 α
590 295 671 348 Qui
694 293 794 339 fecit
815 304 1000 356 utraque
1022 311 1159 340 unum
1178 331 1188 351 ,
1217 305 1260 340 et
1271 295 1465 340 medium
1481 295 1691 356 parietem
1713 310 1800 340 ma-

418 386 438 409 »
475 366 600 410 ceriae
622 365 790 410 solvens
807 366 1050 410 inimicitias
1071 366 1117 410 in
1134 382 1263 411 carne
1286 383 1363 411 sua
1377 402 1388 422 ,
1410 365 1550 425 legem
1567 365 1798 411 mandato-

419 455 439 479 »
474 452 572 480 rum
595 435 776 481 decretis
796 452 1031 492 evacuans,
1056 445 1106 480 ut
1119 435 1228 481 duos
1250 438 1458 482 conderet
1473 437 1519 481 in
1535 452 1580 481 se
1601 436 1648 481 in
1661 451 1801 481 unum

419 527 439 550 »
475 523 639 552 novum
661 508 908 563 hominem,
940 507 1099 553 faciens
1117 523 1295 568 pacem:
1321 517 1364 552 et
1385 508 1561 553 veniens
1585 507 1802 566 evangeli-

419 597 440 621 »
476 579 586 623 zavit
620 594 771 638 pacem
798 579 847 622 iis
884 578 960 638 qui
981 577 1135 636 longe,
1162 587 1206 623 et
1226 594 1379 638 pacem
1403 579 1454 623 iis
1476 579 1552 639 qui
1572 580 1752 638 prope1.
1776 596 1797 620 »

418 652 514 709 Ipse
535 649 581 692 in
597 648 833 708 Evangelio
859 647 964 692 dicit
990 668 998 693 ε
1025 667 1045 690 «
1070 652 1226 693 Pacem
1253 648 1453 709 relinquo
1475 649 1597 693 vobis
1615 684 1626 703 ,
1652 663 1803 708 pacem

419 739 440 762 ³>
476 736 618 764 meam
653 719 710 764 do
737 720 857 765 vohis
873 723 905 763 2.
943 722 1000 764 Et
1026 719 1176 763 multis
1198 719 1290 764 aliis
1316 720 1572 765 testimoniis
1593 719 1803 764 Dominus

417 791 612 836 Christus
646 790 850 850 pacificus
873 799 982 834 esset
1012 799 1280 835 monstratur
1306 810 1316 836 ε
1348 806 1438 835 non
1459 790 1701 835 secundum
1723 805 1806 849 pa-

417 877 510 906 ccm
528 897 538 917 ,
577 877 709 921 quam
732 862 854 906 novit
876 870 919 905 et
941 861 1098 922 quaerit
1128 861 1198 905 hic
1235 861 1425 905 mundus
1443 882 1454 919 3
1484 861 1561 906 sed
1582 860 1702 905 illam
1724 876 1805 920 pa-

418 948 528 986 cem,
553 932 608 977 de
628 949 715 993 qua,
735 933 893 977 dicitur
911 932 1027 992 apud
1048 933 1310 991 Prophetam
1333 951 1342 978 ;
1359 932 1511 977 «Dabo
1528 933 1586 976 eis
1603 931 1806 976 solatium

421 1022 442 1046 »
477 1020 629 1048 verum
646 1039 657 1059 ,
688 1019 841 1064 pacem
871 1019 1000 1064 super
1020 1005 1201 1063 pacem³
1225 1023 1233 1049 :
1264 1022 1284 1046 »
1311 1019 1411 1049 cum
1432 1003 1596 1048 scilicet
1617 1002 1714 1063 paci
1735 1018 1805 1047 re-

419 1075 731 1120 conciliationis
757 1074 932 1119 additur
955 1089 1038 1133 pax
1053 1073 1525 1120 immortalitatis.Nam
1540 1082 1638 1133 post
1662 1073 1808 1118 omnia

418 1146 588 1190 reddita
608 1181 619 1201 ,
659 1162 759 1206 quae
803 1146 1000 1206 promisit
1046 1148 1161 1190 Deus
1181 1181 1192 1201 ,
1231 1146 1508 1191 novissimam
1541 1159 1694 1205 pacem
1727 1159 1805 1189 nos

419 1226 646 1276 expectare
678 1217 864 1272 debere,
901 1234 988 1278 qua
1017 1233 1120 1263 cum
1148 1221 1240 1261 Deo
1274 1217 1470 1261 vivamus
1496 1216 1543 1260 in
1565 1224 1804 1270 aeternum,

418 1286 535 1330 idem
555 1287 772 1346 Propheta
794 1286 1003 1342 ostendit,
1028 1288 1106 1333 ubi
1129 1287 1188 1331 ait
1210 1306 1258 1332 2«
1273 1287 1473 1342 Domine,
1494 1289 1609 1331 Deus
1630 1294 1778 1330 noster
1793 1319 1804 1340 ,

424 1375 442 1397 »
478 1372 629 1416 pacem
651 1357 705 1401 da
727 1358 868 1413 nobis,
895 1358 1041 1402 omnia
1063 1357 1180 1400 enim
1201 1356 1359 1401 dedisti
1380 1357 1505 1401 nobis
1519 1357 1548 1400 4.
1575 1374 1595 1397 »
1622 1360 1709 1400 Pax
1730 1356 1810 1400 erit

420 1426 548 1487 plane
577 1427 651 1470 illa
672 1428 863 1486 perfecta
883 1463 893 1483 ,
919 1447 939 1470 «
962 1427 1149 1481 Quando
1167 1427 1398 1471 novissima
1415 1427 1587 1471 inimica
1610 1426 1810 1470 destrue-

424 1516 443 1539 »
480 1507 551 1541 tur
583 1500 744 1542 mors⁵.
781 1515 799 1538 »
833 1501 890 1541 Et
910 1498 956 1541 in
993 1513 1081 1558 quo
1103 1498 1184 1542 erit
1212 1498 1321 1552 hoc,
1365 1497 1446 1542 nisi
1467 1497 1513 1540 in
1533 1497 1714 1556 pacifico
1736 1495 1812 1540 illo

420 1567 745 1612 reconciliatore
767 1571 946 1612 nostro?
973 1587 992 1610 «
1016 1569 1134 1613 Sicut
1157 1569 1272 1612 enim
1294 1569 1340 1612 in
1374 1568 1515 1613 Adam
1537 1583 1687 1612 omnes
1714 1583 1811 1612 mo-

424 1657 444 1680 »
480 1638 668 1693 riuntur,
683 1638 741 1682 sic
756 1648 799 1682 et
820 1639 864 1682 in
882 1639 1054 1683 Christo
1074 1654 1224 1683 omnes
1245 1639 1583 1684 vivificabuntur
1598 1642 1630 1683 ⁶.
1652 1657 1672 1680 »
1689 1641 1813 1692 Quo-

421 1711 538 1754 niam
561 1725 662 1768 ergo
684 1710 928 1754 invenimus
949 1724 1101 1753 verum
1127 1710 1402 1755 Salomonem
1416 1745 1426 1765 ,
1448 1711 1532 1754 hoc
1555 1719 1633 1765 est,
1659 1725 1812 1755 verum

420 1782 653 1841 pacificum
674 1800 682 1824 ε
708 1780 815 1840 quid
837 1780 994 1824 deinde
1028 1779 1222 1824 Psalmus
1243 1781 1333 1840 ipse
1355 1780 1410 1824 de
1431 1779 1507 1825 illo
1533 1780 1687 1825 doceat
1706 1815 1717 1836 ,
1743 1789 1810 1825 at-

422 1851 668 1896 tendamus.

482 1925 538 1967 II.
563 1925 711 1966 «Deus
729 1957 738 1976 ,
758 1921 975 1982 judicium
997 1931 1125 1966 tuum
1160 1922 1250 1979 regi
1281 1922 1336 1966 da
1352 1956 1363 1977 ,
1389 1931 1432 1966 et
1455 1922 1668 1982 justitiam
1690 1930 1812 1966 tuam

425 2012 446 2035 »
481 1993 572 2037 filio
595 1993 748 2051 regis&
773 2011 793 2033 »
820 1993 1030 2037 Dominus
1052 1992 1206 2051 ipsein
1228 1992 1462 2050 Evangelio
1484 1991 1615 2038 dicit:
1636 2011 1656 2034 «
1686 1996 1813 2037 Pater

427 2084 446 2107 >›
482 2080 572 2109 non
587 2065 756 2124 judicat
786 2079 1074 2124 quemquam,
1101 2064 1176 2107 sed
1197 2079 1325 2108 omne
1342 2063 1559 2123 judicium
1591 2062 1713 2107 dedit
1736 2067 1767 2107 F
1773 2063 1812 2107 i-

426 2154 446 2177 »
482 2135 541 2179 lio
556 2138 570 2161 s
600 2156 607 2180 2
638 2155 657 2178 »
683 2137 767 2180 hoc
785 2145 849 2179 est
870 2150 988 2194 ergo,
1019 2154 1039 2176 (ι
1059 2138 1172 2179 Deus
1187 2169 1197 2190 ,
1213 2134 1430 2194 judicium
1452 2143 1580 2178 tuum
1597 2134 1688 2193 regi
1708 2133 1808 2178 da.»

425 2209 509 2261 Qui
530 2223 603 2251 rex
619 2243 629 2263 ,
655 2208 783 2252 etiam
806 2207 920 2251 filius
943 2215 1006 2250 cst
1022 2207 1132 2264 regis
1154 2225 1162 2250 :
1190 2206 1292 2265 quia
1313 2214 1356 2249 et
1376 2208 1490 2249 Deus
1510 2208 1638 2248 Pater
1658 2206 1812 2265 utique

423 2293 496 2321 rex
513 2287 591 2321 est.
610 2281 675 2321 Ita
697 2278 907 2336 scriptum
926 2286 1003 2331 cst,
1029 2276 1147 2336 quod
1165 2291 1237 2319 rex
1260 2274 1362 2318 fecit
1383 2275 1556 2334 nuptias
1575 2274 1664 2319 filio
1681 2290 1759 2319 suo
1774 2276 1807 2319 ⁹.

424 2352 546 2393 More
566 2357 712 2392 autem
738 2348 971 2408 Scripturae
993 2346 1107 2391 idem
1143 2347 1367 2405 repetitur.
1389 2348 1499 2390 Nam
1521 2345 1642 2406 quod
1664 2345 1772 2389 dixit
1797 2361 1808 2387 ε

473 2472 482 2487 ¹
504 2464 620 2507 Ephes.
639 2475 674 2505 11,
697 2462 749 2505 134,
779 2468 844 2496 etc.
867 2480 906 2485 —
933 2470 945 2485 ²
964 2465 1054 2494 Joan.
1080 2472 1149 2502 xiv,
1168 2470 1220 2503 27.
1239 2478 1280 2483 —
1297 2459 1309 2484 3
1328 2463 1399 2493 lsai.
1422 2471 1496 2499 Lvn,
1519 2460 1676 2503 19‚juxta
1694 2471 1812 2495 Lxx.—

425 2518 441 2549 4
458 2520 504 2551 Id.
526 2530 618 2560 xxm,
642 2528 703 2560 12,
735 2519 827 2560 juxta
845 2529 916 2551 Lxx.
939 2536 980 2540 —
999 2516 1013 2540 5
1032 2529 1044 2547 1
1062 2518 1132 2549 Cor.
1154 2527 1196 2548 xv
1211 2542 1219 2557 ‚
1248 2517 1301 2548 26.
1324 2534 1365 2540 —
1387 2515 1500 2548 61bid.
1533 2525 1586 2548 22.
1617 2533 1657 2540 ·—-
1688 2523 1701 2548 ’ἱ
1722 2515 1804 2548 Psal.

426 2586 509 2617 Lim,
529 2584 562 2608 2.
578 2592 619 2598 —-
639 2574 653 2597 3
672 2577 764 2607 Joan.
786 2585 819 2615 v,
835 2582 889 2606 22.
906 2590 947 2598 —
972 2581 987 2606 9
1007 2572 1119 2606 Matth.
1142 2583 1221 2615 xxu,
1245 2583 1274 2604 2.
