1889 3285
410 259 493 296 212
831 264 864 291 S.
900 264 1130 293 Ancusnm
1163 267 1343 293 Emscom

410 351 430 373 »
466 331 586 374 vobis
617 329 738 390 loqui
770 329 890 390 quasi
913 328 1204 388 spiritalibus,
1245 330 1320 373 sed
1357 328 1479 388 quasi
1514 328 1781 383 carnalihu5‚

409 420 429 442 )›
465 401 584 460 quasi
606 399 792 460 parvulis
814 399 859 442 in
880 399 1051 443 Christo
1067 401 1097 442 1.
1120 417 1140 439 »
1170 392 1416 443 Cum'dicit
1438 418 1446 442 ;
1476 418 1496 440 «
1522 397 1714 442 Parvulis
1741 398 1788 441 in

409 489 429 512 »
455 471 662 525 Christo,
695 489 712 510 »
728 470 819 529 jam
846 468 952 512 dicit
978 477 1148 512 exortos
1168 489 1179 526 3
1203 467 1279 512 sed
1305 467 1502 512 nondum
1530 466 1709 512 idoneos
1732 466 1788 511 ad

405 539 659 602 capiendam
681 539 799 583 illam
821 540 1002 583 uberem
1018 539 1272 598 sapientiam
1288 574 1299 594 ‚
1324 538 1379 583 de
1396 555 1479 599 qua
1504 538 1635 583 dicit:
1660 558 1680 580 «
1709 541 1787 583 Sa-

410 629 430 652 »
466 611 670 670 pientiam
691 609 912 670 loquimur
933 609 1045 653 inter
1065 608 1278 669 perfectos
1292 611 1323 653 ².
1349 627 1369 651 »
1395 609 1644 653 Laeteturin
1664 607 1789 653 stilli-

406 680 528 725 cidiis
549 681 656 736 suis,
683 695 784 725 cum
811 680 1000 724 exoritur
1021 689 1065 723 et
1087 689 1285 739 augetur,
1312 680 1541 725 roboratus
1573 679 1713 739 capiet
1745 687 1789 722 et

406 751 660 811 sapientiam
683 770 692 795 z
718 749 939 810 quomodo
955 749 1099 794 infans
1121 751 1313 794 nutritur
1333 750 1444 795 lacte
1460 785 1471 805 ‚
1491 759 1535 794 et
1546 750 1596 793 fit
1605 749 1788 793 idoneus
1834 780 1837 783 -
1877 774 1881 791 ;

405 822 520 876 cibo,
546 831 690 866 tamen
707 821 848 881 primo
870 820 925 865 de
946 820 1039 880 ipso
1051 821 1149 865 cibo
1168 857 1179 876 ,
1206 821 1276 865 cui
1291 822 1435 866 minus
1458 820 1641 865 idoneus
1663 828 1755 865 erat
1772 855 1784 875 ‚

404 891 468 936 illi
485 892 552 936 lac
575 890 739 936 sactum
757 901 834 937 est.
852 894 936 936 «In
953 890 1178 941 stillicidiis
1194 893 1280 936 suis
1301 891 1536 947 laetabitur,
1561 906 1663 935 cum
1685 906 1788 935 exo-

408 981 428 1005 »
465 963 613 1008 rietur.
642 982 662 1005 »

463 1035 582 1077 XVI.
617 1052 638 1075 «
666 1033 900 1078 Benedices
937 1049 1138 1078 coronam
1177 1034 1278 1078 anni
1300 1033 1578 1093 benignitatis
1601 1042 1689 1077 tuae
1707 1034 1740 1076 ³.
1763 1050 1784 1074 »

408 1103 653 1148 Seminatur
673 1103 805 1148 modo
824 1139 834 1158 ‚
861 1105 1012 1148 crescit
1034 1103 1153 1164 quod
1175 1105 1427 1159 seminatur,
1453 1105 1532 1148 erit
1555 1112 1598 1147 et
1625 1103 1784 1147 messis.

404 1176 462 1217 Et
483 1173 613 1218 modo
641 1190 768 1234 super
800 1190 947 1218 semen
977 1175 1331 1234 superseminavit
1366 1174 1564 1218 inimicus
1594 1173 1786 1229 zizania3

405 1253 449 1287 et
470 1244 620 1288 exorti‘
627 1253 728 1288 sunt
750 1244 851 1288 mali
864 1245 976 1288 inter
999 1246 1135 1289 bonos
1151 1243 1564 1304 pseudo-christiani
1578 1279 1588 1298 ‚
1605 1243 1789 1287 similem

405 1313 615 1357 habentes
631 1314 811 1358 herbam
824 1349 839 1369 ἢ
865 1313 940 1358 sed
955 1330 1044 1358 non
1058 1330 1207 1373 parem
1226 1313 1433 1358 fructum.
1447 1314 1619 1357 Etenim
1631 1312 1790 1356 zizania

405 1399 454 1428 ea
475 1384 648 1443 proprie
671 1383 893 1439 dicuntur,
921 1400 1019 1444 quae
1044 1394 1281 1428 nascuntur
1313 1384 1359 1427 in
1393 1383 1674 1427 similitudine
1696 1381 1790 1426 fru-

404 1466 653 1501 mentorum
674 1491 684 1510 ,
710 1456 835 1499 sicuti
858 1465 921 1499 est
939 1455 1091 1499 lolium
1109 1491 1120 1510 ,
1146 1456 1270 1499 sicuti
1303 1465 1365 1499 est
1383 1470 1518 1499 avena
1535 1489 1546 1509 ‚
1571 1464 1613 1498 et
1635 1463 1790 1498 caetera

404 1526 505 1570 talia
524 1542 622 1586 quae
636 1526 819 1584 primam
832 1526 1012 1568 herbam
1036 1541 1212 1584 prorsus
1234 1525 1417 1569 similem
1438 1525 1617 1569 habent.
1650 1529 1789 1584 Prop-
1856 1572 1857 1588 ἶ

404 1606 518 1641 terea
539 1596 592 1639 de
613 1596 894 1639 seminatione
914 1595 1175 1639 zizaniorum
1195 1596 1278 1639 hoc
1296 1594 1401 1639 dicit
1414 1595 1623 1638 Dominus
1644 1615 1651 1638 :
1673 1597 1790 1638 «Ve-
1854 1604 1866 1650 ᾗ

409 1686 429 1708 »
465 1667 530 1710 nit
550 1665 749 1709 inimicus
764 1675 807 1709 et
825 1666 1182 1725 superseminavit
1204 1666 1361 1710 zizania
1376 1679 1398 1717 ;‘
1412 1681 1511 1710 cum
1530 1658 1674 1710 autem
1696 1681 1789 1710 cre-
1852 1675 1855 1719 J

409 1756 430 1779 »
465 1738 593 1781 visset
622 1736 755 1779 herba
777 1772 787 1792 ‚
821 1745 865 1779 et
900 1734 1094 1780 fructum
1130 1734 1296 1780 fecisset
1311 1771 1321 1791 ‚
1353 1745 1458 1780 tune
1493 1744 1789 1796 apparuerunt
1852 1765 1853 1770 =

407 1826 429 1849 2>
464 1808 638 1851 zizania.
656 1810 772 1866 Ergo
783 1807 1128 1863 venitinimicus‚
1145 1817 1187 1851 et
1203 1807 1559 1867 superseminavit
1572 1807 1730 1851 zizania
1745 1825 1784 1852 ι»

405 1877 481 1923 sed
502 1877 610 1938 quid
630 1877 733 1922 fecit
753 1877 932 1922 tritico?
958 1881 1057 1923 Non
1093 1878 1352 1938 opprimitur
1389 1878 1556 1922 zizaniis
1590 1877 1788 1922 frumen-

405 1957 518 2002 tum,
543 1948 630 1992 imo
649 1963 726 2007 per
758 1948 1031 1992 tolerantiam
1054 1948 1316 1992 zizaniorum
1338 1949 1489 1993 crescit
1510 1947 1677 1992 fructus
1691 1949 1787 1992 frn-
1847 1940 1850 1975 ἶ

405 2027 670 2062 mentorum.
693 2021 789 2077 Ipse
811 2019 926 2062 enim
952 2019 1162 2062 Dominus
1184 2018 1290 2062 dixit
1306 2019 1568 2078 quibusdam
1584 2019 1788 2078 operariis

404 2088 652 2134 volentibus
674 2088 889 2132 eradicare
910 2088 1069 2132 zizania
1089 2108 1097 2132 :
1123 2108 1142 2130 «
1163 2089 1295 2134 Sinite
1314 2098 1500 2149 utraque
1512 2104 1701 2133 crescere
1714 2105 1788 2133 us-
1844 2107 1846 2151 J

409 2178 429 2199 »
464 2175 549 2218 que
572 2159 627 2202 ad
644 2174 825 2203 messem
847 2195 857 2213 ,
878 2175 933 2202 ne
950 2158 1061 2203 forte
1078 2175 1178 2203 cum
1200 2159 1330 2203 vultis
1354 2159 1571 2204 eradicare
1593 2160 1752 2204 zizania
1772 2194 1783 2216 ,

408 2246 429 2270 >›
464 2229 690 2273 eradicetis
711 2229 835 2273 simui
861 2239 903 2274 et
928 2228 1194 2273 frumentum
1222 2249 1231 2275 2
1256 2229 1331 2273 sed
1352 2231 1397 2273 in
1426 2240 1619 2290 tempore
1641 2230 1787 2274 messis
1842 2237 1843 2242 ’

409 2317 430 2340 »
466 2298 607 2343 dicam
624 2300 882 2343 messoribus
902 2320 910 2344 ;
928 2299 1129 2357 Colligite
1142 2301 1331 2359 primum
1346 2300 1531 2356 zizania,
1550 2310 1593 2344 et
1615 2300 1786 2359 alligate

409 2387 430 2410 »
466 2368 692 2414 fasciculos
730 2371 785 2414 ad
821 2370 1169 2414 comburandum
1188 2404 1200 2426 ‚
1241 2371 1511 2415 frumentum
1545 2380 1690 2415 autem
1720 2387 1788 2415 re·
1838 2385 1841 2426 ξ

411 2457 431 2481 >>
467 2440 640 2484 condite
661 2440 707 2483 in
722 2441 928 2485 borreum
947 2443 978 2484 4.
993 2459 1012 2482 n
1041 2441 1118 2499 Ille
1140 2450 1202 2484 est
1222 2442 1318 2484 finis
1341 2442 1442 2485 anni
1458 2442 1603 2485 messis
1621 2441 1781 2485 saeculi.
1838 2465 1840 2471 ·
1886 2460 1889 2468 ¹

413 2529 421 2551 (

423 2529 432 2550 A

458 2605 464 2619 ¹
492 2608 499 2627 ι
528 2598 599 2628 Cor.
617 2598 710 2636 1¹1,‘1.
735 2596 910 2637 -e21d.11‚
932 2596 962 2628 G.
988 2613 1025 2619 --
1045 2594 1058 2619 3
1077 2597 1155 2628 Psal.
1184 2607 1267 2638 miv,
1289 2605 1338 2629 12.
1360 2614 1398 2619 -—
1415 2596 1430 2625 4
1448 2597 1644 2639 Matth.x1u‚
1668 2597 1781 2630 25-30.
1836 2577 1841 2636 Ξ

467 2510 699 2555 Benedices
722 2527 925 2556 coronam
960 2511 1061 2555 anni
1099 2511 1374 2570 benignitatis
1406 2521 1507 2555 tuae.
1529 2529 1550 2553 »
1571 2513 1786 2557 Coronam
1886 2529 1889 2557 ε
