1889 3285
390 227 446 264 22
816 235 849 262 S.
885 233 1114 264 Avensa-Im
1145 236 1326 263 131²1scol³1

389 301 604 360 passiones
634 319 642 344 ε
667 299 871 343 miracula
894 298 1078 358 desuper
1098 297 1296 354 fuerunt,
1325 298 1539 357 passiones
1571 298 1626 341 de
1649 296 1764 341 inie-

389 370 500 414 riore
516 369 709 413 fuerunt.
733 368 810 412 Illa
828 369 942 412 enim
961 384 1060 428 quae
1072 366 1176 412 fecit
1196 367 1401 412 miracula
1416 403 1426 422 ,
1446 367 1592 411 divina
1609 375 1732 410 erant
1751 387 1764 423 3

390 439 466 484 sed
487 455 564 498 per
585 455 741 498 corpus
761 437 884 492 fecit,
908 453 985 497 per
1006 453 1176 482 carnem
1203 438 1319 482 fecit.
1345 440 1456 482 Caro
1487 451 1588 495 ergo
1621 436 1767 480 divina

391 524 596 568 operans,
630 508 880 567 psalterium
903 516 967 550 est
1001 526 1010 550 :
1045 522 1144 550 caro
1172 508 1364 551 humana
1386 507 1578 566 patiens,
1604 505 1768 550 cithara

390 588 467 623 est.
496 581 628 624 Sonet
643 577 894 637 psalterium
912 612 922 632 ,
946 576 1246 620 illuminentur
1265 577 1391 631 caeci,
1415 576 1596 620 audiant
1617 575 1763 630 surdi,

389 649 653 705 stringantur
673 646 921 706 paralytici,
951 646 1178 690 ambulent
1199 646 1342 690 claudi
1360 682 1371 702 ,
1397 655 1575 703 surgant
1592 646 1764 704 aegroti,

386 727 614 777 resurgant
635 718 795 761 mortui
813 736 819 761 :
839 717 918 761 iste
935 726 998 760 est
1014 732 1144 761 sonus
1160 717 1363 776 psalterii.
1380 719 1511 761 Sonet
1528 725 1571 760 et
1584 716 1764 770 cithara,

389 789 544 833 esuriat
561 823 571 841 ,
601 788 737 841 sitiat,
763 787 968 842 dormiat,
989 796 1204 842 teneatur,
1230 787 1492 846 flagelletur,
1516 787 1765 839 irrideatur,

388 858 679 915 crucifigatur,
704 856 948 916 sepeliatur.
965 858 1077 901 Cum
1095 873 1197 916 ergo
1210 856 1329 901 vides
1349 858 1395 900 in
1411 857 1484 901 illa
1506 872 1634 901 carne
1651 871 1769 915 quae-

389 927 490 972 dam
513 927 704 970 sonuisse
734 926 933 985 desuper,
969 926 1169 986 quaedam
1193 926 1246 970 de
1279 925 1483 971 inferiore
1504 935 1650 986 parte,
1680 941 1769 970 una

388 1013 487 1042 caro
509 997 754 1050 resurrexit,
775 997 882 1039 etin
903 1011 991 1039 una
1013 1011 1141 1040 carne
1163 997 1435 1055 agnoscimus
1452 1005 1496 1040 et
1516 995 1769 1055 psalterium

389 1077 432 1111 et
467 1067 691 1111 citharam.
724 1069 782 1110 Et
810 1066 890 1109 ista
917 1065 1006 1109 duo
1042 1081 1197 1123 genera
1230 1065 1447 1111 factorum
1476 1064 1770 1125 impleverunt

387 1137 688 1194 Evamgelium,
707 1146 750 1179 et
770 1135 1030 1194 praedicatur
1046 1137 1091 1178 in
1113 1136 1313 1193 gentibus
1334 1156 1343 1181 2
1368 1151 1471 1180 nam
1493 1144 1537 1180 ct
1564 1133 1771 1179 miracula

388 1215 431 1249 ct
450 1206 665 1264 passiones
688 1204 858 1249 Domini
883 1204 1188 1264 praedicantur.

445 1279 587 1320 XVII.
623 1279 738 1333 Ergo
755 1276 937 1320 surrexit
950 1275 1200 1335 psalterium
1225 1284 1267 1319 et
1292 1275 1456 1319 cithara
1478 1273 1697 1328 diluculo,
1727 1283 1771 1317 et

388 1346 620 1391 confitetur
634 1346 817 1389 Domino
837 1362 847 1389 ε
865 1355 907 1389 et
924 1345 1030 1405 quid
1051 1346 1136 1389 ait?
1157 1346 1439 1390 «Confitebor
1462 1345 1542 1388 tibi
1563 1345 1607 1387 in
1626 1359 1770 1403 popu-

389 1435 410 1457 »
443 1416 495 1459 lis
512 1450 522 1469 ,
553 1415 756 1469 Domine,
783 1425 827 1459 et
855 1415 1034 1474 psallam
1058 1414 1138 1459 tibi
1157 1416 1202 1458 in
1221 1415 1423 1473 gentibus
1445 1434 1454 1459 :
1477 1415 1579 1474 quia
1598 1414 1770 1472 magni-

388 1503 410 1525 »
444 1487 568 1529 ficata
591 1494 655 1528 est
675 1500 812 1544 usque
831 1484 884 1528 ad
907 1484 1039 1529 coelos
1061 1485 1351 1528 misericordia
1374 1494 1470 1538 tua,
1494 1493 1537 1527 et
1553 1499 1692 1543 usquc
1715 1482 1772 1526 ad

389 1574 409 1596 n
444 1555 582 1599 nubes
603 1556 758 1599 veritas
781 1557 895 1598 tua1.
923 1575 939 1595 »
966 1554 1077 1599 Coeli
1095 1571 1222 1614 supra
1246 1555 1385 1598 nubes
1403 1589 1414 1604 ,
1441 1563 1484 1598 et
1502 1554 1640 1597 nubes
1658 1552 1770 1597 infra

389 1625 522 1669 coelos
545 1645 553 1669 2
580 1635 622 1669 et
644 1634 790 1668 tamen
813 1624 868 1668 ad
888 1625 972 1668 hoc
994 1624 1155 1667 coelum
1176 1624 1420 1683 proximum
1446 1624 1666 1682 pertinent
1687 1639 1772 1667 nu·

419 1710 474 1738 es.
510 1695 593 1739 Sed
614 1694 846 1754 aliquando
868 1694 1006 1738 nubes
1024 1695 1286 1738 recumbunt
1308 1695 1350 1737 iu
1374 1694 1614 1756 montibus.
1630 1709 1770 1754 usque

388 1764 496 1808 adeo
517 1765 563 1807 in
580 1765 776 1823 proximo
799 1768 894 1807 aere
909 1764 1304 1822 conglomerantur.
1326 1763 1499 1808 Coelum
1519 1773 1665 1807 autem
1682 1780 1770 1808 sur-

388 1849 482 1876 sum
505 1843 567 1877 est
582 1869 592 1886 ,
624 1833 913 1877 habitationes
934 1832 1200 1891 Angelorum
1219 1869 1230 1887 ,
1259 1832 1434 1877 Sedium
1453 1868 1463 1887 ,
1499 1833 1770 1878 Dominatio-

387 1917 515 1956 num,
542 1902 890 1960 Principatuum,
914 1905 1195 1945 Potestatum.
1225 1902 1341 1945 Illud
1365 1917 1467 1960 ergo
1488 1901 1598 1946 forte
1618 1903 1768 1947 videa-

386 1981 457 2015 tur
496 1971 625 2014 fuissc
656 1970 887 2015 dicendum
922 1990 930 2015 ε
958 1972 1234 2030 Magnificam
1267 1981 1329 2015 est
1362 1987 1497 2032 usque
1539 1972 1595 2016 ad
1633 1973 1768 2017 coelos

386 2043 542 2084 veritas
562 2050 635 2083 tua
653 2075 663 2094 ,
695 2049 745 2087 etr
763 2056 899 2100 usque
922 2042 976 2085 ad
1004 2042 1142 2085 nubes
1164 2041 1454 2086 misericordia
1478 2050 1568 2085 tua.
1594 2044 1768 2087 Etenim

386 2110 430 2153 in
463 2109 574 2153 coelo
597 2110 749 2167 Augeli
774 2109 953 2153 laudant
984 2115 1120 2155 Deum
1142 2147 1152 2165 ,
1186 2112 1379 2155 videntes
1410 2112 1546 2171 ipsam
1581 2114 1767 2172 speciem

385 2179 600 2232 veritatis,
632 2180 720 2222 sine
747 2179 834 2223 ulla
864 2180 1045 2239 caligine
1076 2182 1248 2225 visionis
1266 2217 1276 2235 ‚
1308 2182 1398 2225 sine
1431 2182 1768 2242 interpolatione

387 2248 530 2307 aliqua
549 2248 743 2292 falsitatis
768 2269 776 2293 :
796 2250 971 2304 vident,
999 2250 1207 2309 diligunt,
1233 2251 1412 2296 laudant
1427 2288 1438 2307 ,
1461 2269 1551 2297 non
1574 2253 1766 2312 fatigan-

385 2327 471 2361 tur.
495 2319 561 2362 Ibi
579 2320 732 2364 veritas
755 2340 762 2364 :
783 2321 853 2364 hic
871 2330 1015 2364 autem
1038 2322 1081 2364 in
1110 2332 1253 2366 nostra
1277 2323 1444 2366 miseria
1461 2325 1613 2382 utique
1635 2324 1766 2367 mise-

386 2387 582 2432 ricordia.
628 2391 784 2433 Misero
818 2391 932 2432 enim
960 2391 1195 2448 praebenda
1227 2401 1290 2435 est
1320 2393 1626 2437 misericordia.
1668 2396 1765 2437 Non

386 2457 501 2500 enim
522 2473 630 2516 opus
647 2468 709 2502 est
730 2459 1017 2504 misericordia
1037 2477 1203 2504 sursum
1224 2496 1234 2511 ,
1266 2462 1339 2504 ubi
1364 2462 1511 2506 nullus
1534 2472 1596 2506 est
1618 2463 1760 2506 miser.

435 2547 441 2562 ¹
464 2541 542 2572 Psal.
567 2552 630 2580 Lv1‚
660 2553 708 2582 ιο,
735 2554 783 2573 11.
