1889 3285
439 238 679 266 ENARRA'HO
712 241 756 267 m
791 240 993 269 PSALMUM
1025 243 1179 269 Lxxill.
1413 231 1489 270 461

118 322 138 345 »
170 304 303 349 zelavi
336 304 382 347 in
412 304 712 363 peccatoribus
731 341 741 360 ,
767 321 918 365 pacem
950 317 1225 366 peccatorum
1258 308 1444 351 intuens.
1471 327 1490 348 »

111 376 225 419 Cum
242 375 356 418 enim
379 374 621 418 secundum
643 376 849 434 promissa
868 377 944 420 Dei
957 376 1012 420 ad
1022 379 1154 420 Vetus
1174 380 1496 421 Testamentum

111 445 372 504 pertinentia
393 455 636 504 expectaret
652 445 902 490 felicitatem
931 456 1166 501 terrenam,
1194 447 1498 491 animadvertit

112 530 205 559 eam
228 513 450 558 abundare
467 514 584 573 apud
605 515 758 574 impios
771 537 782 574 3
796 516 839 559 in
856 516 922 560 his
944 516 1094 570 rebus,
1115 532 1221 576 quas
1242 517 1498 576 expectabat

111 600 136 629 a
155 591 240 629 Deo
256 621 267 643 ,
290 585 454 645 pollere
475 585 572 630 illos
588 621 598 640 ,
624 589 699 647 qui
719 602 807 631 non
822 587 1015 631 colerent
1036 590 1174 631 Deum
1196 606 1204 631 :
1231 597 1273 631 et
1287 596 1495 648 tanquam

68 667 79 674 “
111 656 201 701 sine
222 671 350 701 causa
372 659 461 701 Deo
483 657 701 712 servisset,
723 667 988 702 nutaverunt
1010 657 1140 717 pedes
1164 659 1269 717 ejus.
1291 658 1357 701 Ibi
1380 659 1496 701 enim

111 726 239 772 dicit:
271 745 291 769 «
325 730 438 771 Ecce
469 728 550 787 ipsi
584 738 854 787 peccatores,
889 738 933 773 et
955 728 1228 773 abundantes
1259 729 1304 772 in
1338 728 1497 773 saeculo

115 814 136 839 »
171 796 457 841 obtinuerunt
479 797 663 842 divitias.
691 798 917 859 Numquid
949 799 995 842 in
1030 814 1142 843 vano
1166 799 1397 858 justificavi
1425 814 1498 843 cor

116 886 134 908 »
168 868 378 911 meum1?
415 886 433 909 »
473 866 627 912 Videte
656 868 1027 928 quemadmodum
1064 868 1340 929 paulominus
1372 869 1498 913 effusi

110 945 212 981 sunt
232 951 398 995 gressus
420 942 531 993 ejus,
556 946 606 981 ut
621 938 712 998 jam
735 938 849 982 dicat
866 938 947 982 sibi
965 938 1108 982 anima
1134 958 1142 983 :
1165 941 1272 991 Quae
1299 938 1462 982 utilitas
1481 973 1493 994 ,

110 1007 213 1067 quia
234 1007 372 1053 servio
395 1009 516 1052 Deo?
546 1009 659 1051 Ecce
685 1006 759 1051 ille
791 1023 880 1052 non
908 1008 1038 1052 servit
1056 1043 1066 1063 ,
1092 1016 1135 1052 et
1167 1007 1268 1051 felix
1291 1017 1354 1052 est
1371 1029 1397 1066 3*
1417 1023 1497 1066 ego

110 1079 270 1133 servio,
310 1087 354 1122 et
387 1077 556 1123 laboro.
598 1082 822 1122 Postremo
851 1088 957 1138 puta
989 1079 1091 1138 quia
1121 1094 1201 1137 ego
1234 1077 1336 1122 felix
1372 1094 1494 1137 sum,

111 1148 288 1209 quando
311 1157 354 1192 et
374 1147 446 1192 ille
467 1148 569 1192 felix
590 1158 653 1192 est
669 1184 680 1203 ,
706 1150 782 1208 qui
803 1164 893 1193 non
918 1149 1048 1194 servit
1062 1184 1072 1204 ,
1093 1164 1227 1211 quare
1254 1164 1323 1193 me
1344 1158 1495 1208 putem

110 1219 209 1263 ideo
230 1217 400 1263 felicem
423 1234 513 1262 esse
533 1219 635 1278 quia
652 1219 819 1263 servio?
842 1218 920 1263 Ille
950 1228 1096 1263 autem
1125 1219 1339 1274 Psalmus,
1373 1220 1496 1279 cujus

111 1289 405 1334 testimonium
426 1287 634 1348 produxi,
660 1288 868 1348 praecedit
885 1289 1016 1333 istum
1044 1304 1175 1349 quem
1195 1305 1311 1334 nunc
1334 1290 1380 1333 in
1400 1305 1495 1333 ma-

111 1360 240 1404 nibus
256 1359 483 1404 habemus.

172 1433 229 1475 ΙΙ.
255 1432 512 1490 Opportune
530 1438 674 1474 autem
697 1445 786 1474 non
804 1445 854 1474 ex
877 1439 1038 1485 nostra,
1065 1430 1140 1474 sed
1161 1446 1210 1473 ex
1228 1431 1304 1474 Dei
1326 1430 1494 1489 dispen-

111 1502 276 1546 satione
299 1502 462 1546 fac'tum
486 1510 570 1556 est,
614 1509 664 1544 ut
703 1499 835 1545 modo
867 1501 1114 1544 audiremus
1148 1515 1198 1543 ex
1225 1500 1490 1559 Evangelio:

113 1592 134 1614 «
168 1571 278 1625 Quia
298 1575 387 1615 Lex
407 1586 484 1630 per
504 1574 687 1628 Moysen
715 1569 814 1614 data
846 1579 935 1626 est,
969 1571 1115 1614 Gratia
1149 1579 1192 1613 et
1227 1571 1381 1614 veritas
1418 1586 1494 1629 per

111 1660 133 1683 »
169 1644 317 1686 Jesum
345 1641 566 1686 Christum
585 1639 697 1684 facta
719 1644 824 1683 est2.
853 1658 873 1681 »
898 1640 940 1684 Si
958 1640 1073 1683 enim
1102 1639 1383 1684 discernimus
1405 1640 1494 1684 duo

112 1714 411 1766 Testamenta,
436 1713 572 1754 Vetus
604 1719 648 1753 et
684 1712 881 1763 Novum,
917 1725 1005 1753 non
1037 1718 1140 1752 sunt
1168 1709 1319 1752 eadem
1351 1725 1493 1754 sacra-

111 1791 257 1827 menta
275 1817 285 1838 ,
326 1796 406 1825 nec
447 1779 598 1824 eadem
639 1780 846 1839 promissa
866 1801 876 1835 3
921 1778 1071 1823 eadem
1110 1788 1255 1822 tamen
1290 1779 1515 1840 pleraque>

110 1861 342 1913 praecepta.
360 1853 485 1905 Nam,
506 1853 638 1895 «Non
661 1849 830 1894 occides
848 1852 968 1894 :Non
983 1849 1270 1893 moechaberis
1288 1869 1296 1893 ε
1318 1853 1414 1894 Non
1432 1849 1496 1893 fu-

114 1942 135 1966 »
169 1923 351 1968 raberis:
370 1925 546 1966 Honora
558 1930 724 1981 patrem
739 1930 782 1964 et
798 1930 978 1964 matrem
997 1940 1005 1965 ι
1022 1923 1119 1966 Non
1137 1920 1293 1964 falsum
1308 1922 1498 1965 testimo·

114 2013 135 2036 »
170 1993 293 2038 nium
327 1992 481 2036 dixeris
508 2011 516 2036 z
543 1994 641 2036 Non
656 1991 932 2050 concupisces
959 2006 1050 2034 rem
1072 1991 1254 2050 proximi
1274 1991 1339 2035 tui
1365 2011 1373 2036 ε
1397 1994 1495 2037 Non

117 2085 136 2107 »
171 2064 447 2123 concupisces
464 2077 642 2106 uxorem
660 2062 844 2121 proximi
853 2062 959 2115 tui3,
988 2079 1007 2102 »
1029 2070 1072 2104 et
1086 2061 1210 2105 nobis
1228 2071 1496 2121 praeceptum

113 2145 203 2194 est,
220 2128 263 2180 et
282 2135 476 2195 quisquis
493 2149 542 2177 ea
564 2149 653 2177 non
675 2133 987 2186 observaverit,
1021 2132 1166 2176 deviat
1184 2167 1194 2187 ,
1216 2147 1296 2177 nec
1320 2133 1497 2178 omnino

113 2207 271 2266 dignus
281 2215 343 2250 est
354 2241 364 2261 ,
380 2205 456 2265 qui
469 2205 662 2263 accipere
678 2213 895 2248 mereatur
911 2213 1103 2247 montem
1124 2213 1323 2248 sanctum
1338 2205 1428 2259 Dei,
1445 2205 1499 2249 de

114 2293 202 2338 quo
217 2276 384 2321 dictum
391 2285 454 2319 est
467 2295 475 2320 z
486 2275 612 2328 «Quis
627 2274 842 2318 habitabit
854 2275 898 2317 in
910 2274 1193 2318 tabernaculo
1205 2284 1281 2319 tuo
1294 2296 1304 2332 3
1317 2284 1391 2319 aut·
1402 2276 1499 2336 quis

117 2367 139 2390 »
174 2346 414 2407 requiescet
433 2345 480 2390 in
495 2354 644 2390 monte
661 2354 810 2389 sancto
828 2354 904 2388 tuo
916 2345 958 2388 ⁴?
976 2347 1190 2389 Innocens
1212 2345 1428 2400 manibus,
1457 2354 1502 2388 et

119 2437 140 2460 »
173 2416 342 2463 mundo
354 2415 524 2462 corde5.
548 2434 568 2457 n
586 2415 782 2460 Discussa
796 2429 896 2473 ergo
918 2425 1149 2474 praecepta,
1176 2424 1251 2459 aut
1270 2416 1412 2459 omnia
1427 2430 1499 2459 ea-

170 2522 178 2538 ¹
203 2515 283 2547 Psal.
305 2525 400 2555 rxxn,
427 2513 483 2545 =-3
500 2518 531 2546 et
553 2522 604 2552 12,
629 2514 678 2545 13.
700 2530 740 2536 —
764 2521 776 2536 ²
804 2515 896 2545 Joan.
921 2524 942 2553 i,
966 2523 1079 2553 17.-
1101 2511 1113 2535 3
1133 2513 1231 2545 Exod.
1251 2523 1303 2551 xx,
1328 2520 1441 2553 12-17.
1461 2529 1502 2535 —

120 2571 364 2612 4Psal.x1v‚1.
390 2587 430 2592 -
447 2568 461 2592 5
487 2570 533 2601 Η.
557 2580 646 2604 xxm.
673 2569 704 2610 4.
