1889 3285
378 287 460 327 248
815 296 848 325 S.
875 297 1103 326 Accus'rim
1128 301 1307 327 nrrscom

374 375 468 419 tur,
499 363 595 407 vult
621 363 774 407 afferre
807 363 863 406 ad
895 378 995 406 cum
1026 378 1157 423 quem
1189 380 1279 409 non
1306 365 1442 409 novit.
1470 363 1599 409 Vides
1629 363 1755 408 illum

373 450 547 494 passum
564 433 773 477 damnum
786 469 796 488 ‚
818 442 893 477 aut
907 433 1182 478 humiliatum
1196 445 1270 479 aut
1281 436 1466 479 orbitate
1476 450 1751 495 percussum:

373 505 488 558 Quid
509 503 671 547 credis?
694 506 778 547 Iste
799 503 964 563 aliquid
991 503 1093 547 mali
1110 503 1212 549 fecit
1231 540 1242 560 ,
1267 515 1318 549 ut
1336 506 1421 550 hoc
1442 505 1505 549 illi
1531 506 1757 563 continge-

373 584 453 619 ret.
474 573 576 618 Tale
597 590 671 618 cor
691 574 902 627 habeant,
924 574 1055 618 talem
1079 574 1271 619 animum
1292 575 1564 620 inimicimei.
1578 579 1764 634 Ignoras·

373 662 399 690 o
414 647 569 700 homo,
590 661 689 689 vere
706 655 756 689 tu
777 645 856 688 tihi
877 645 1076 690 inimicus
1101 661 1143 690 es
1159 681 1169 701 ⁷
1194 646 1356 706 quiper
1372 656 1564 691 aestatem
1577 647 1657 690 tibi
1667 662 1757 691 non

373 717 536 774 colligis
554 716 673 777 quod
694 717 773 760 iste
794 715 983 775 collegit.
1010 717 1143 762 Modo
1165 717 1281 762 intus
1298 718 1479 763 formica
1497 717 1683 762 comedit
1693 717 1757 762 la-

372 788 500 832 bores
525 788 682 831 aestatis
707 807 716 831 :
745 786 820 831 sed
837 802 930 831 eam
954 786 1230 847 colligentem
1254 789 1401 833 videre
1422 798 1618 849 poteras,
1633 804 1759 833 man-

374 858 608 902 ducantem
623 857 769 901 videre
791 873 879 902 non
896 868 1033 918 potes.
1054 862 1162 915 Ista,
1187 858 1359 914 fratres,
1382 869 1597 920 quantum
1615 860 1760 904 Domi-

372 944 454 973 nus
477 928 598 972 dedit
611 963 621 983 ‚
658 938 874 988 quantum
910 945 1138 988 suggerere
1171 939 1214 974 et
1246 931 1444 974 imbuere
1472 930 1674 990 dignatus
1697 940 1761 975 est

372 999 671 1043 infirmitatem
690 1009 733 1043 et
754 999 1046 1044 humilitatem
1080 1011 1270 1046 nostram
1295 1037 1305 1057 ,
1331 1011 1545 1062 quantum
1568 1002 1761 1061 capimus

373 1086 453 1130 pro
486 1070 666 1115 modulo
688 1080 836 1115 nostro
852 1107 862 1126 ‚
888 1071 1099 1128 diximus,
1125 1088 1260 1133 quare
1280 1072 1355 1116 det
1376 1076 1490 1117 Deus
1514 1073 1659 1118 omnia
1680 1073 1761 1117 ista

373 1141 585 1200 permixta
618 1150 660 1185 et
697 1141 822 1185 bonis
856 1150 899 1185 et
928 1142 1074 1197 malis,
1101 1152 1144 1186 et
1164 1159 1298 1202 quare
1320 1142 1488 1187 auferat
1508 1152 1552 1186 et
1571 1142 1696 1187 bonis
1717 1151 1761 1187 et

373 1210 513 1255 malis.
529 1210 658 1255 Dedit
673 1212 768 1266 tibi,
785 1228 875 1255 non
889 1212 1104 1257 extollaris
1123 1232 1131 1257 :
1154 1212 1334 1258 abstulit
1356 1213 1452 1268 tibi,
1475 1228 1565 1258 non
1586 1213 1762 1272 franga-

375 1281 447 1325 ris.
467 1282 610 1325 Times
631 1297 686 1325 ne
701 1280 868 1325 auferat
884 1303 894 1339 3
914 1282 1031 1326 bono
1044 1292 1187 1341 potest
1206 1284 1377 1327 auferre
1393 1293 1437 1329 et
1449 1283 1587 1328 malo:
1607 1282 1761 1328 melius

375 1368 478 1411 ergo
500 1352 642 1396 honus
664 1351 785 1412 quod
800 1353 873 1396 Dei
890 1362 954 1397 est
970 1355 1130 1398 amittis
1146 1390 1156 1409 ,
1173 1354 1248 1398 sed
1263 1357 1401 1398 Deum
1420 1363 1553 1398 tenes.
1578 1354 1645 1399 Sic
1657 1370 1761 1413 ergo
1816 1359 1819 1361 ’

373 1433 417 1468 et
437 1423 509 1467 ille
530 1423 670 1467 malus
690 1459 700 1479 ‚
726 1424 869 1483 ipsum
904 1425 1133 1468 hortamur
1163 1446 1172 1470 :
1198 1429 1405 1469 Passurus
1440 1440 1482 1468 es
1517 1424 1727 1469 damnum
1745 1461 1758 1481 ‚

375 1496 392 1552 (
409 1495 506 1554 quis
527 1510 615 1538 non
638 1510 839 1553 passurus
859 1504 923 1538 est
950 1495 1211 1540 orbitatem?
1232 1499 1247 1553 )
1269 1496 1423 1556 aliquis
1445 1511 1568 1540 casus
1591 1497 1728 1540 irruet
1746 1531 1758 1551 ,

375 1563 521 1623 aliqua
550 1563 768 1608 calamitas
795 1563 849 1607 de
871 1573 1137 1620 transverso,
1164 1565 1475 1625 undecumque
1502 1565 1658 1625 plenus
1699 1575 1763 1611 est

376 1634 591 1688 mundus,
628 1633 822 1693 exempla
845 1649 935 1678 nou
957 1645 1124 1679 cessant
1150 1655 1159 1679 :
1195 1635 1353 1694 loquor
1389 1635 1470 1679 tibi
1506 1636 1552 1678 in
1574 1631 1759 1692 'aestate‚

375 1720 507 1763 grana
529 1720 628 1764 quae
649 1704 823 1761 colligas
856 1720 944 1748 non
968 1704 1125 1749 desunt
1156 1721 1164 1745 :
1199 1705 1382 1749 attende-
1399 1704 1453 1749 ad
1465 1706 1709 1759 formicam,
1735 1722 1762 1751 o

373 1775 510 1833 piger,
543 1773 699 1832 collige
722 1783 869 1817 aestate
891 1790 990 1818 cum
1012 1784 1160 1833 potes3
1188 1776 1340 1833 hyems
1365 1775 1568 1835 colligere
1597 1785 1641 1820 te
1671 1793 1762 1821 non

372 1846 505 1900 sinet,
546 1844 621 1889 sed
650 1843 914 1888 manducare
935 1844 1055 1904 quod
1073 1845 1310 1904 collegeris.
1333 1848 1473 1899 Quam
1495 1845 1624 1891 multi
1645 1848 1762 1891 enim

374 1914 701 1959 tribulationem
726 1915 784 1957 ita
815 1914 1058 1973 patiuntur,
1085 1925 1135 1958 ut
1156 1931 1245 1959 non
1263 1916 1322 1960 eis
1342 1925 1487 1971 vacet7
1514 1932 1594 1960 nec
1616 1916 1761 1976 legere

373 1984 540 2044 aliquid
557 2021 568 2040 ,
593 2001 673 2029 nec
687 1983 837 2028 audire
859 1984 1021 2045 aliquid
1037 2020 1047 2040 ,
1072 2001 1152 2029 nec
1171 1986 1285 2030 sorte
1306 1986 1599 2031 admittuntur
1616 1987 1672 2032 ad
1689 2003 1760 2032 eos

371 2055 449 2114 qui
471 2070 542 2099 eos
565 2054 1095 2099 consolentur.Remansit
1117 2054 1297 2100 formica
1319 2057 1361 2099 in
1385 2073 1589 2112 caverna,
1615 2058 1761 2102 videat

371 2126 404 2169 si
418 2125 593 2184 collegit
608 2125 773 2185 aliquid
794 2135 942 2170 aestate
959 2161 969 2181 ‚
993 2142 1081 2185 quo
1103 2141 1146 2169 se
1169 2136 1319 2171 avocet
1336 2128 1509 2185 hyeme.

428 2210 503 2250 IV.
543 2206 625 2252 Sed
644 2207 774 2251 modo
788 2208 888 2268 quia
906 2208 1136 2252 benedicet
1157 2224 1234 2252 nos
1257 2212 1370 2253 Deus
1394 2229 1402 2254 :
1423 2226 1557 2270 quare
1572 2204 1759 2255 'benedi-

367 2287 437 2322 cet
453 2280 559 2322 nos?
577 2281 717 2331 Quam
734 2278 1081 2323 benedictionem
1099 2280 1208 2338 petit
1228 2280 1322 2324 haee
1333 2296 1416 2325 vox
1438 2300 1446 2325 z
1469 2283 1556 2325 «Ut
1577 2281 1759 2325 benedi-

370 2367 391 2389 »
427 2357 498 2392 cat
517 2364 594 2392 nos
613 2352 722 2392 Deus
738 2351 755 2391 Ρ
773 2367 792 2389 »
817 2349 1171 2393 Benedictionem
1186 2366 1316 2410 quam
1331 2360 1471 2395 servat
1485 2351 1630 2396 amicis
1646 2352 1731 2396 suis
1742 2387 1754 2407 ‚

361 2434 497 2478 quam
520 2418 618 2463 solis
637 2419 763 2462 bonis
786 2418 875 2462 dat.
902 2422 965 2465 Ne
988 2435 1066 2478 pro
1084 2435 1242 2478 magno
1265 2430 1440 2480 appetas
1457 2420 1578 2481 quod
1595 2430 1638 2465 et
1655 2421 1757 2466 mali

361 2490 583 2549 accipiunt
610 2509 618 2534 :
645 2490 745 2550 quia
777 2489 918 2534 bouus
949 2499 1012 2534 est
1034 2493 1148 2534 Deus
1167 2525 1178 2545 ,
1209 2491 1313 2535 facit
1332 2490 1434 2536 illa:
1465 2510 1484 2533 «
1511 2492 1592 2544 Qui
1618 2490 1755 2535 solem

366 2578 384 2599 »
421 2576 548 2603 suum
583 2560 684 2604 facit
713 2561 811 2605 oriri
849 2576 977 2619 super
1000 2560 1136 2605 bonos
1165 2571 1207 2605 et
1239 2561 1395 2615 malos,
1421 2571 1463 2605 et
1485 2562 1597 2621 pluit
1620 2577 1751 2621 super
