1889 3285
470 305 711 336 ENARRA'mo
742 308 788 335 ΙΝ
818 306 1020 335 PsALMUM
1051 308 1138 334 LVI.
1434 297 1488 334 19

115 389 136 413 »
170 371 357 425 foveam,
382 380 425 415 et
441 371 520 430 ipsi
542 371 790 414 inciderunt
811 371 856 415 in
878 373 1038 414 eam¹.»
1061 368 1187 422 Quod
1209 370 1325 413 enim
1346 383 1490 428 perse-

112 441 201 486 cuti
231 450 334 485 sunt
349 441 568 485 Christum
584 475 594 495 ‚
624 440 796 484 Christo
813 456 902 484 non
923 439 1090 493 obfuit,
1115 438 1190 482 sed
1211 439 1311 498 ipsis
1328 437 1486 482 obfuit.

112 515 169 556 Et
190 511 324 555 nolite
343 521 496 571 putare
512 547 522 566 ,
552 509 704 554 fratres
719 546 730 565 ‚
754 511 854 570 ipsis
876 510 974 554 solis
995 510 1078 553 hoc
1100 508 1315 553 accidisse.
1342 509 1491 552 Omnis

112 582 186 642 qui
207 591 330 641 parat
352 581 520 626 foveam
543 579 665 624 fratri
685 597 761 624 suo
782 616 793 635 ,
817 595 988 624 necesse
1009 588 1074 623 est
1094 588 1144 623 ut
1160 579 1249 638 ipse
1266 578 1429 623 incidat
1444 578 1491 621 in

112 667 220 696 eam.
248 651 492 706 Intendite‚
528 651 681 695 fratres
709 652 820 706 mei,
852 650 1104 695 christianos
1130 648 1277 694 oculos
1297 649 1457 693 habete
1476 683 1488 703 ,

112 722 245 767 nolite
270 721 410 781 decipi
436 721 690 766 visihiiibus.
717 725 847 765 Forte
865 721 981 764 enim
1003 720 1129 764 alicui
1150 729 1339 764 vestrum
1357 754 1368 774 ‚
1393 719 1493 779 quia

111 793 194 835 hoc
215 791 300 835 dixi
316 827 327 846 ‚
346 791 550 835 subvenit
570 791 701 835 modo
724 790 875 850 aliquis
899 790 973 850 qui
991 788 1130 833 voluit
1146 788 1267 832 fratri
1283 804 1361 833 suo
1378 787 1494 832 frau-

112 861 212 905 dem
239 860 405 915 facere,
443 868 484 904 et
516 861 655 905 voluit
683 862 722 904 ei
750 860 913 920 aliquas
942 860 1116 904 insidias
1150 859 1414 913 machinari,
1451 867 1494 902 et

112 932 381 975 machinatus
413 940 476 974 est
493 966 504 985 ,
539 940 582 974 et
602 930 818 990 implevit,
844 939 885 973 et
916 929 1072 974 ecidit
1099 929 1231 973 frater
1252 930 1297 973 in
1318 927 1493 972 insidias

112 1002 225 1060 ejus,
250 1009 293 1044 et
309 1000 516 1059 spoliatus
541 1009 630 1055 est,
659 1010 733 1043 aut
754 1015 923 1058 pressus
946 1009 1031 1054 est,
1068 1000 1156 1043 sive
1183 1014 1379 1052 carcere,
1409 998 1497 1041 sive

113 1069 219 1114 falso
237 1070 484 1114 testimonio
502 1105 512 1124 ,
538 1070 624 1113 sive
643 1070 786 1129 aliqua
808 1068 970 1113 nefaria
990 1069 1290 1112 criminatione
1309 1069 1495 1112 circum-

111 1149 265 1184 ventus
283 1158 292 1183 :
312 1139 484 1183 videtur
507 1150 653 1183 autem
670 1140 748 1183 iste
762 1155 1004 1198 oppressus,
1023 1138 1096 1182 ille
1116 1139 1395 1198 oppressisse3
1416 1139 1494 1182 iste

112 1210 271 1263 victus,
296 1208 370 1252 isse
391 1209 563 1266 vicisse3
587 1218 630 1252 et
645 1208 799 1253 falsum
817 1218 995 1268 putatur
1009 1209 1130 1269 quod
1151 1208 1335 1252 diximus
1351 1244 1362 1263 ‚
1387 1223 1496 1268 quo-

112 1279 229 1322 niam
259 1278 526 1338 quicumque
548 1277 718 1321 foveam
741 1279 952 1337 paraverit
978 1279 1098 1322 fratri
1126 1294 1204 1323 suo
1220 1314 1230 1334 ,
1267 1279 1357 1337 ipse
1380 1277 1496 1321 cadit

112 1348 159 1392 in
188 1363 298 1391 eam.
326 1351 553 1406 Interrogo
581 1363 656 1391 vos
683 1357 891 1408 tanquam
913 1349 1178 1393 Christianos
1195 1384 1205 1403 ,
1242 1358 1292 1392 ut
1319 1348 1495 1392 sumatis

114 1418 359 1477 exemplum
373 1417 428 1461 de
447 1418 514 1461 his
531 1433 630 1477 quae
643 1419 732 1478 jam
749 1420 962 1463 novimus.
983 1419 1144 1477 Pagani
1161 1419 1373 1478 persecuti
1395 1427 1498 1463 sunt

113 1491 350 1545 Martyres,
386 1496 430 1531 et
458 1490 668 1544 Martyres
690 1489 805 1547 capti
825 1498 955 1543 sunt,
983 1488 1104 1547 ligati
1133 1499 1253 1544 sunt⁷
1282 1489 1327 1531 in
1349 1504 1495 1532 carce-

113 1573 204 1601 rem
235 1559 353 1602 missi
373 1566 490 1611 sunt,
513 1557 658 1601 bestiis
679 1557 869 1601 subrecti
897 1567 998 1602 sunt
1015 1594 1025 1613 ,
1052 1558 1124 1602 alii
1145 1557 1255 1603 ferro
1277 1560 1494 1618 percussi,

115 1627 186 1671 alii
213 1628 387 1685 ignibus
420 1627 684 1671 concremati
710 1646 718 1670 ι
748 1627 947 1671 vicerunt
968 1638 1301 1688 persequentes,
1328 1639 1370 1673 et
1395 1629 1497 1674 victi

114 1707 215 1742 sunt
254 1699 494 1755 Martyres?
531 1698 656 1741 absit.
697 1700 854 1750 Quaere
885 1697 1065 1755 gloriam
1100 1702 1346 1756 Martyrum
1380 1700 1499 1759 apud

115 1771 271 1823 Deum,
291 1784 439 1828 quaere
454 1766 625 1812 foveam
641 1782 908 1827 paganorum
930 1768 975 1811 in
993 1769 1188 1813 confossa
1205 1770 1492 1814 conscientia:

114 1838 176 1881 ibi
216 1847 279 1882 est
318 1838 435 1881 enim
478 1836 601 1883 fovea
637 1852 726 1897 quo
767 1837 883 1881 cadit
923 1837 1102 1896 impius,
1146 1838 1192 1881 in
1233 1839 1495 1883 conscientia

115 1907 243 1952 mala.
282 1911 412 1952 Putas
446 1923 546 1951 eum
580 1908 626 1951 in
660 1906 831 1951 foveam
866 1922 957 1951 non
989 1906 1211 1962 cecidisse,
1246 1909 1321 1968 qui
1355 1908 1499 1953 lucem

115 1977 275 2022 Christi
288 1977 499 2036 perdidit,
525 1986 568 2020 et
583 1977 776 2021 eaeeitate
792 1991 1018 2036 percussus
1041 1978 1130 2021 est?
1153 1977 1196 2021 Si
1216 1993 1306 2021 non
1327 1978 1500 2022 caderet

116 2047 162 2090 in
203 2046 395 2101 foveam,
431 2045 597 2090 videret
626 2055 726 2090 ante
757 2061 801 2090 se
828 2065 837 2090 ε
868 2046 1003 2090 nescit
1028 2062 1115 2106 qua
1147 2055 1237 2101 eat,
1273 2047 1496 2106 quomodo

118 2117 193 2176 qui
229 2117 424 2161 ambulat
455 2117 502 2160 in
528 2117 597 2161 via
625 2132 727 2161 cum
762 2116 966 2161 ceciderit
1001 2117 1047 2160 in
1073 2116 1243 2161 foveam
1263 2152 1274 2172 ,
1306 2118 1497 2177 perdidit

118 2187 245 2230 viam.
271 2185 435 2230 Videtis
468 2202 570 2244 ergo
599 2202 747 2230 omues
776 2186 1072 2231 malefactores
1094 2186 1330 2246 perdidisse
1352 2189 1463 2232 viam
1481 2224 1493 2243 ‚

116 2255 356 2315 implicatos
378 2255 582 2300 facinore.
605 2256 688 2300 Sed
704 2257 792 2315 jam
816 2265 858 2299 te
875 2255 1052 2300 tradidit
1068 2257 1113 2300 in
1133 2272 1286 2301 manus
1307 2257 1419 2302 forte
1434 2258 1500 2303 la-

119 2328 251 2371 tronis
268 2362 278 2382 ,
304 2337 380 2370 aut
403 2327 449 2370 in
471 2342 624 2370 manus
647 2326 825 2386 alicujus
846 2327 994 2386 injusti
1014 2327 1084 2371 vel
1102 2327 1386 2372 circumventi
1409 2345 1432 2372 a
1454 2344 1498 2373 se

113 2396 294 2456 judicis,
326 2406 368 2441 et
405 2406 453 2441 tu
484 2397 531 2440 in
563 2411 757 2455 pressura
781 2412 850 2451 es,
880 2396 953 2440 ille
985 2397 1173 2452 laetatur,
1208 2397 1282 2442 ille
1313 2399 1492 2443 exultat.

119 2466 217 2512 Noli
231 2502 242 2522 ⁷
261 2468 351 2526 jam
371 2459 482 2521 dixi,
507 2466 597 2511 noli
617 2467 778 2510 'nabere
804 2466 951 2510 oculos
969 2482 1238 2526 paganorum
1265 2487 1274 2512 :
1295 2468 1496 2512 christia-

122 2552 199 2581 nos
227 2536 373 2581 oculos
401 2537 529 2581 habe.
555 2535 684 2581 Vides
705 2535 830 2580 illum
857 2536 933 2596 qui
954 2537 1116 2581 exultat
1142 2557 1151 2582 ε
1176 2538 1268 2596 ipsa
1284 2538 1495 2583 exultat-io

171 2629 178 2645 ¹
204 2624 286 2654 Psal.
313 2633 375 2662 tw,
399 2633 429 2662 7.

1321 2679 1359 2714 2.
