<?xml version="1.0" encoding="UTF-8"?>
<!DOCTYPE html PUBLIC "-//W3C//DTD XHTML 1.0 Transitional//EN"
    "http://www.w3.org/TR/xhtml1/DTD/xhtml1-transitional.dtd">
<html xmlns="http://www.w3.org/1999/xhtml" xml:lang="en" lang="en">
 <head>
  <title>
</title>
<meta http-equiv="Content-Type" content="text/html;charset=utf-8" />
  <meta name='ocr-system' content='tesseract 3.04.00' />
  <meta name='ocr-capabilities' content='ocr_page ocr_carea ocr_par ocr_line ocrx_word'/>
</head>
<body>
  <div class='ocr_page' id='page_1' title='image "./operaomniaaccura09auguuoft_0287.png"; bbox 0 0 1889 3285; ppageno 0'>
   <div class='ocr_carea' id='block_1_1' title="bbox 0 2347 3 2979">
    <p class='ocr_par' dir='ltr' id='par_1_1' title="bbox 0 2347 3 2979">
     <span class='ocr_line' id='line_1_1' title="bbox 0 2347 3 2979; baseline 0 0"><span class='ocrx_word' id='word_1_1' title='bbox 0 2347 3 2979; x_wconf 95' lang='lat' dir='ltr'> </span> 
     </span>
    </p>
   </div>
   <div class='ocr_carea' id='block_1_2' title="bbox 399 237 1423 288">
    <p class='ocr_par' dir='ltr' id='par_1_2' title="bbox 399 237 1423 288">
     <span class='ocr_line' id='line_1_2' title="bbox 399 237 1423 288; baseline -0.001 -2"><span class='ocrx_word' id='word_1_2' title='bbox 399 259 640 287; x_wconf 72' lang='lat' dir='ltr'>ENARRATIO</span> <span class='ocrx_word' id='word_1_3' title='bbox 672 261 716 286; x_wconf 74' lang='lat' dir='ltr'>m</span> <span class='ocrx_word' id='word_1_4' title='bbox 749 260 951 288; x_wconf 74' lang='lat' dir='ltr'>PsALMUM</span> <span class='ocrx_word' id='word_1_5' title='bbox 984 262 1118 287; x_wconf 77' lang='lat' dir='ltr'>vait.</span> <span class='ocrx_word' id='word_1_6' title='bbox 1261 237 1284 259; x_wconf 64' lang='lat'>³</span> <span class='ocrx_word' id='word_1_7' title='bbox 1340 248 1423 285; x_wconf 80' lang='lat'>275</span> 
     </span>
    </p>
   </div>
   <div class='ocr_carea' id='block_1_3' title="bbox 8 322 1434 2640">
    <p class='ocr_par' dir='ltr' id='par_1_3' title="bbox 8 322 1434 2640">
     <span class='ocr_line' id='line_1_3' title="bbox 47 322 1425 383; baseline -0.001 -15"><span class='ocrx_word' id='word_1_8' title='bbox 47 323 176 379; x_wconf 77' lang='lat' dir='ltr'>serre,</span> <span class='ocrx_word' id='word_1_9' title='bbox 201 324 277 368; x_wconf 87' lang='lat' dir='ltr'>ubi</span> <span class='ocrx_word' id='word_1_10' title='bbox 296 324 527 383; x_wconf 73' lang='lat' dir='ltr'>Apostolus</span> <span class='ocrx_word' id='word_1_11' title='bbox 549 323 654 368; x_wconf 88' lang='lat' dir='ltr'>dicit</span> <span class='ocrx_word' id='word_1_12' title='bbox 679 343 686 368; x_wconf 94' lang='lat'><strong>:</strong></span> <span class='ocrx_word' id='word_1_13' title='bbox 724 343 741 364; x_wconf 88' lang='lat'><strong><em>«</em></strong></span> <span class='ocrx_word' id='word_1_14' title='bbox 768 325 876 383; x_wconf 80' lang='lat' dir='ltr'>Regi</span> <span class='ocrx_word' id='word_1_15' title='bbox 897 333 1040 368; x_wconf 84' lang='lat' dir='ltr'>autem</span> <span class='ocrx_word' id='word_1_16' title='bbox 1062 323 1320 368; x_wconf 85' lang='lat' dir='ltr'>saeculorum</span> <span class='ocrx_word' id='word_1_17' title='bbox 1340 322 1425 367; x_wconf 90' lang='lat' dir='ltr'>im-</span> 
     </span>
     <span class='ocr_line' id='line_1_4' title="bbox 51 391 1428 451; baseline 0.001 -17"><span class='ocrx_word' id='word_1_18' title='bbox 51 410 72 434; x_wconf 88' lang='lat'>»</span> <span class='ocrx_word' id='word_1_19' title='bbox 106 392 301 447; x_wconf 81' lang='lat' dir='ltr'>mortali,</span> <span class='ocrx_word' id='word_1_20' title='bbox 331 392 562 448; x_wconf 75' lang='lat' dir='ltr'>invisibili,</span> <span class='ocrx_word' id='word_1_21' title='bbox 593 392 673 436; x_wconf 89' lang='lat' dir='ltr'>soli</span> <span class='ocrx_word' id='word_1_22' title='bbox 701 395 830 437; x_wconf 78' lang='lat' dir='ltr'>De01.</span> <span class='ocrx_word' id='word_1_23' title='bbox 859 412 878 434; x_wconf 85' lang='lat'>»</span> <span class='ocrx_word' id='word_1_24' title='bbox 912 393 1017 446; x_wconf 85' lang='lat' dir='ltr'>Quia</span> <span class='ocrx_word' id='word_1_25' title='bbox 1048 394 1127 436; x_wconf 88' lang='lat' dir='ltr'>etsi</span> <span class='ocrx_word' id='word_1_26' title='bbox 1154 393 1238 437; x_wconf 87' lang='lat' dir='ltr'>hoc</span> <span class='ocrx_word' id='word_1_27' title='bbox 1259 391 1313 437; x_wconf 87' lang='lat' dir='ltr'>de</span> <span class='ocrx_word' id='word_1_28' title='bbox 1335 392 1428 451; x_wconf 87' lang='lat' dir='ltr'>ipsa</span> 
     </span>
     <span class='ocr_line' id='line_1_5' title="bbox 49 461 1427 524; baseline 0 -18"><span class='ocrx_word' id='word_1_29' title='bbox 49 463 255 506; x_wconf 86' lang='lat' dir='ltr'>Trinitate</span> <span class='ocrx_word' id='word_1_30' title='bbox 276 461 443 506; x_wconf 90' lang='lat' dir='ltr'>dictum</span> <span class='ocrx_word' id='word_1_31' title='bbox 464 471 553 518; x_wconf 84' lang='lat' dir='ltr'>est,</span> <span class='ocrx_word' id='word_1_32' title='bbox 574 463 635 506; x_wconf 89' lang='lat' dir='ltr'>ibi</span> <span class='ocrx_word' id='word_1_33' title='bbox 644 472 716 524; x_wconf 18' lang='lat' dir='ltr'>“est</span> <span class='ocrx_word' id='word_1_34' title='bbox 738 472 779 506; x_wconf 88' lang='lat' dir='ltr'>et</span> <span class='ocrx_word' id='word_1_35' title='bbox 802 466 915 507; x_wconf 85' lang='lat' dir='ltr'>Deus</span> <span class='ocrx_word' id='word_1_36' title='bbox 937 467 1078 507; x_wconf 78' lang='lat' dir='ltr'>Pater.</span> <span class='ocrx_word' id='word_1_37' title='bbox 1107 464 1150 507; x_wconf 89' lang='lat' dir='ltr'>Si</span> <span class='ocrx_word' id='word_1_38' title='bbox 1170 472 1318 506; x_wconf 88' lang='lat' dir='ltr'>autem</span> <span class='ocrx_word' id='word_1_39' title='bbox 1336 478 1427 507; x_wconf 89' lang='lat' dir='ltr'>non</span> 
     </span>
     <span class='ocr_line' id='line_1_6' title="bbox 47 531 1423 593; baseline -0.001 -17"><span class='ocrx_word' id='word_1_40' title='bbox 47 532 274 577; x_wconf 84' lang='lat' dir='ltr'>carnaliter</span> <span class='ocrx_word' id='word_1_41' title='bbox 297 532 574 590; x_wconf 83' lang='lat' dir='ltr'>intelligimus</span> <span class='ocrx_word' id='word_1_42' title='bbox 601 551 609 577; x_wconf 93' lang='lat'><strong>:</strong></span> <span class='ocrx_word' id='word_1_43' title='bbox 641 552 662 575; x_wconf 88' lang='lat'>«</span> <span class='ocrx_word' id='word_1_44' title='bbox 691 536 805 576; x_wconf 89' lang='lat' dir='ltr'>Deus</span> <span class='ocrx_word' id='word_1_45' title='bbox 836 532 1052 593; x_wconf 78' lang='lat' dir='ltr'>judicium</span> <span class='ocrx_word' id='word_1_46' title='bbox 1073 541 1199 575; x_wconf 90' lang='lat' dir='ltr'>tuum</span> <span class='ocrx_word' id='word_1_47' title='bbox 1227 532 1316 590; x_wconf 90' lang='lat' dir='ltr'>regi</span> <span class='ocrx_word' id='word_1_48' title='bbox 1337 531 1393 575; x_wconf 87' lang='lat' dir='ltr'>da</span> <span class='ocrx_word' id='word_1_49' title='bbox 1411 566 1423 587; x_wconf 94' lang='lat'>,</span> 
     </span>
     <span class='ocr_line' id='line_1_7' title="bbox 49 602 1430 663; baseline 0.001 -17"><span class='ocrx_word' id='word_1_50' title='bbox 49 620 70 645; x_wconf 90' lang='lat'>»</span> <span class='ocrx_word' id='word_1_51' title='bbox 105 612 148 647; x_wconf 89' lang='lat' dir='ltr'>et</span> <span class='ocrx_word' id='word_1_52' title='bbox 157 603 370 663; x_wconf 87' lang='lat' dir='ltr'>justitiam</span> <span class='ocrx_word' id='word_1_53' title='bbox 387 613 508 647; x_wconf 87' lang='lat' dir='ltr'>tuam</span> <span class='ocrx_word' id='word_1_54' title='bbox 528 603 619 647; x_wconf 86' lang='lat' dir='ltr'>filio</span> <span class='ocrx_word' id='word_1_55' title='bbox 648 604 775 662; x_wconf 81' lang='lat' dir='ltr'>regis²</span> <span class='ocrx_word' id='word_1_56' title='bbox 798 623 807 649; x_wconf 90' lang='lat'>:</span> <span class='ocrx_word' id='word_1_57' title='bbox 826 622 846 645; x_wconf 86' lang='lat'>»</span> <span class='ocrx_word' id='word_1_58' title='bbox 874 604 1017 648; x_wconf 86' lang='lat' dir='ltr'>nescio</span> <span class='ocrx_word' id='word_1_59' title='bbox 1038 613 1188 647; x_wconf 90' lang='lat' dir='ltr'>utrum</span> <span class='ocrx_word' id='word_1_60' title='bbox 1209 602 1331 647; x_wconf 89' lang='lat' dir='ltr'>aliud</span> <span class='ocrx_word' id='word_1_61' title='bbox 1352 602 1430 647; x_wconf 85' lang='lat' dir='ltr'>ali-</span> 
     </span>
     <span class='ocr_line' id='line_1_8' title="bbox 46 673 1420 735; baseline 0.001 -18"><span class='ocrx_word' id='word_1_62' title='bbox 46 673 154 734; x_wconf 85' lang='lat' dir='ltr'>quid</span> <span class='ocrx_word' id='word_1_63' title='bbox 174 673 342 718; x_wconf 89' lang='lat' dir='ltr'>dietum</span> <span class='ocrx_word' id='word_1_64' title='bbox 368 684 431 718; x_wconf 91' lang='lat' dir='ltr'>est</span> <span class='ocrx_word' id='word_1_65' title='bbox 447 690 596 735; x_wconf 88' lang='lat' dir='ltr'>quam,</span> <span class='ocrx_word' id='word_1_66' title='bbox 622 674 733 720; x_wconf 82' lang='lat' dir='ltr'>Filio</span> <span class='ocrx_word' id='word_1_67' title='bbox 754 685 847 720; x_wconf 89' lang='lat' dir='ltr'>tuo.</span> <span class='ocrx_word' id='word_1_68' title='bbox 872 679 966 719; x_wconf 78' lang='lat' dir='ltr'>Rex</span> <span class='ocrx_word' id='word_1_69' title='bbox 993 690 1096 734; x_wconf 86' lang='lat' dir='ltr'>ergo</span> <span class='ocrx_word' id='word_1_70' title='bbox 1121 684 1186 719; x_wconf 90' lang='lat' dir='ltr'>est</span> <span class='ocrx_word' id='word_1_71' title='bbox 1212 683 1255 718; x_wconf 89' lang='lat' dir='ltr'>et</span> <span class='ocrx_word' id='word_1_72' title='bbox 1276 678 1420 719; x_wconf 87' lang='lat' dir='ltr'>Pater.</span> 
     </span>
     <span class='ocr_line' id='line_1_9' title="bbox 8 745 1430 807; baseline 0.001 -18"><span class='ocrx_word' id='word_1_73' title='bbox 8 761 9 764; x_wconf 48' lang='lat'>¹</span> <span class='ocrx_word' id='word_1_74' title='bbox 48 745 173 789; x_wconf 88' lang='lat' dir='ltr'>Unde</span> <span class='ocrx_word' id='word_1_75' title='bbox 195 745 432 791; x_wconf 83' lang='lat' dir='ltr'>versiculus</span> <span class='ocrx_word' id='word_1_76' title='bbox 462 747 541 790; x_wconf 89' lang='lat' dir='ltr'>iste</span> <span class='ocrx_word' id='word_1_77' title='bbox 570 747 728 790; x_wconf 79' lang='lat' dir='ltr'>Psalmi</span> <span class='ocrx_word' id='word_1_78' title='bbox 754 748 906 807; x_wconf 81' lang='lat' dir='ltr'>hujus,</span> <span class='ocrx_word' id='word_1_79' title='bbox 947 766 967 789; x_wconf 89' lang='lat'>«</span> <span class='ocrx_word' id='word_1_80' title='bbox 993 750 1088 791; x_wconf 80' lang='lat' dir='ltr'>Rex</span> <span class='ocrx_word' id='word_1_81' title='bbox 1117 747 1330 791; x_wconf 85' lang='lat' dir='ltr'>virtutum</span> <span class='ocrx_word' id='word_1_82' title='bbox 1357 746 1430 790; x_wconf 91' lang='lat' dir='ltr'>Di-</span> 
     </span>
     <span class='ocr_line' id='line_1_10' title="bbox 11 812 1429 877; baseline 0.004 -21"><span class='ocrx_word' id='word_1_83' title='bbox 11 812 14 818; x_wconf 82' lang='lat'>&#39;</span> <span class='ocrx_word' id='word_1_84' title='bbox 50 832 70 856; x_wconf 94' lang='lat'>»</span> <span class='ocrx_word' id='word_1_85' title='bbox 104 813 228 871; x_wconf 89' lang='lat' dir='ltr'>lecti,</span> <span class='ocrx_word' id='word_1_86' title='bbox 258 833 278 856; x_wconf 94' lang='lat'>»</span> <span class='ocrx_word' id='word_1_87' title='bbox 310 826 500 875; x_wconf 89' lang='lat' dir='ltr'>utroque</span> <span class='ocrx_word' id='word_1_88' title='bbox 540 817 673 860; x_wconf 87' lang='lat' dir='ltr'>modo</span> <span class='ocrx_word' id='word_1_89' title='bbox 714 816 899 875; x_wconf 81' lang='lat' dir='ltr'>intelligi</span> <span class='ocrx_word' id='word_1_90' title='bbox 931 826 1088 877; x_wconf 90' lang='lat' dir='ltr'>potest.</span> <span class='ocrx_word' id='word_1_91' title='bbox 1135 818 1248 861; x_wconf 89' lang='lat' dir='ltr'>Cum</span> <span class='ocrx_word' id='word_1_92' title='bbox 1281 816 1429 876; x_wconf 87' lang='lat' dir='ltr'>itaque</span> 
     </span>
     <span class='ocr_line' id='line_1_11' title="bbox 46 884 1431 947; baseline 0.001 -18"><span class='ocrx_word' id='word_1_93' title='bbox 46 884 221 930; x_wconf 76' lang='lat' dir='ltr'>dixisset</span> <span class='ocrx_word' id='word_1_94' title='bbox 251 906 259 930; x_wconf 79' lang='lat'>2</span> <span class='ocrx_word' id='word_1_95' title='bbox 289 906 309 929; x_wconf 85' lang='lat'>«</span> <span class='ocrx_word' id='word_1_96' title='bbox 333 887 541 932; x_wconf 87' lang='lat' dir='ltr'>Dominus</span> <span class='ocrx_word' id='word_1_97' title='bbox 578 886 701 931; x_wconf 88' lang='lat' dir='ltr'>dabit</span> <span class='ocrx_word' id='word_1_98' title='bbox 721 888 905 932; x_wconf 88' lang='lat' dir='ltr'>verbum</span> <span class='ocrx_word' id='word_1_99' title='bbox 928 887 1321 947; x_wconf 80' lang='lat' dir='ltr'>evangelizantibus</span> <span class='ocrx_word' id='word_1_100' title='bbox 1340 887 1431 932; x_wconf 89' lang='lat' dir='ltr'>vir-</span> 
     </span>
     <span class='ocr_line' id='line_1_12' title="bbox 49 953 1431 1019; baseline 0.004 -21"><span class='ocrx_word' id='word_1_101' title='bbox 49 953 70 998; x_wconf 71' lang='lat' dir='ltr'>ii</span> <span class='ocrx_word' id='word_1_102' title='bbox 104 966 198 1000; x_wconf 90' lang='lat' dir='ltr'>tute</span> <span class='ocrx_word' id='word_1_103' title='bbox 220 957 356 1001; x_wconf 85' lang='lat' dir='ltr'>multa</span> <span class='ocrx_word' id='word_1_104' title='bbox 383 978 391 1002; x_wconf 88' lang='lat'>:</span> <span class='ocrx_word' id='word_1_105' title='bbox 420 976 441 998; x_wconf 87' lang='lat'>»</span> <span class='ocrx_word' id='word_1_106' title='bbox 466 958 567 1017; x_wconf 89' lang='lat' dir='ltr'>quia</span> <span class='ocrx_word' id='word_1_107' title='bbox 589 959 677 1017; x_wconf 86' lang='lat' dir='ltr'>ipsa</span> <span class='ocrx_word' id='word_1_108' title='bbox 695 959 830 1002; x_wconf 88' lang='lat' dir='ltr'>virtus</span> <span class='ocrx_word' id='word_1_109' title='bbox 851 958 905 1002; x_wconf 87' lang='lat' dir='ltr'>ab</span> <span class='ocrx_word' id='word_1_110' title='bbox 927 975 978 1003; x_wconf 94' lang='lat' dir='ltr'>eo</span> <span class='ocrx_word' id='word_1_111' title='bbox 1001 960 1180 1017; x_wconf 87' lang='lat' dir='ltr'>regitur,</span> <span class='ocrx_word' id='word_1_112' title='bbox 1205 960 1330 1019; x_wconf 89' lang='lat' dir='ltr'>eique</span> <span class='ocrx_word' id='word_1_113' title='bbox 1346 961 1431 1003; x_wconf 91' lang='lat' dir='ltr'>mi-</span> 
     </span>
     <span class='ocr_line' id='line_1_13' title="bbox 49 1024 1430 1089; baseline 0.002 -19"><span class='ocrx_word' id='word_1_114' title='bbox 49 1024 144 1070; x_wconf 83' lang='lat' dir='ltr'>litat</span> <span class='ocrx_word' id='word_1_115' title='bbox 161 1043 185 1071; x_wconf 89' lang='lat' dir='ltr'>a</span> <span class='ocrx_word' id='word_1_116' title='bbox 209 1043 297 1087; x_wconf 91' lang='lat' dir='ltr'>quo</span> <span class='ocrx_word' id='word_1_117' title='bbox 326 1027 475 1082; x_wconf 87' lang='lat' dir='ltr'>datur,</span> <span class='ocrx_word' id='word_1_118' title='bbox 501 1028 607 1087; x_wconf 87' lang='lat' dir='ltr'>ipse,</span> <span class='ocrx_word' id='word_1_119' title='bbox 630 1029 788 1088; x_wconf 89' lang='lat' dir='ltr'>inquit,</span> <span class='ocrx_word' id='word_1_120' title='bbox 821 1048 841 1070; x_wconf 84' lang='lat'>«</span> <span class='ocrx_word' id='word_1_121' title='bbox 866 1029 1075 1072; x_wconf 88' lang='lat' dir='ltr'>Dominus</span> <span class='ocrx_word' id='word_1_122' title='bbox 1096 1029 1173 1089; x_wconf 87' lang='lat' dir='ltr'>qui</span> <span class='ocrx_word' id='word_1_123' title='bbox 1194 1029 1317 1073; x_wconf 85' lang='lat' dir='ltr'>dabit</span> <span class='ocrx_word' id='word_1_124' title='bbox 1334 1044 1430 1074; x_wconf 89' lang='lat' dir='ltr'>ver-</span> 
     </span>
     <span class='ocr_line' id='line_1_14' title="bbox 53 1096 1431 1155; baseline 0.004 -18"><span class='ocrx_word' id='word_1_125' title='bbox 53 1115 72 1137; x_wconf 84' lang='lat'>»</span> <span class='ocrx_word' id='word_1_126' title='bbox 108 1096 215 1140; x_wconf 91' lang='lat' dir='ltr'>bum</span> <span class='ocrx_word' id='word_1_127' title='bbox 234 1097 627 1155; x_wconf 78' lang='lat' dir='ltr'>evangelizantibus</span> <span class='ocrx_word' id='word_1_128' title='bbox 649 1098 810 1143; x_wconf 88' lang='lat' dir='ltr'>virtute</span> <span class='ocrx_word' id='word_1_129' title='bbox 842 1098 979 1143; x_wconf 87' lang='lat' dir='ltr'>multa</span> <span class='ocrx_word' id='word_1_130' title='bbox 995 1134 1006 1155; x_wconf 90' lang='lat'>,</span> <span class='ocrx_word' id='word_1_131' title='bbox 1036 1114 1112 1143; x_wconf 77' lang='lat' dir='ltr'>rex</span> <span class='ocrx_word' id='word_1_132' title='bbox 1133 1109 1197 1144; x_wconf 89' lang='lat' dir='ltr'>est</span> <span class='ocrx_word' id='word_1_133' title='bbox 1218 1100 1431 1145; x_wconf 88' lang='lat' dir='ltr'>virtutum</span> 
     </span>
     <span class='ocr_line' id='line_1_15' title="bbox 52 1167 323 1211; baseline 0.015 -3"><span class='ocrx_word' id='word_1_134' title='bbox 52 1183 73 1208; x_wconf 88' lang='lat'>»</span> <span class='ocrx_word' id='word_1_135' title='bbox 107 1167 272 1211; x_wconf 87' lang='lat' dir='ltr'>Dilecti.</span> <span class='ocrx_word' id='word_1_136' title='bbox 303 1186 323 1209; x_wconf 86' lang='lat'>»</span> 
     </span>
     <span class='ocr_line' id='line_1_16' title="bbox 106 1238 1432 1301; baseline 0.004 -20"><span class='ocrx_word' id='word_1_137' title='bbox 106 1240 223 1282; x_wconf 85' lang='lat' dir='ltr'><strong>XVI.</strong></span> <span class='ocrx_word' id='word_1_138' title='bbox 245 1239 411 1283; x_wconf 83' lang='lat' dir='ltr'>Deinde</span> <span class='ocrx_word' id='word_1_139' title='bbox 432 1238 651 1300; x_wconf 84' lang='lat' dir='ltr'>sequitur:</span> <span class='ocrx_word' id='word_1_140' title='bbox 677 1260 697 1283; x_wconf 87' lang='lat'>«</span> <span class='ocrx_word' id='word_1_141' title='bbox 717 1240 886 1297; x_wconf 85' lang='lat' dir='ltr'>Dilecti,</span> <span class='ocrx_word' id='word_1_142' title='bbox 908 1251 952 1285; x_wconf 90' lang='lat' dir='ltr'>et</span> <span class='ocrx_word' id='word_1_143' title='bbox 972 1242 1128 1301; x_wconf 83' lang='lat' dir='ltr'>speciei</span> <span class='ocrx_word' id='word_1_144' title='bbox 1145 1242 1300 1287; x_wconf 89' lang='lat' dir='ltr'>domus</span> <span class='ocrx_word' id='word_1_145' title='bbox 1317 1242 1432 1287; x_wconf 90' lang='lat' dir='ltr'>divi-</span> 
     </span>
     <span class='ocr_line' id='line_1_17' title="bbox 50 1307 1428 1368; baseline 0.005 -19"><span class='ocrx_word' id='word_1_146' title='bbox 50 1325 70 1349; x_wconf 89' lang='lat'>»</span> <span class='ocrx_word' id='word_1_147' title='bbox 106 1307 209 1359; x_wconf 72' lang='lat' dir='ltr'>dere</span> <span class='ocrx_word' id='word_1_148' title='bbox 228 1309 427 1367; x_wconf 72' lang='lat' dir='ltr'>spolia3.»</span> <span class='ocrx_word' id='word_1_149' title='bbox 453 1311 670 1368; x_wconf 77' lang='lat' dir='ltr'>Repetitio</span> <span class='ocrx_word' id='word_1_150' title='bbox 693 1311 881 1368; x_wconf 83' lang='lat' dir='ltr'>pertinet</span> <span class='ocrx_word' id='word_1_151' title='bbox 897 1312 954 1355; x_wconf 89' lang='lat' dir='ltr'>ad</span> <span class='ocrx_word' id='word_1_152' title='bbox 974 1313 1394 1356; x_wconf 82' lang='lat' dir='ltr'>commendationem</span> <span class='ocrx_word' id='word_1_153' title='bbox 1418 1332 1428 1358; x_wconf 74' lang='grc' dir='ltr'>ε</span> 
     </span>
     <span class='ocr_line' id='line_1_18' title="bbox 46 1379 1429 1439; baseline 0.003 -17"><span class='ocrx_word' id='word_1_154' title='bbox 46 1394 299 1439; x_wconf 75' lang='lat' dir='ltr'>quanquam</span> <span class='ocrx_word' id='word_1_155' title='bbox 318 1379 443 1422; x_wconf 82' lang='lat' dir='ltr'>istam</span> <span class='ocrx_word' id='word_1_156' title='bbox 457 1379 759 1438; x_wconf 83' lang='lat' dir='ltr'>repetitionem</span> <span class='ocrx_word' id='word_1_157' title='bbox 776 1396 865 1424; x_wconf 90' lang='lat' dir='ltr'>non</span> <span class='ocrx_word' id='word_1_158' title='bbox 882 1396 1030 1424; x_wconf 88' lang='lat' dir='ltr'>omnes</span> <span class='ocrx_word' id='word_1_159' title='bbox 1042 1381 1210 1425; x_wconf 86' lang='lat' dir='ltr'>codices</span> <span class='ocrx_word' id='word_1_160' title='bbox 1221 1382 1429 1439; x_wconf 85' lang='lat' dir='ltr'>habeant,</span> 
     </span>
     <span class='ocr_line' id='line_1_19' title="bbox 46 1447 1432 1512; baseline 0.004 -20"><span class='ocrx_word' id='word_1_161' title='bbox 46 1458 90 1492; x_wconf 87' lang='lat' dir='ltr'>et</span> <span class='ocrx_word' id='word_1_162' title='bbox 111 1463 204 1492; x_wconf 86' lang='lat' dir='ltr'>eam</span> <span class='ocrx_word' id='word_1_163' title='bbox 223 1447 516 1507; x_wconf 79' lang='lat' dir='ltr'>diligentiores</span> <span class='ocrx_word' id='word_1_164' title='bbox 537 1447 659 1492; x_wconf 84' lang='lat' dir='ltr'>stella</span> <span class='ocrx_word' id='word_1_165' title='bbox 678 1450 871 1508; x_wconf 86' lang='lat' dir='ltr'>apposita</span> <span class='ocrx_word' id='word_1_166' title='bbox 894 1460 1166 1509; x_wconf 73' lang='lat' dir='ltr'>praenotant,</span> <span class='ocrx_word' id='word_1_167' title='bbox 1191 1468 1291 1512; x_wconf 82' lang='lat' dir='ltr'>quae</span> <span class='ocrx_word' id='word_1_168' title='bbox 1310 1453 1432 1511; x_wconf 84' lang='lat' dir='ltr'>signa</span> 
     </span>
     <span class='ocr_line' id='line_1_20' title="bbox 16 1519 1434 1579; baseline 0.003 -15"><span class='ocrx_word' id='word_1_169' title='bbox 16 1538 22 1543; x_wconf 94' lang='lat'><strong>·</strong></span> <span class='ocrx_word' id='word_1_170' title='bbox 44 1529 256 1564; x_wconf 84' lang='lat' dir='ltr'>vocantur</span> <span class='ocrx_word' id='word_1_171' title='bbox 279 1519 493 1573; x_wconf 83' lang='lat' dir='ltr'>asterisci,</span> <span class='ocrx_word' id='word_1_172' title='bbox 523 1520 681 1579; x_wconf 88' lang='lat' dir='ltr'>quibus</span> <span class='ocrx_word' id='word_1_173' title='bbox 715 1521 888 1579; x_wconf 78' lang='lat' dir='ltr'>agnosci</span> <span class='ocrx_word' id='word_1_174' title='bbox 909 1520 1065 1565; x_wconf 92' lang='lat' dir='ltr'>volunt</span> <span class='ocrx_word' id='word_1_175' title='bbox 1088 1538 1137 1566; x_wconf 87' lang='lat' dir='ltr'>ea</span> <span class='ocrx_word' id='word_1_176' title='bbox 1157 1538 1248 1567; x_wconf 92' lang='lat' dir='ltr'>non</span> <span class='ocrx_word' id='word_1_177' title='bbox 1276 1539 1365 1568; x_wconf 89' lang='lat' dir='ltr'>esse</span> <span class='ocrx_word' id='word_1_178' title='bbox 1387 1525 1434 1569; x_wconf 91' lang='lat' dir='ltr'>in</span> 
     </span>
     <span class='ocr_line' id='line_1_21' title="bbox 45 1590 1428 1655; baseline 0.004 -22"><span class='ocrx_word' id='word_1_179' title='bbox 45 1590 399 1650; x_wconf 85' lang='lat' dir='ltr'>interpretatione</span> <span class='ocrx_word' id='word_1_180' title='bbox 426 1590 722 1649; x_wconf 84' lang='lat' dir='ltr'>Septuaginta,</span> <span class='ocrx_word' id='word_1_181' title='bbox 748 1591 824 1635; x_wconf 90' lang='lat' dir='ltr'>sed</span> <span class='ocrx_word' id='word_1_182' title='bbox 843 1607 932 1636; x_wconf 90' lang='lat' dir='ltr'>esse</span> <span class='ocrx_word' id='word_1_183' title='bbox 955 1592 1001 1636; x_wconf 92' lang='lat' dir='ltr'>in</span> <span class='ocrx_word' id='word_1_184' title='bbox 1022 1593 1224 1650; x_wconf 84' lang='lat' dir='ltr'>hebraeo,</span> <span class='ocrx_word' id='word_1_185' title='bbox 1245 1611 1344 1655; x_wconf 83' lang='lat' dir='ltr'>quae</span> <span class='ocrx_word' id='word_1_186' title='bbox 1362 1604 1428 1639; x_wconf 87' lang='lat' dir='ltr'>ta-</span> 
     </span>
     <span class='ocr_line' id='line_1_22' title="bbox 45 1660 1430 1724; baseline 0.004 -19"><span class='ocrx_word' id='word_1_187' title='bbox 45 1660 158 1707; x_wconf 88' lang='lat' dir='ltr'>libus</span> <span class='ocrx_word' id='word_1_188' title='bbox 186 1662 477 1724; x_wconf 82' lang='lat' dir='ltr'>insigniuntur</span> <span class='ocrx_word' id='word_1_189' title='bbox 510 1662 638 1706; x_wconf 89' lang='lat' dir='ltr'>notis.</span> <span class='ocrx_word' id='word_1_190' title='bbox 672 1661 756 1707; x_wconf 89' lang='lat' dir='ltr'>Sed</span> <span class='ocrx_word' id='word_1_191' title='bbox 788 1664 875 1708; x_wconf 87' lang='lat' dir='ltr'>sive</span> <span class='ocrx_word' id='word_1_192' title='bbox 903 1673 1147 1722; x_wconf 87' lang='lat' dir='ltr'>repetatur,</span> <span class='ocrx_word' id='word_1_193' title='bbox 1184 1665 1272 1710; x_wconf 91' lang='lat' dir='ltr'>sive</span> <span class='ocrx_word' id='word_1_194' title='bbox 1297 1667 1430 1711; x_wconf 88' lang='lat' dir='ltr'>semel</span> 
     </span>
     <span class='ocr_line' id='line_1_23' title="bbox 46 1733 1425 1795; baseline 0.003 -17"><span class='ocrx_word' id='word_1_195' title='bbox 46 1733 213 1779; x_wconf 88' lang='lat' dir='ltr'>dictum</span> <span class='ocrx_word' id='word_1_196' title='bbox 241 1735 474 1794; x_wconf 84' lang='lat' dir='ltr'>accipiatur</span> <span class='ocrx_word' id='word_1_197' title='bbox 498 1735 619 1795; x_wconf 89' lang='lat' dir='ltr'>quod</span> <span class='ocrx_word' id='word_1_198' title='bbox 641 1734 830 1793; x_wconf 90' lang='lat' dir='ltr'>positum</span> <span class='ocrx_word' id='word_1_199' title='bbox 856 1744 938 1790; x_wconf 89' lang='lat' dir='ltr'>est,</span> <span class='ocrx_word' id='word_1_200' title='bbox 970 1754 990 1777; x_wconf 78' lang='lat'>«</span> <span class='ocrx_word' id='word_1_201' title='bbox 1022 1736 1200 1794; x_wconf 77' lang='lat' dir='ltr'>Dilecti3</span> <span class='ocrx_word' id='word_1_202' title='bbox 1227 1756 1247 1779; x_wconf 86' lang='lat'>»</span> <span class='ocrx_word' id='word_1_203' title='bbox 1274 1738 1332 1782; x_wconf 86' lang='lat' dir='ltr'>sie</span> <span class='ocrx_word' id='word_1_204' title='bbox 1354 1738 1425 1782; x_wconf 91' lang='lat' dir='ltr'>in-</span> 
     </span>
     <span class='ocr_line' id='line_1_24' title="bbox 46 1804 1428 1865; baseline 0.001 -15"><span class='ocrx_word' id='word_1_205' title='bbox 46 1805 331 1865; x_wconf 85' lang='lat' dir='ltr'>telligendum</span> <span class='ocrx_word' id='word_1_206' title='bbox 367 1814 474 1864; x_wconf 88' lang='lat' dir='ltr'>puto</span> <span class='ocrx_word' id='word_1_207' title='bbox 499 1804 619 1864; x_wconf 86' lang='lat' dir='ltr'>quod</span> <span class='ocrx_word' id='word_1_208' title='bbox 639 1805 858 1864; x_wconf 88' lang='lat' dir='ltr'>sequitur,</span> <span class='ocrx_word' id='word_1_209' title='bbox 884 1824 902 1847; x_wconf 89' lang='lat'>«</span> <span class='ocrx_word' id='word_1_210' title='bbox 927 1808 985 1849; x_wconf 92' lang='lat' dir='ltr'>Et</span> <span class='ocrx_word' id='word_1_211' title='bbox 1005 1806 1161 1865; x_wconf 89' lang='lat' dir='ltr'>speciei</span> <span class='ocrx_word' id='word_1_212' title='bbox 1182 1806 1337 1852; x_wconf 90' lang='lat' dir='ltr'>domus</span> <span class='ocrx_word' id='word_1_213' title='bbox 1360 1807 1428 1852; x_wconf 85' lang='lat' dir='ltr'>di-</span> 
     </span>
     <span class='ocr_line' id='line_1_25' title="bbox 49 1874 1429 1938; baseline 0.002 -18"><span class='ocrx_word' id='word_1_214' title='bbox 49 1895 70 1920; x_wconf 80' lang='grc'>»</span> <span class='ocrx_word' id='word_1_215' title='bbox 103 1877 248 1923; x_wconf 87' lang='lat' dir='ltr'>videre</span> <span class='ocrx_word' id='word_1_216' title='bbox 277 1876 460 1936; x_wconf 85' lang='lat' dir='ltr'>spolia,»</span> <span class='ocrx_word' id='word_1_217' title='bbox 493 1875 591 1919; x_wconf 88' lang='lat' dir='ltr'>acsi</span> <span class='ocrx_word' id='word_1_218' title='bbox 616 1874 832 1919; x_wconf 88' lang='lat' dir='ltr'>diceretur</span> <span class='ocrx_word' id='word_1_219' title='bbox 858 1894 866 1920; x_wconf 90' lang='lat'>:</span> <span class='ocrx_word' id='word_1_220' title='bbox 897 1876 1089 1921; x_wconf 86' lang='lat' dir='ltr'>«Dileeti</span> <span class='ocrx_word' id='word_1_221' title='bbox 1120 1878 1250 1922; x_wconf 88' lang='lat' dir='ltr'>etiam</span> <span class='ocrx_word' id='word_1_222' title='bbox 1272 1879 1429 1938; x_wconf 86' lang='lat' dir='ltr'>speciei</span> 
     </span>
     <span class='ocr_line' id='line_1_26' title="bbox 49 1945 1427 2007; baseline 0.002 -16"><span class='ocrx_word' id='word_1_223' title='bbox 49 1967 72 1991; x_wconf 84' lang='lat'>»</span> <span class='ocrx_word' id='word_1_224' title='bbox 98 1949 252 1994; x_wconf 90' lang='lat' dir='ltr'>domus</span> <span class='ocrx_word' id='word_1_225' title='bbox 261 1947 455 1993; x_wconf 86' lang='lat' dir='ltr'>dividere</span> <span class='ocrx_word' id='word_1_226' title='bbox 467 1947 647 2007; x_wconf 83' lang='lat' dir='ltr'>spolia,»</span> <span class='ocrx_word' id='word_1_227' title='bbox 658 1945 704 1990; x_wconf 92' lang='lat' dir='ltr'>id</span> <span class='ocrx_word' id='word_1_228' title='bbox 716 1955 795 2002; x_wconf 90' lang='lat' dir='ltr'>est,</span> <span class='ocrx_word' id='word_1_229' title='bbox 809 1946 960 1991; x_wconf 88' lang='lat' dir='ltr'>Dilecti</span> <span class='ocrx_word' id='word_1_230' title='bbox 978 1948 1105 1992; x_wconf 88' lang='lat' dir='ltr'>etiam</span> <span class='ocrx_word' id='word_1_231' title='bbox 1125 1949 1181 1992; x_wconf 85' lang='lat' dir='ltr'>ad</span> <span class='ocrx_word' id='word_1_232' title='bbox 1191 1948 1427 1994; x_wconf 87' lang='lat' dir='ltr'>dividenda</span> 
     </span>
     <span class='ocr_line' id='line_1_27' title="bbox 46 2016 1431 2080; baseline 0.001 -16"><span class='ocrx_word' id='word_1_233' title='bbox 46 2020 195 2080; x_wconf 83' lang='lat' dir='ltr'>spolia.</span> <span class='ocrx_word' id='word_1_234' title='bbox 219 2020 462 2079; x_wconf 88' lang='lat' dir='ltr'>Speciosam</span> <span class='ocrx_word' id='word_1_235' title='bbox 480 2018 642 2078; x_wconf 87' lang='lat' dir='ltr'>qnippe</span> <span class='ocrx_word' id='word_1_236' title='bbox 663 2017 858 2071; x_wconf 90' lang='lat' dir='ltr'>domum,</span> <span class='ocrx_word' id='word_1_237' title='bbox 875 2016 921 2061; x_wconf 92' lang='lat' dir='ltr'>id</span> <span class='ocrx_word' id='word_1_238' title='bbox 933 2026 1011 2072; x_wconf 87' lang='lat' dir='ltr'>est,</span> <span class='ocrx_word' id='word_1_239' title='bbox 1034 2018 1269 2063; x_wconf 79' lang='lat' dir='ltr'>Ecclesiam</span> <span class='ocrx_word' id='word_1_240' title='bbox 1285 2020 1431 2065; x_wconf 85' lang='lat' dir='ltr'>Chris-</span> 
     </span>
     <span class='ocr_line' id='line_1_28' title="bbox 47 2086 1426 2150; baseline 0 -15"><span class='ocrx_word' id='word_1_241' title='bbox 47 2100 116 2135; x_wconf 84' lang='lat' dir='ltr'>tus</span> <span class='ocrx_word' id='word_1_242' title='bbox 137 2088 255 2144; x_wconf 82' lang='lat' dir='ltr'>fecit,</span> <span class='ocrx_word' id='word_1_243' title='bbox 279 2088 514 2133; x_wconf 87' lang='lat' dir='ltr'>dividendo</span> <span class='ocrx_word' id='word_1_244' title='bbox 532 2087 593 2131; x_wconf 88' lang='lat' dir='ltr'>illi</span> <span class='ocrx_word' id='word_1_245' title='bbox 615 2086 749 2147; x_wconf 86' lang='lat' dir='ltr'>spolia</span> <span class='ocrx_word' id='word_1_246' title='bbox 771 2106 779 2131; x_wconf 74' lang='grc' dir='ltr'><strong>ι</strong></span> <span class='ocrx_word' id='word_1_247' title='bbox 799 2088 909 2130; x_wconf 88' lang='lat' dir='ltr'>sicut</span> <span class='ocrx_word' id='word_1_248' title='bbox 921 2087 1163 2146; x_wconf 86' lang='lat' dir='ltr'>speciosum</span> <span class='ocrx_word' id='word_1_249' title='bbox 1185 2098 1248 2133; x_wconf 90' lang='lat' dir='ltr'>est</span> <span class='ocrx_word' id='word_1_250' title='bbox 1269 2105 1426 2150; x_wconf 87' lang='lat' dir='ltr'>corpus</span> 
     </span>
     <span class='ocr_line' id='line_1_29' title="bbox 46 2157 1423 2221; baseline 0.001 -17"><span class='ocrx_word' id='word_1_251' title='bbox 46 2159 350 2204; x_wconf 89' lang='lat' dir='ltr'>distributione</span> <span class='ocrx_word' id='word_1_252' title='bbox 382 2158 695 2202; x_wconf 88' lang='lat' dir='ltr'>membrorum.</span> <span class='ocrx_word' id='word_1_253' title='bbox 740 2157 884 2216; x_wconf 89' lang='lat' dir='ltr'>Spolia</span> <span class='ocrx_word' id='word_1_254' title='bbox 919 2173 1050 2217; x_wconf 88' lang='lat' dir='ltr'>porro</span> <span class='ocrx_word' id='word_1_255' title='bbox 1082 2158 1290 2204; x_wconf 89' lang='lat' dir='ltr'>dicuntur</span> <span class='ocrx_word' id='word_1_256' title='bbox 1324 2177 1423 2221; x_wconf 86' lang='lat' dir='ltr'>quae</span> 
     </span>
     <span class='ocr_line' id='line_1_30' title="bbox 44 2228 1424 2290; baseline 0.001 -14"><span class='ocrx_word' id='word_1_257' title='bbox 44 2231 166 2276; x_wconf 84' lang='lat' dir='ltr'>victis</span> <span class='ocrx_word' id='word_1_258' title='bbox 200 2230 395 2275; x_wconf 88' lang='lat' dir='ltr'>hostibus</span> <span class='ocrx_word' id='word_1_259' title='bbox 429 2229 734 2272; x_wconf 82' lang='lat' dir='ltr'>detrahuntur.</span> <span class='ocrx_word' id='word_1_260' title='bbox 792 2231 884 2272; x_wconf 90' lang='lat' dir='ltr'>Hoc</span> <span class='ocrx_word' id='word_1_261' title='bbox 917 2228 1023 2288; x_wconf 89' lang='lat' dir='ltr'>quid</span> <span class='ocrx_word' id='word_1_262' title='bbox 1051 2229 1104 2273; x_wconf 90' lang='lat' dir='ltr'>sit</span> <span class='ocrx_word' id='word_1_263' title='bbox 1134 2231 1424 2290; x_wconf 87' lang='lat' dir='ltr'>Evangelium</span> 
     </span>
     <span class='ocr_line' id='line_1_31' title="bbox 24 2298 1422 2357; baseline 0 -11"><span class='ocrx_word' id='word_1_264' title='bbox 24 2317 124 2346; x_wconf 60' lang='lat' dir='ltr'>„nos</span> <span class='ocrx_word' id='word_1_265' title='bbox 145 2301 369 2354; x_wconf 88' lang='lat' dir='ltr'>admonet,</span> <span class='ocrx_word' id='word_1_266' title='bbox 390 2298 469 2342; x_wconf 86' lang='lat' dir='ltr'>ubi</span> <span class='ocrx_word' id='word_1_267' title='bbox 489 2298 674 2357; x_wconf 87' lang='lat' dir='ltr'>legimus</span> <span class='ocrx_word' id='word_1_268' title='bbox 700 2317 708 2342; x_wconf 77' lang='grc' dir='ltr'>ε</span> <span class='ocrx_word' id='word_1_269' title='bbox 733 2300 903 2343; x_wconf 87' lang='lat' dir='ltr'>«Nemo</span> <span class='ocrx_word' id='word_1_270' title='bbox 925 2299 1117 2343; x_wconf 88' lang='lat' dir='ltr'>intratin</span> <span class='ocrx_word' id='word_1_271' title='bbox 1136 2299 1316 2346; x_wconf 90' lang='lat' dir='ltr'>domum</span> <span class='ocrx_word' id='word_1_272' title='bbox 1338 2301 1422 2347; x_wconf 85' lang='lat' dir='ltr'>for-</span> 
     </span>
     <span class='ocr_line' id='line_1_32' title="bbox 49 2369 1422 2431; baseline -0.001 -15"><span class='ocrx_word' id='word_1_273' title='bbox 49 2392 72 2416; x_wconf 84' lang='lat'>»</span> <span class='ocrx_word' id='word_1_274' title='bbox 105 2374 173 2428; x_wconf 90' lang='lat' dir='ltr'>tis,</span> <span class='ocrx_word' id='word_1_275' title='bbox 192 2383 243 2418; x_wconf 81' lang='lat' dir='ltr'>ut</span> <span class='ocrx_word' id='word_1_276' title='bbox 257 2388 356 2417; x_wconf 88' lang='lat' dir='ltr'>vasa</span> <span class='ocrx_word' id='word_1_277' title='bbox 378 2373 469 2431; x_wconf 84' lang='lat' dir='ltr'>ejus</span> <span class='ocrx_word' id='word_1_278' title='bbox 487 2369 674 2429; x_wconf 85' lang='lat' dir='ltr'>diripiat,</span> <span class='ocrx_word' id='word_1_279' title='bbox 700 2371 780 2413; x_wconf 91' lang='lat' dir='ltr'>nisi</span> <span class='ocrx_word' id='word_1_280' title='bbox 798 2370 916 2429; x_wconf 89' lang='lat' dir='ltr'>prius</span> <span class='ocrx_word' id='word_1_281' title='bbox 938 2369 1176 2428; x_wconf 86' lang='lat' dir='ltr'>alligaverit</span> <span class='ocrx_word' id='word_1_282' title='bbox 1198 2370 1422 2417; x_wconf 51' lang='lat' dir='ltr'>fortem-²¹.»</span> 
     </span>
     <span class='ocr_line' id='line_1_33' title="bbox 47 2439 1408 2503; baseline -0.001 -15"><span class='ocrx_word' id='word_1_283' title='bbox 47 2443 249 2503; x_wconf 78' lang='lat' dir='ltr'>Alligavit</span> <span class='ocrx_word' id='word_1_284' title='bbox 266 2458 366 2501; x_wconf 88' lang='lat' dir='ltr'>ergo</span> <span class='ocrx_word' id='word_1_285' title='bbox 387 2440 611 2486; x_wconf 82' lang='lat' dir='ltr'>diabolum</span> <span class='ocrx_word' id='word_1_286' title='bbox 628 2439 823 2484; x_wconf 84' lang='lat' dir='ltr'>Christus</span> <span class='ocrx_word' id='word_1_287' title='bbox 840 2439 1103 2499; x_wconf 83' lang='lat' dir='ltr'>spiritalibus</span> <span class='ocrx_word' id='word_1_288' title='bbox 1127 2441 1307 2486; x_wconf 84' lang='lat' dir='ltr'>vinculis</span> <span class='ocrx_word' id='word_1_289' title='bbox 1326 2477 1336 2498; x_wconf 93' lang='lat'>,</span> <span class='ocrx_word' id='word_1_290' title='bbox 1357 2460 1408 2486; x_wconf 88' lang='lat' dir='ltr'>su</span> 
     </span>
     <span class='ocr_line' id='line_1_34' title="bbox 96 2534 1419 2581; baseline -0.002 -8"><span class='ocrx_word' id='word_1_291' title='bbox 96 2542 105 2558; x_wconf 91' lang='lat'>¹</span> <span class='ocrx_word' id='word_1_292' title='bbox 133 2552 146 2572; x_wconf 88' lang='lat'>1</span> <span class='ocrx_word' id='word_1_293' title='bbox 166 2541 243 2572; x_wconf 86' lang='lat' dir='ltr'>Tim.</span> <span class='ocrx_word' id='word_1_294' title='bbox 266 2551 295 2581; x_wconf 86' lang='lat'>1,</span> <span class='ocrx_word' id='word_1_295' title='bbox 331 2549 381 2580; x_wconf 75' lang='lat'>15.</span> <span class='ocrx_word' id='word_1_296' title='bbox 411 2555 452 2561; x_wconf 87' lang='lat'>--</span> <span class='ocrx_word' id='word_1_297' title='bbox 483 2544 496 2559; x_wconf 85' lang='lat'><strong>²</strong></span> <span class='ocrx_word' id='word_1_298' title='bbox 524 2536 606 2568; x_wconf 80' lang='lat' dir='ltr'>Psal.</span> <span class='ocrx_word' id='word_1_299' title='bbox 636 2547 721 2577; x_wconf 69' lang='lat' dir='ltr'>Lxxi,</span> <span class='ocrx_word' id='word_1_300' title='bbox 754 2544 786 2569; x_wconf 85' lang='lat'>2.</span> <span class='ocrx_word' id='word_1_301' title='bbox 817 2534 893 2559; x_wconf 84' lang='lat'>—3</span> <span class='ocrx_word' id='word_1_302' title='bbox 922 2536 968 2568; x_wconf 90' lang='lat' dir='ltr'>Id.</span> <span class='ocrx_word' id='word_1_303' title='bbox 988 2547 1094 2578; x_wconf 66' lang='lat' dir='ltr'>mvn,</span> <span class='ocrx_word' id='word_1_304' title='bbox 1129 2538 1181 2569; x_wconf 79' lang='lat'>13.</span> <span class='ocrx_word' id='word_1_305' title='bbox 1202 2536 1278 2567; x_wconf 78' lang='lat'>—4</span> <span class='ocrx_word' id='word_1_306' title='bbox 1305 2538 1419 2570; x_wconf 80' lang='lat' dir='ltr'>Matth.</span> 
     </span>
     <span class='ocr_line' id='line_1_35' title="bbox 48 2608 168 2640; baseline -0.017 -10"><span class='ocrx_word' id='word_1_307' title='bbox 48 2609 101 2640; x_wconf 80' lang='lat' dir='ltr'>xu,</span> <span class='ocrx_word' id='word_1_308' title='bbox 119 2608 168 2640; x_wconf 77' lang='lat'>19.</span> 
     </span>
    </p>
   </div>
   <div class='ocr_carea' id='block_1_4' title="bbox 1200 2647 1263 2685">
    <p class='ocr_par' dir='ltr' id='par_1_4' title="bbox 1200 2647 1263 2685">
     <span class='ocr_line' id='line_1_36' title="bbox 1200 2647 1263 2685; baseline 0 -1"><span class='ocrx_word' id='word_1_309' title='bbox 1200 2647 1263 2685; x_wconf 79' lang='lat'>18.</span> 
     </span>
    </p>
   </div>
  </div>
 </body>
</html>
