1889 3285
106 269 112 273 1
343 232 582 263 ENARnAno
612 236 658 263 IN
690 233 892 264 PsALMuM
925 238 1024 265 va.
1298 230 1382 268 237

4 296 134 341 riores
156 305 258 341 sunt
278 297 378 356 ipsis
399 298 580 342 ossibus.
613 299 812 360 Quisquis
842 316 945 360 ergo
967 302 1012 344 in
1033 301 1259 360 superficie
1280 303 1386 347 colit

3 369 142 412 Deum
158 401 169 422 ‚
189 367 324 427 magis
344 368 514 427 placere
541 368 636 412 vult
656 370 904 414 hominibus
921 391 932 427 3
956 370 1075 414 aliud
1099 380 1246 415 autem
1266 372 1384 417 intus

2 436 211 491 sentiens,
241 452 331 480 non
362 437 492 481 offert
518 437 769 483 holocausta
796 438 1086 483 medullarum
1115 459 1123 484 :
1150 442 1271 501 cujus
1304 458 1384 486 au-

2 515 91 551 tem
117 506 353 551 medullam
389 508 588 567 inspicit,
629 509 771 568 ipsum
807 519 950 554 totum
987 510 1155 567 accipit.
1191 530 1212 554 <c
1245 511 1383 557 Holo-

3 595 26 619 »
59 586 206 622 causta
233 577 471 623 medullata
491 579 670 623 offeram
697 580 798 636 tibi,
822 596 923 626 cum
954 581 1131 626 incenso
1153 590 1196 625 et
1233 583 1381 628 arieti-

3 665 25 689 »
59 647 156 692 bus.
185 666 206 689 »
231 649 395 693 Arietes
423 649 554 694 duces
587 649 789 694 Ecclesiae
820 670 828 695 :
865 659 1003 695 totum
1035 666 1192 710 corpus
1223 653 1384 697 Christi

0 717 196 779 loquitur
221 739 230 764 ε
253 720 337 764 hoc
360 729 444 776 est,
469 721 589 781 quod
613 721 742 765 offert
773 727 873 766 Deo.
910 725 1140 767 Incensum
1162 722 1270 782 quid
1295 726 1384 768 est?

0 789 162 835 Oratio.
214 809 234 833 «
266 792 379 835 Cum
416 791 591 835 incenso
632 800 676 835 et
713 791 949 836 arietibus?
981 810 1001 833 »
1039 792 1224 837 Maxime
1267 794 1384 838 enim

0 859 150 904 arietes
167 870 293 905 orant
313 876 392 920 pro
416 861 630 919 gregibus.
662 881 682 904 «
706 862 899 906 Offeram
921 862 1002 906 tibi
1024 862 1155 907 boves
1175 878 1276 907 cum
1293 864 1380 908 hir-

2 947 23 971 »
57 929 132 974 cis.
159 948 179 972 »
206 934 340 975 Boves
374 931 615 976 invenimus
644 931 919 987 triturantes,
953 941 996 976 et
1026 933 1105 992 ipsi
1135 933 1383 978 offeruntur

0 1002 104 1045 Deo.
127 999 359 1059 Apostolus
382 1000 436 1045 de
453 1001 831 1046 annuntiatoribus
853 1002 1079 1061 Evangelii
1100 1003 1206 1047 dixit
1226 1003 1384 1048 intelli-

0 1070 192 1128 gendum
209 1105 220 1126 ,
240 1071 362 1131 quod
377 1072 585 1131 scriptum
602 1081 665 1116 est
688 1091 697 1116 :
728 1091 747 1113 «
767 1072 872 1116 Bovi
895 1073 1115 1117 trituranti
1133 1089 1179 1118 os
1200 1090 1291 1118 non
1312 1074 1383 1118 in-

0 1138 201 1185 frenabis.
226 1140 451 1201 Numquid
470 1141 524 1186 de
546 1142 687 1185 bobus
708 1142 896 1201 pertinet
923 1142 977 1187 ad
1000 1146 1137 1187 Deum
1153 1146 1197 1187 ¹?
1221 1163 1240 1185 υ
1266 1147 1383 1203 Ergo

0 1211 144 1268 magni
165 1209 228 1254 illi
251 1211 402 1255 arietes
418 1246 428 1266 ‚
462 1211 606 1269 magni
633 1211 783 1255 boves.
810 1212 926 1264 Quid
949 1212 1105 1272 reliqui
1125 1248 1134 1267 ,
1171 1215 1247 1273 qui
1270 1214 1382 1258 forte

0 1280 157 1324 conscii
170 1290 271 1324 sunt
283 1281 527 1341 aliquorum
546 1292 841 1342 peccatorum,
854 1283 929 1341 qui
941 1281 1052 1326 forte
1065 1284 1110 1326 in
1124 1283 1218 1342 ipso
1230 1284 1383 1328 itinere

0 1347 104 1409 lapsi
124 1359 246 1405 sunt,
279 1359 321 1394 et
353 1352 530 1396 sauciati
553 1367 629 1411 per
651 1352 956 1411 poenitentiam
982 1355 1219 1396 sanantur?
1243 1357 1382 1398 Num-

0 1420 104 1480 quid
128 1429 172 1464 et
190 1420 270 1480 ipsi
291 1421 580 1466 remanebunt
597 1457 607 1477 ‚
636 1431 680 1466 et
707 1422 762 1465 ad
790 1421 1041 1466 holocausta
1072 1438 1161 1467 non
1188 1424 1381 1483 pertine-

0 1490 141 1535 bunt?
170 1493 233 1536 Ne
260 1492 340 1551 ipsi
369 1493 577 1547 timeant,
607 1491 774 1536 addidit
795 1501 838 1535 et
861 1493 1016 1537 hircos.
1050 1512 1068 1534 «
1092 1493 1379 1551 Holocausta‚

0 1578 21 1603 »
56 1561 224 1622 inquit,
249 1562 488 1607 medullata
510 1563 690 1607 offeram
718 1563 798 1607 tibi
813 1598 822 1616 ‚
849 1579 950 1607 cum
972 1564 1148 1608 incenso
1170 1574 1212 1609 et
1234 1566 1382 1610 arieti-

0 1648 21 1672 »
56 1631 138 1675 bus
155 1650 166 1676 ε
186 1632 368 1676 offeram
385 1632 464 1676 tibi
486 1633 619 1677 boves
640 1648 742 1677 cum
762 1632 906 1677 hircis.
932 1650 952 1673 >›
978 1634 1273 1693 Adjtmctione
1290 1636 1382 1695 ipsa

0 1701 216 1746 salvantur
238 1702 344 1747 hirci
366 1723 377 1760 3
400 1718 477 1762 per
505 1719 548 1747 sc
570 1719 659 1748 non
689 1712 892 1762 possunt,
920 1702 1115 1764 adjuncti
1141 1706 1284 1750 bobus
1307 1723 1381 1751 ac-

0 1771 234 1831 cipiuntur.
260 1775 478 1817 Fecerunt
499 1773 616 1816 enim
645 1773 804 1817 amicos
825 1773 879 1816 de
900 1788 1150 1818 mammona
1172 1775 1382 1835 iniquita-

0 1842 90 1897 tis²‚
115 1852 164 1887 ut
186 1842 267 1902 ipsi
288 1843 497 1902 recipiant
517 1858 590 1887 eos
607 1842 653 1886 in
674 1851 836 1886 aeterna
857 1843 1153 1888 tabernacula.
1174 1848 1290 1904 Ergo
1312 1846 1381 1891 isti

0 1912 106 1957 hirci
128 1928 217 1957 non
239 1922 368 1957 erunt
389 1929 412 1957 a
437 1913 614 1957 sinistris
631 1948 642 1968 ,
681 1913 782 1973 quia
810 1911 1009 1957 fecerunt
1036 1914 1117 1958 sibi
1145 1917 1303 1961 amicos
1326 1917 1381 1961 de

0 1998 244 2027 mammona
265 1983 518 2043 iniquitatis.
540 1984 624 2037 Qui
645 1993 789 2027 autem
808 1984 915 2029 hirci
932 1984 987 2028 ad
1007 1985 1248 2031 sinistram?
1271 1988 1380 2041 Qui-

0 2053 77 2097 bus
91 2053 280 2097 dicetur:
297 2054 514 2108 «Esurivi‚
536 2063 579 2098 et
596 2069 685 2098 non
698 2052 876 2098 dedistis
894 2055 1002 2098 mihi
1023 2055 1311 2102 manducare3
1330 2078 1338 2103 :
1357 2078 1376 2100 n

0 2139 86 2168 non
105 2124 180 2183 qui
201 2132 376 2183 peccata
397 2140 473 2168 sua
494 2123 775 2182 eleemosynis
791 2124 1082 2170 redemerunt}

54 2196 174 2238 XXI.
206 2212 226 2235 «
250 2194 406 2238 Venite
422 2229 432 2248 ‚
453 2193 623 2249 audite,
650 2204 692 2238 et
713 2195 899 2240 narrabo
914 2231 925 2251 ‚
950 2206 1106 2241 ‘omnes
1124 2198 1200 2258 qui
1221 2199 1379 2245 timetis

0 2281 21 2306 ))
56 2264 236 2308 Deum⁴.
267 2281 288 2304 »
314 2264 574 2319 Veniamus,
611 2264 836 2310 audiamus
872 2266 979 2326 quid
1016 2278 1266 2314 narraturus
1298 2281 1377 2315 est.

4 2354 25 2378 (ι
56 2335 238 2389 Venite,
274 2334 446 2391 audite⁷
484 2345 525 2379 et
558 2336 758 2381 narrabo.
788 2356 807 2379 >›
848 2337 933 2382 Sed
965 2340 1063 2399 qui,
1101 2360 1120 2382 α
1146 2341 1301 2385 Venite
1338 2352 1382 2386 et

2 2424 24 2448 ³)
59 2406 234 2451 audite?
255 2408 414 2450 Omnes
433 2408 508 2467 qui
525 2408 681 2452 timetis
708 2411 861 2453 Deum.
882 2427 902 2449 »
931 2411 973 2454 Si
991 2413 1129 2455 Deum
1151 2428 1240 2456 non
1258 2413 1381 2457 time-

0 2470 75 2532 tis,
100 2492 189 2522 non
207 2476 408 2521 narrabo.
435 2479 533 2522 Non
552 2487 616 2522 est
633 2479 795 2539 quibus
818 2489 1032 2536 narretur,
1058 2481 1135 2524 ubi
1153 2482 1229 2525 Dei
1253 2483 1380 2527 timor

48 2566 56 2584 ¹
82 2573 94 2593 1
117 2564 186 2595 Cor.
206 2572 249 2604 ix,
265 2573 297 2604 9.
318 2579 358 2585 -—
379 2568 391 2584 ²
407 2564 483 2596 Luc.
505 2574 568 2605 xvi,
587 2574 619 2606 9.
641 2580 682 2586 —
703 2560 716 2586 3
734 2564 847 2598 Matth.
873 2575 949 2607 xxv,
969 2564 1023 2608 [μὶ.
1047 2583 1087 2588 -
1107 2564 1122 2589 A
1137 2566 1216 2600 Psal.
1237 2577 1307 2608 mxv,
1326 2569 1378 2599 16.
