1889 3285
427 236 669 267 ENARRA'no
700 239 746 266 ΙΝ
777 236 981 267 PsALMUM
1011 239 1136 267 Lxxv.
1379 227 1462 268 515

87 322 108 345 »
143 302 302 363 Apollo
322 337 333 359 ,
359 318 440 362 ego
463 303 640 363 Cephae,
663 321 684 344 »
704 302 750 346 id
771 312 850 358 est,
871 304 1002 347 Petri.
1024 307 1112 348 Hos
1133 303 1301 363 plangit
1322 306 1464 363 Apos-

83 373 200 419 tolus
215 410 226 430 ,
261 383 305 418 et
330 373 437 418 d-icit
465 374 522 418 eis
543 394 551 418 :
586 393 606 416 «
631 373 799 418 Divisus
813 383 876 418 est
897 374 1122 419 Christus?
1149 393 1168 416 »
1194 378 1251 418 Et
1272 390 1314 418 se
1334 373 1465 434 elegit

84 461 218 506 quem
240 445 357 505 apud
376 445 488 504 ipsos
504 454 814 490 contemneret.
843 444 1097 504 «Numquid
1115 445 1273 489 Paulus
1290 461 1368 505 pro
1386 461 1466 489 vo-

87 533 110 557 »
144 516 210 559 bis
228 515 457 560 crucifixus
476 524 554 570 est,
572 515 702 559 autin
726 514 901 558 nomine
914 514 1036 557 Pauli
1054 514 1259 574 baptizati
1277 516 1373 559 estis
1388 517 1427 556 ¹?
1443 533 1463 555 »

84 585 384 630 Vide-bonum
406 594 601 629 montem
621 593 889 644 quaerentem
914 583 1118 642 gloriam,
1146 600 1235 628 non
1265 585 1345 628 sibi
1360 620 1370 639 ,
1392 583 1467 628 sed

86 670 109 699 a
137 671 227 715 quo
249 664 418 699 montes
440 654 760 698 illuminantur.
785 653 972 699 Nolebat
997 654 1052 697 de
1079 670 1123 698 se
1145 655 1367 713 praesumi,
1392 653 1467 698 sed

86 725 141 770 de
162 725 239 770 illo
267 726 322 770 de
343 742 433 786 quo
454 735 497 770 et
512 726 604 785 ipse
626 734 971 785 praesumpserat.
997 725 1198 785 Quisquis
1221 741 1322 784 ergo
1342 725 1402 768 ita
1424 741 1466 769 36

87 796 393 842 commendare
414 796 600 841 voluerit
617 796 805 856 populis,
831 806 879 840 ut
899 797 932 840 si
956 794 1066 840 forte
1087 797 1317 855 contigerit
1337 797 1375 839 ei
1399 795 1472 839 ali-

86 867 183 928 quis
205 866 420 911 tumultus
435 902 445 922 ,
462 867 634 925 frangat
652 876 748 926 post
764 882 808 911 se
830 865 1014 926 populos
1033 902 1042 921 ,
1068 876 1110 910 et
1132 866 1295 910 dividat
1318 865 1469 910 Eccle-

87 937 194 981 siam
215 936 472 981 catholicam
513 946 692 996 propter
727 952 797 991 se,
839 952 928 980 non
951 945 1014 980 est
1047 936 1101 980 de
1128 936 1211 980 illis
1248 937 1472 980 montibus

88 1023 198 1068 quos
218 1007 437 1052 illuminat
455 1008 714 1052 Altissimus.
743 1007 827 1052 Sed
850 1008 946 1067 quis
969 1017 1033 1051 est
1058 1008 1164 1051 iste?
1179 1008 1472 1052 Contenebra-

87 1087 158 1122 tus
180 1094 203 1122 a
224 1093 284 1130 se,
309 1094 399 1122 non
418 1077 686 1122 illuminatus
704 1094 726 1122 a
748 1078 949 1122 Domino.
977 1078 1101 1122 Unde
1120 1087 1265 1122 autem
1286 1078 1475 1137 proban-

88 1158 161 1193 tur
180 1148 250 1192 isti
281 1151 480 1193 montes?
513 1149 556 1193 Si
584 1147 695 1192 forte
728 1148 958 1206 contigerit
979 1148 1132 1208 aliquis
1153 1148 1366 1192 tumultus
1389 1147 1469 1192 ad-

89 1235 236 1265 versus
265 1229 435 1264 montes
466 1221 511 1264 in
537 1219 749 1275 Ecclesia,
775 1229 851 1263 aut
877 1235 954 1279 per
986 1219 1214 1279 populares
1239 1221 1470 1264 seditiones

89 1291 328 1336 carnalium
344 1327 354 1347 ,
383 1300 459 1335 aut
486 1307 563 1351 per
585 1291 749 1352 aliquas
772 1290 895 1335 falsas
919 1292 1182 1351 suspiciones
1212 1292 1440 1336 hominum
1459 1327 1470 1347 ,

88 1362 232 1407 bonus
253 1378 377 1407 mons
400 1362 572 1422 repellit
593 1378 617 1406 a
634 1378 677 1405 se
699 1378 848 1405 omnes
868 1363 944 1422 qui
967 1372 1143 1421 propter
1160 1363 1302 1422 ipsum
1320 1362 1474 1407 volunt

90 1433 144 1477 ab
171 1434 337 1477 unitate
358 1432 574 1477 recedere.
603 1433 671 1477 Sic
694 1432 809 1475 enim
828 1432 917 1491 ipse
940 1433 1133 1476 manebit
1160 1433 1205 1476 in
1226 1433 1420 1487 unitate,
1443 1432 1478 1476 si

88 1513 267 1563 propter
301 1505 445 1563 ipsum
481 1519 571 1547 non
603 1501 737 1547 divisa
774 1502 907 1547 fuerit
938 1503 1028 1561 ipsa
1055 1502 1213 1546 unitas.
1238 1501 1307 1545 Illi
1329 1512 1477 1546 autem

89 1574 214 1619 divisi
237 1582 340 1617 sunt
363 1592 372 1617 :
399 1574 577 1632 quando
604 1574 778 1613 recessit
813 1573 1002 1629 populus
1030 1573 1084 1616 ab
1110 1573 1213 1617 orbe
1237 1582 1470 1627 terrarum,

91 1653 135 1688 et
155 1653 328 1688 secutus
350 1651 414 1686 est
435 1656 596 1685 nomen
618 1641 833 1699 ipsorum,
861 1640 990 1698 gavisi
1008 1649 1137 1697 sunt,
1166 1643 1267 1685 elati
1288 1652 1389 1685 sunt
1405 1678 1415 1697 ,
1436 1651 1480 1686 et

91 1715 246 1775 dejecti
279 1722 395 1758 sunt.
428 1711 800 1765 Humiliarentur,
831 1718 875 1753 et
903 1708 1196 1754 exaltarentur
1220 1730 1229 1755 :
1256 1712 1478 1771 quomodo

91 1784 345 1829 humiliatus
367 1792 431 1827 est
448 1781 679 1842 Apostolus
696 1817 707 1836 ,
732 1780 877 1824 dicens
902 1799 910 1825 :
940 1781 1197 1841 «Numquid
1218 1782 1378 1826 Paulus
1400 1799 1479 1843 pro

96 1873 118 1898 »
152 1856 276 1901 vobis
310 1855 540 1899 crucifixus
562 1855 654 1897 est?
679 1872 700 1894 »
725 1855 783 1897 Et
805 1852 890 1896 alio
920 1851 1016 1896 loco
1037 1887 1047 1906 ,
1080 1871 1100 1894 (ε
1124 1855 1218 1911 Ego
1251 1853 1473 1912 plantavi,

97 1944 119 1968 »
153 1924 311 1985 Apollo
333 1924 515 1984 rigavit,
541 1923 616 1967 sed
636 1926 750 1968 Deus
767 1923 1085 1966 incrementum
1108 1923 1242 1967 dedit.
1262 1927 1377 1984 Ergo
1395 1941 1474 1969 ne-

97 2014 118 2038 »
153 2011 241 2056 que
261 1995 338 2055 qui
361 1995 530 2054 plantat
562 2003 625 2037 cst
656 1992 823 2052 aliquid
839 2028 849 2045 ,
876 2007 1018 2053 neque
1040 1993 1116 2053 qui
1144 1993 1252 2051 rigat
1269 2029 1280 2049 ,
1306 1995 1381 2039 sed
1403 1997 1480 2056 qui

98 2084 120 2108 »
152 2066 470 2111 incrementum
498 2063 574 2108 dat
591 2067 748 2108 Deus‘2.
777 2081 796 2104 »
826 2062 947 2107 Tales
970 2072 1139 2108 montes
1158 2064 1203 2107 in
1223 2080 1266 2108 se
1292 2066 1478 2112 humiles

96 2146 220 2192 sunt,
243 2137 290 2180 in
310 2140 402 2180 Deo
439 2134 592 2179 excelsi
619 2143 734 2178 sunt.
761 2134 846 2187 Qui
878 2143 1024 2177 autem
1050 2134 1096 2178 in
1132 2150 1176 2179 se
1201 2135 1303 2195 ipsis
1325 2137 1480 2182 excelsi

97 2216 222 2262 sunt,
247 2223 272 2251 a
292 2210 382 2251 Deo
402 2204 705 2250 humiliantur.
737 2223 758 2246 «
781 2204 997 2258 Quoniam
1016 2204 1092 2264 qui
1113 2220 1158 2248 se
1180 2206 1337 2251 exaltat
1356 2243 1366 2263 ,
1391 2209 1480 2252 hu-

100 2297 122 2321 »
155 2277 428 2334 miliabitur3
460 2286 504 2321 et
534 2277 611 2336 qui
645 2291 688 2320 36
717 2275 942 2330 humiliat,
978 2274 1284 2321 exaltabiturss.
1312 2266 1338 2319 >i
1373 2279 1479 2324 Ideo

98 2348 204 2393 tales
233 2349 307 2408 qui
330 2348 551 2407 superbias
580 2362 675 2390 suas
699 2346 957 2400 attendunt,
983 2346 1264 2391 inamaricant
1291 2349 1481 2393 homini-

99 2420 182 2463 hus
202 2418 391 2479 pacificis
412 2418 458 2461 in
477 2416 682 2461 Ecclesia.
710 2416 779 2460 Illi
799 2415 955 2461 volunt
976 2416 1203 2474 coagulare
1224 2433 1389 2476 pacem,
1411 2420 1481 2464 isti

99 2491 213 2535 inter
233 2505 278 2534 se
297 2489 480 2533 miscent
506 2487 831 2532 dissensionem.
863 2490 918 2530 Et
939 2487 1047 2547 quid
1068 2487 1122 2531 de
1142 2487 1224 2532 illis
1246 2488 1350 2533 dicit
1372 2489 1479 2535 alius

149 2581 159 2598 ¹
179 2586 192 2607 1
216 2576 287 2608 Cor.
305 2586 330 2616 1,
354 2583 407 2616 12,
429 2574 480 2606 13.
501 2590 543 2596 —-
563 2573 641 2606 ²1d.
664 2585 715 2614 111,
740 2573 774 2613 6,
803 2583 834 2613 ς.
862 2589 901 2594 -
923 2569 935 2594 3
958 2573 1034 2604 Luc.
1057 2583 1122 2613 xiv,
1151 2583 1201 2603 11.

1231 2627 1294 2666 33.
