1889 3285
395 293 635 324 emunit-rto
667 296 712 323 nv
743 293 947 323 PsALMUM
980 295 1097 322 Lxlv.
1355 283 1432 322 201

0 356 1 359 ¹
58 361 169 406 circa
192 376 412 421 vesperam
433 359 641 420 pependit
661 359 703 403 in
734 375 860 405 cruce
880 363 890 384 ¹
922 379 930 404 z
955 368 999 402 et
1019 359 1259 418 impietates
1281 368 1439 404 nostrae

0 449 2 460 ³
57 432 299 491 propitiatae
334 440 435 475 sunt
456 451 466 486 ς
508 429 669 489 alioqui
707 430 1020 474 absorbuerant
1055 443 1132 472 nos
1172 447 1180 472 :
1223 443 1440 473 sermones

2 506 4 552 ᾗ
58 501 307 561 iniquorum
329 499 646 560 praevaluerant
667 515 795 560 super
817 515 921 557 nos,
946 499 1160 543 duxerant
1177 514 1257 542 nos
1276 499 1439 558 praedi-

3 591 5 600 =
57 579 222 614 catores
245 570 361 614 Jovis
377 605 388 624 ,
424 579 467 614 et
491 569 689 624 Saturni,
730 578 773 613 et
793 568 996 614 Mercurii
1021 587 1030 613 z
1058 587 1078 610 «
1106 570 1331 613 Sermones
1353 568 1440 611 ini-

3 627 5 664 Ξ
60 658 80 681 »
106 655 294 700 quorum
321 639 642 699 praevaluerunt
678 655 806 699 super
833 655 926 684 nos.
970 658 990 680 »
1029 639 1113 683 Sed
1143 638 1250 698 quid
1282 637 1440 682 facies?

4 708 7 752 ἓ
61 729 82 752 «
108 710 354 769 Impietates
378 719 544 754 nostras
567 719 615 753 tu
647 709 964 769 propitiaberis.
993 727 1014 750 »
1047 711 1113 752 Tu
1137 707 1356 763 sacerdos,
1390 716 1439 751 tu

57 779 254 837 victima,
291 788 339 823 tu
367 779 566 833 oblator,
598 789 649 824 tu
678 778 856 824 oblatio.
889 783 984 839 Ipse
1016 778 1212 823 sacerdos
1243 787 1332 832 est,
1362 777 1439 838 qui

58 865 177 896 nunc
198 850 411 909 ingressus
431 850 637 895 interiora
657 850 742 895 veli
762 885 774 905 ,
795 849 909 894 solus
931 849 992 894 ibi
1014 865 1065 893 ex
1087 849 1154 893 his
1169 849 1245 909 qui
1266 863 1439 893 carnem

58 929 354 979 gestaverunt,
391 919 637 979 interpellat
673 935 752 979 pro
780 919 946 964 nobis“².
979 922 1030 963 In
1055 920 1178 979 cujus
1209 919 1269 962 rei
1298 919 1439 978 figura

56 990 102 1033 in
122 988 198 1034 illo
220 991 360 1050 primo
385 991 551 1050 populo
573 999 617 1035 et
636 991 682 1035 in
702 990 778 1035 illo
805 990 947 1050 primo
972 989 1136 1049 templo
1159 1005 1272 1033 unus
1299 1004 1441 1033 sacer-

55 1059 134 1104 dos
158 1060 350 1105 intrabat
370 1060 416 1104 in
436 1063 590 1106 Sancta
613 1069 888 1115 sanctorum,
925 1059 1114 1119 populus
1147 1059 1286 1104 omnis
1318 1057 1440 1103 fortis

55 1129 197 1174 stabat
224 1149 233 1175 ε
260 1139 304 1174 et
331 1130 404 1174 ille
425 1131 500 1191 qui
525 1130 640 1175 solus
670 1129 996 1188 ingrediebatur
1023 1130 1068 1172 in
1098 1129 1302 1191 interiora
1322 1128 1436 1183 veli,

56 1199 268 1245 offerebat
289 1201 544 1244 sacrificium
566 1216 646 1260 pro
678 1199 843 1259 populo
866 1198 968 1243 foris
998 1201 1183 1243 stante3.
1211 1199 1254 1243 Si
1275 1197 1439 1242 intelli-

10 1290 12 1294 ·
55 1278 181 1328 gatur
197 1269 309 1319 bene
329 1305 340 1324 ,
365 1270 538 1329 spiritus
560 1270 750 1314 vivificat
775 1289 784 1314 z
805 1270 839 1313 si
856 1285 946 1313 non
972 1268 1260 1327 intelligatur,
1295 1269 1439 1313 littera

55 1338 227 1385 occidit.
245 1338 378 1384 Modo
401 1355 497 1384 cum
519 1339 733 1397 legeretur
754 1339 1002 1398 Apostolus,
1017 1338 1193 1383 audistis
1210 1358 1219 1383 ς
1240 1358 1259 1380 «
1277 1339 1439 1382 Littera

11 1411 13 1427 *
58 1427 80 1451 »
100 1409 282 1464 oceidit,
302 1409 474 1469 spiritus
489 1418 633 1453 autem
656 1408 844 1453 vivificat
862 1411 893 1453 ⁴.
923 1427 942 1449 »
969 1408 1086 1462 Quid
1107 1408 1222 1452 enim
1240 1417 1441 1466 ageretur

12 1511 16 1540 ,
55 1479 100 1523 in
121 1479 196 1523 illo
218 1479 408 1539 populo,
441 1479 584 1523 Judaei
616 1478 890 1536 nescierunt,
914 1478 989 1522 sed
1010 1494 1092 1523 nee
1125 1478 1258 1522 modo
1277 1478 1434 1523 sciunt.

55 1551 118 1593 De
133 1547 216 1593 illis
251 1549 413 1609 quippe
445 1548 612 1593 dictum
640 1557 730 1594 est:
759 1567 779 1590 «
819 1547 1023 1601 Quandiu
1057 1547 1217 1606 legitur
1237 1550 1437 1605 Moyses,

14 1671 17 1677 ,
57 1635 78 1660 »
103 1617 300 1662 velamen
317 1634 447 1677 super
467 1633 542 1663 cor
558 1633 708 1662 eorum
729 1618 920 1677 positum
942 1627 1006 1662 est
1025 1620 1056 1661 ⁵.
1094 1636 1114 1658 »
1153 1617 1221 1661 Ibi
1243 1617 1440 1662 velamen

15 1713 17 1746 ξ
55 1688 194 1747 figura
216 1696 278 1731 est
304 1706 312 1732 :
338 1687 413 1731 sed
435 1687 612 1732 tolletur
642 1688 803 1746 figura,
825 1696 868 1731 et
890 1688 1113 1747 apparebit
1139 1688 1297 1732 veritas
1315 1688 1360 1731 in
1381 1689 1440 1732 eis

55 1757 170 1817 ipsis,
213 1758 297 1801 Sed
314 1757 491 1817 quando
525 1756 703 1801 tolletur
736 1756 960 1801 velamen?
995 1757 1112 1801 Audi
1141 1756 1399 1816 Apostolum
1427 1777 1436 1802 :

16 1818 19 1868 ἓ
60 1829 217 1872 «Cum
245 1836 390 1871 autem
428 1827 643 1871 transieris
677 1827 731 1871 ad
767 1827 1028 1882 Dominum,
1066 1826 1288 1872 auferetur
1318 1828 1440 1873 vela-

17 1890 19 1901 '
58 1915 80 1938 >›
105 1912 206 1941 men
222 1898 254 1940 ⁶.
277 1915 297 1938 »
316 1900 427 1941 Dum
446 1912 546 1955 ergo
564 1913 653 1942 non
667 1907 888 1942 transeunt
902 1897 956 1942 ad
972 1898 1222 1952 Dominum,
1241 1898 1439 1958 quandiu

19 2020 20 2026 ¹
55 1968 208 2026 legunt
226 1971 423 2026 Moysen,
447 1969 647 2014 velamen
663 1970 826 2013 habent
848 1984 977 2028 super
999 1985 1088 2013 eor.
1110 1969 1180 2013 Ad
1193 1969 1276 2014 hoc
1297 1986 1441 2015 sacra-

19 2030 21 2099 ]
56 2047 254 2082 mentum
274 2037 471 2097 fulgebat
489 2048 595 2084 tune
617 2038 743 2083 facies
764 2039 902 2096 Moysi
920 2075 931 2094 ,
962 2059 981 2081 «
1006 2043 1068 2084 Ita
1092 2049 1141 2084 ut
1158 2056 1246 2085 non
1266 2050 1440 2100 possent

19 2102 23 2147 Ξ
59 2127 80 2150 »
107 2107 334 2152 intendere
360 2108 436 2152 filii
460 2108 590 2153 Israel
626 2109 670 2153 in
704 2108 854 2153 faeiem
889 2111 980 2170 ejus
1009 2129 1018 2154 :
1057 2128 1078 2151 »
1111 2110 1287 2155 audistis
1308 2112 1440 2156 modo

20 2182 23 2212 ἲ
58 2195 156 2225 cum
184 2178 400 2239 legeretur
424 2199 433 2224 ε
467 2190 510 2224 et
542 2179 740 2224 velamen
768 2190 858 2225 erat
885 2180 998 2224 inter
1025 2181 1180 2226 faciem
1211 2183 1351 2240 Moysi
1374 2182 1441 2227 lo-

57 2251 256 2311 quentis,
281 2260 324 2294 et
345 2251 557 2309 populum
573 2251 821 2295 audientem
844 2253 991 2296 verba.
1024 2256 1105 2296 Per
1130 2252 1277 2296 velum
1307 2254 1440 2298 verba

59 2320 325 2374 audiebant,
355 2318 507 2365 faeiem
526 2337 613 2366 non
635 2321 859 2365 videbant.
886 2325 942 2366 Et
959 2322 1067 2382 quid
1096 2323 1154 2367 ait
1182 2322 1441 2382 Apostolus?

63 2409 83 2433 «
107 2394 172 2435 Ita
193 2399 242 2434 ut
258 2405 347 2434 non
370 2401 543 2449 possent
565 2390 790 2435 intendere
806 2391 882 2436 filii
898 2392 1029 2436 Israel
1051 2393 1096 2436 in
1114 2392 1267 2437 faciem
1281 2394 1436 2451 Moysi.

62 2479 82 2502 »
100 2463 198 2506 Non
213 2460 500 2505 intendebant
519 2497 529 2516 ,
552 2462 695 2522 inquit
711 2497 721 2517 ,
746 2478 885 2523 usque
906 2463 950 2507 in
968 2463 1140 2508 finem⁷.
1168 2482 1188 2505 »
1210 2463 1323 2517 Quid
1344 2473 1407 2507 est
1425 2497 1438 2516 ,

26 2579 28 2604 ¹.
107 2563 116 2579 ¹
136 2557 249 2589 Matth.
264 2568 367 2598 xxvn,
386 2556 520 2598 46.—²
538 2557 637 2590 Hebr.
658 2568 703 2598 vn,
721 2569 772 2600 ¹9,
792 2567 844 2591 20.
862 2575 902 2581 ·-
924 2557 936 2580 ³
955 2560 1001 2592 Id.
1020 2570 1064 2600 ix,
1085 2571 1114 2600 7.
1134 2577 1175 2584 -—
1191 2559 1205 2589 4
1221 2569 1239 2591 ἱ),
1258 2559 1435 2598 Cor.1u,6r

26 2651 29 2666 ἰ
61 2628 100 2633 —·
121 2610 134 2634 ⁵
153 2611 234 2644 lbid.
259 2612 307 2643 15.
327 2629 367 2635 —
387 2611 401 2633 ‘3
421 2612 499 2643 ibid.
529 2613 577 2644 16.
600 2612 769 2645 —711›id.
798 2614 849 2645 13.
