1889 3285
380 253 620 282 ENARaano
652 256 696 281 ΙΝ
729 254 930 281 PSALMUM
962 255 1079 281 inv.
1337 246 1420 283 209

45 327 146 362 sunt
167 321 185 362 Ρ
210 319 451 362 Turbatum
486 329 549 363 est
570 335 703 374 mare,
729 320 880 364 elisum
910 330 972 363 est
1008 320 1053 362 in
1082 329 1251 363 montes
1274 340 1282 364 :
1308 335 1425 365 mare

0 414 1 445 1
43 388 233 433 fractum
255 398 318 433 est
336 423 347 441 ,
371 399 540 433 montes
562 390 807 433 inconcussi
832 398 1097 433 manserunt.
1128 407 1147 431 «
1175 389 1427 434 Turbantur

0 470 2 501 ᾗ
47 477 68 500 »
103 469 249 517 gentes
276 478 284 503 :
309 468 353 502 et
374 459 592 503 timebunt
605 475 754 503 omnes
772 462 836 503 ¹.»
854 463 966 503 Ecce
978 460 1068 518 jam
1081 474 1229 502 omnes
1242 460 1423 506 timent:

46 537 173 572 antea
196 529 271 588 qui
292 529 540 573 conturbati
560 538 676 584 sunt,
702 531 857 573 timent
868 530 958 589 jam
979 532 1254 574 omnes.Non
1270 530 1428 574 timue-

2 631 3 634 η
45 607 149 642 runt
172 598 434 654 Christiani,
470 608 513 643 et
540 599 750 643 timentur
771 601 860 660 jam
895 599 1142 644 Christiani.
1170 601 1330 644 Omnes
1352 601 1425 660 qui

46 669 432 728 persequebantur,
470 668 602 713 modo
642 670 812 714 timent.
856 671 1082 729 Superavit
1115 670 1231 713 enim
1259 669 1331 713 ille
1352 670 1429 729 qui

0 758 5 798 j
47 739 376 783 circumcinctus
397 748 461 783 est
481 739 524 782 in
544 749 775 799 potentatu
794 776 805 796 ,
830 741 889 785 sic
911 740 964 784 ad
982 739 1107 784 illum
1137 741 1259 784 venit
1291 739 1429 784 omnis

2 851 5 855 .
47 826 168 865 caro,
189 819 238 854 ut
260 811 403 854 caeteri
425 811 641 870 paucitate
664 812 754 870 ipsa
769 813 858 872 jam
882 812 1077 856 timeant.
1109 831 1128 853 «
1145 815 1202 856 Et
1214 812 1431 855 timebunt

2 902 6 919 2
49 899 70 922 »
105 896 269 935 omnes,
291 881 366 940 qui
386 881 632 925 inhabitant
650 882 756 925 fines
778 890 920 936 terrae,
945 898 970 925 a
990 882 1120 940 signis
1140 880 1238 925 tuis.
1260 900 1280 922 »
1296 883 1430 927 Mira-

4 972 5 994 ;
47 949 146 994 cula
166 950 282 993 enim
315 949 511 995 fecerunt
534 951 755 1010 Apostoli,
797 960 840 995 et
871 950 973 995 inde
1008 967 1156 995 omnes
1178 952 1284 996 fines
1306 960 1431 996 terrae

47 1020 288 1064 timuerunt
308 1030 352 1064 et
368 1020 664 1066 crediderunt.

105 1094 228 1136 XIII.
255 1092 407 1136 Exitus
430 1107 557 1136 mane
590 1102 633 1136 et
649 1107 825 1151 vespere
847 1091 1106 1136 delectabis'2
1131 1110 1151 1133 »
1172 1091 1218 1135 id
1239 1101 1326 1148 est,
1353 1092 1432 1137 de-

47 1162 268 1207 lectabiles
291 1161 410 1206 facis.
447 1166 544 1207 Jam
572 1163 617 1207 in
638 1163 717 1207 ista
736 1163 825 1207 vita
843 1163 953 1222 quid
980 1162 1105 1206 nobis
1124 1163 1393 1221 promittitur
1411 1165 1430 1205 ‘3

8 1259 10 1266 ι
54 1252 74 1274 «
107 1232 257 1276 Exitus
279 1231 515 1276 delectabis
539 1248 663 1276 mane
681 1241 726 1276 et
747 1248 937 1291 vespere.
955 1251 974 1273 »
990 1234 1100 1277 Sunt
1117 1233 1254 1276 exitus
1276 1248 1431 1291 mane,

0 1331 2 1345 2
49 1311 150 1346 sunt
171 1302 308 1345 exitus
327 1317 516 1361 vespere.
543 1305 672 1347 Mane
694 1302 905 1361 significat
926 1302 1254 1361 prosperitatem
1268 1303 1432 1358 saeeuli,

49 1387 225 1431 vespere
247 1371 456 1429 significat
478 1372 801 1416 tribulationem
825 1370 987 1415 saeculi.
1018 1370 1222 1416 Intendat
1243 1373 1436 1417 Charitas

0 1445 9 1486 Ἀ
50 1444 202 1486 Vestra
224 1477 236 1496 ,
268 1441 315 1485 in
350 1451 538 1502 utroque
575 1442 690 1485 enim
727 1450 921 1486 tentatur
957 1442 1099 1485 anima
1130 1441 1322 1485 humana
1347 1463 1358 1500 3
1393 1451 1437 1486 et

0 1522 11 1533 ’·
50 1512 354 1571 prosperitate,
387 1528 441 1556 ne
460 1521 793 1572 corrumpatur,
817 1521 860 1555 et
881 1511 1162 1566 adversitate,
1187 1527 1242 1554 ne
1264 1510 1439 1570 franga-

0 1599 3 1629 ι
51 1592 137 1626 tur.
161 1583 267 1626 Ideo
289 1591 432 1626 autem
450 1598 578 1627 mane
600 1583 927 1642 prosperitatem
941 1581 1174 1639 significat,
1192 1582 1293 1642 quia
1311 1598 1438 1626 mane

10 1672 11 1693 ;
50 1651 202 1696 laetum
235 1661 319 1707 est,
356 1661 568 1696 transacta
595 1652 715 1696 velut
739 1652 908 1696 tristitia
928 1652 1083 1696 noctis.
1111 1651 1266 1696 Tristes
1292 1662 1439 1697 autem

52 1732 154 1767 sunt
165 1724 373 1778 tenebrae,
384 1723 587 1768 veniente
599 1738 796 1782 vespera:
813 1722 911 1766 ideo
929 1722 1130 1766 veniente
1147 1722 1271 1782 quasi
1285 1724 1438 1767 mundi

8 1790 12 1795 '
51 1809 229 1853 vespera
252 1829 263 1849 ,
299 1793 459 1838 obtulit
495 1794 749 1838 sacrificium
782 1793 1092 1852 vespertinum.
1130 1796 1227 1838 Non
1257 1809 1357 1852 ergo
1380 1795 1438 1838 ti-

53 1873 169 1907 meat
187 1865 486 1924 unusquisque
497 1879 732 1923 vesperam,
758 1879 838 1908 nec
854 1879 981 1907 mane
994 1873 1311 1923 corrumpatur.
1326 1867 1440 1909 Ecce

11 1964 13 1971 ·
54 1935 197 1978 nescio
217 1935 329 1994 quis,
355 1943 404 1978 ut
420 1932 548 1978 facias
564 1933 667 1977 mali
685 1933 872 1993 aliquid,
890 1933 1088 1993 promisit
1102 1933 1272 1977 lucrum
1287 1970 1296 1989 ,
1312 1950 1438 1979 mane

12 2023 14 2029 ’
56 2013 118 2048 est
140 2024 148 2049 :
171 2004 329 2048 arridet
363 2005 443 2048 tibi
480 2004 622 2064 ampla
650 2004 856 2063 pecunia,
879 2019 1006 2047 mane
1026 2004 1105 2047 tibi
1135 2005 1199 2047 fit.
1220 2004 1318 2049 Noli
1341 2021 1440 2050 cor-

56 2074 227 2134 rumpi,
253 2084 296 2118 et
325 2074 506 2118 habebis
536 2075 698 2118 exitum
719 2088 861 2116 mane.
890 2073 932 2117 Si
954 2073 1070 2116 enim
1091 2073 1224 2118 habes
1243 2074 1405 2118 exitum
1426 2112 1437 2132 ,

11 2183 13 2185 ,
57 2160 146 2188 non
168 2144 359 2203 capieris.
391 2144 457 2188 Sic
480 2153 542 2187 est
561 2143 676 2187 enim
699 2143 922 2203 promissio
943 2142 1053 2186 lucri
1069 2177 1080 2197 ,
1117 2144 1239 2202 quasi
1267 2159 1361 2189 esca
1394 2146 1440 2189 in

10 2245 15 2256 .
58 2214 328 2273 muscipula:
355 2215 604 2268 coarctaris,
635 2223 678 2257 et
712 2230 801 2258 non
823 2223 886 2257 est
916 2230 1002 2273 qua
1025 2229 1172 2271 exeas,
1202 2216 1364 2274 caperis
1394 2217 1439 2261 in

58 2283 316 2343 muscipula.
337 2283 458 2331 Dedit
474 2293 618 2328 autem
637 2284 713 2328 tibi
727 2284 884 2327 exitum
896 2284 1105 2327 Dominus
1118 2287 1231 2328 Deus
1248 2294 1363 2340 tuus,
1385 2302 1440 2331 ne

58 2353 180 2399 lucro
204 2354 407 2413 capiaris,
434 2370 535 2398 cum
556 2354 637 2398 tibi
659 2355 762 2398 dicit
783 2355 828 2398 in
845 2354 974 2398 corde
1002 2374 1010 2399 ;
1036 2358 1129 2413 Ego
1147 2371 1243 2399 sum
1277 2356 1439 2401 divitiae

59 2434 160 2469 tuae„
173 2424 269 2470 Noli
284 2425 505 2468 attendere
522 2424 643 2485 quod
663 2425 848 2469 mundus
866 2425 1094 2484 promittit,
1113 2425 1187 2469 sed
1200 2426 1319 2486 quod
1339 2443 1440 2486 pro-

15 2524 17 2530 ,
61 2494 194 2539 mittit
207 2493 416 2539 Conditor
431 2494 602 2538 mundi:
620 2494 794 2539 attende
806 2493 926 2555 quod
942 2494 1018 2539 tibi
1032 2495 1228 2555 promisit
1242 2499 1354 2540 Deus
1378 2496 1440 2540 fa-

111 2586 118 2601 ¹
141 2578 220 2610 Psal.
237 2588 320 2618 mov,
338 2588 371 2620 9.
392 2595 432 2601 -
454 2586 465 2601 ²
486 2578 566 2611 Ibid.

251 2641 370 2671 CXVI.
1234 2633 1277 2670 Η,
