<?xml version="1.0" encoding="UTF-8"?>
<!DOCTYPE html PUBLIC "-//W3C//DTD XHTML 1.0 Transitional//EN"
    "http://www.w3.org/TR/xhtml1/DTD/xhtml1-transitional.dtd">
<html xmlns="http://www.w3.org/1999/xhtml" xml:lang="en" lang="en">
 <head>
  <title>
</title>
<meta http-equiv="Content-Type" content="text/html;charset=utf-8" />
  <meta name='ocr-system' content='tesseract 3.04.00' />
  <meta name='ocr-capabilities' content='ocr_page ocr_carea ocr_par ocr_line ocrx_word'/>
</head>
<body>
  <div class='ocr_page' id='page_1' title='image "./operaomniaaccura09auguuoft_0539.png"; bbox 0 0 1889 3285; ppageno 0'>
   <div class='ocr_carea' id='block_1_1' title="bbox 479 229 1491 268">
    <p class='ocr_par' dir='ltr' id='par_1_1' title="bbox 479 229 1491 268">
     <span class='ocr_line' id='line_1_1' title="bbox 479 229 1491 268; baseline 0.005 -5"><span class='ocrx_word' id='word_1_1' title='bbox 479 235 719 266; x_wconf 58' lang='lat' dir='ltr'>mulinum</span> <span class='ocrx_word' id='word_1_2' title='bbox 750 239 794 266; x_wconf 75' lang='lat' dir='ltr'>m</span> <span class='ocrx_word' id='word_1_3' title='bbox 828 238 1032 268; x_wconf 80' lang='lat' dir='ltr'>PSALMUM</span> <span class='ocrx_word' id='word_1_4' title='bbox 1062 240 1194 268; x_wconf 79' lang='lat' dir='ltr'><strong>Lxxv.</strong></span> <span class='ocrx_word' id='word_1_5' title='bbox 1407 229 1491 268; x_wconf 80' lang='lat'>527</span> 
     </span>
    </p>
   </div>
   <div class='ocr_carea' id='block_1_2' title="bbox 113 302 1498 644">
    <p class='ocr_par' dir='ltr' id='par_1_2' title="bbox 113 302 1498 644">
     <span class='ocr_line' id='line_1_2' title="bbox 114 302 1493 364; baseline 0.003 -19"><span class='ocrx_word' id='word_1_6' title='bbox 114 302 195 346; x_wconf 87' lang='lat' dir='ltr'>bus</span> <span class='ocrx_word' id='word_1_7' title='bbox 214 335 225 356; x_wconf 84' lang='lat'>‚</span> <span class='ocrx_word' id='word_1_8' title='bbox 250 310 294 345; x_wconf 88' lang='lat' dir='ltr'>et</span> <span class='ocrx_word' id='word_1_9' title='bbox 324 310 496 346; x_wconf 86' lang='lat' dir='ltr'>tantum</span> <span class='ocrx_word' id='word_1_10' title='bbox 532 303 797 364; x_wconf 85' lang='lat' dir='ltr'>propinquet</span> <span class='ocrx_word' id='word_1_11' title='bbox 824 304 1042 348; x_wconf 87' lang='lat' dir='ltr'>omnibus.</span> <span class='ocrx_word' id='word_1_12' title='bbox 1069 304 1198 358; x_wconf 91' lang='lat' dir='ltr'>Quod</span> <span class='ocrx_word' id='word_1_13' title='bbox 1230 319 1320 349; x_wconf 90' lang='lat' dir='ltr'>non</span> <span class='ocrx_word' id='word_1_14' title='bbox 1352 313 1416 349; x_wconf 85' lang='grc'>631</span> <span class='ocrx_word' id='word_1_15' title='bbox 1447 308 1493 349; x_wconf 93' lang='lat' dir='ltr'>in</span> 
     </span>
     <span class='ocr_line' id='line_1_3' title="bbox 113 371 1494 434; baseline 0.002 -18"><span class='ocrx_word' id='word_1_16' title='bbox 113 371 259 416; x_wconf 89' lang='lat' dir='ltr'>medio</span> <span class='ocrx_word' id='word_1_17' title='bbox 274 407 284 427; x_wconf 87' lang='lat'>‚</span> <span class='ocrx_word' id='word_1_18' title='bbox 309 372 432 433; x_wconf 87' lang='lat' dir='ltr'>quasi</span> <span class='ocrx_word' id='word_1_19' title='bbox 454 373 670 432; x_wconf 86' lang='lat' dir='ltr'>privatum</span> <span class='ocrx_word' id='word_1_20' title='bbox 688 376 751 418; x_wconf 89' lang='lat' dir='ltr'>fit.</span> <span class='ocrx_word' id='word_1_21' title='bbox 777 374 906 428; x_wconf 90' lang='lat' dir='ltr'>Quod</span> <span class='ocrx_word' id='word_1_22' title='bbox 923 374 1148 434; x_wconf 86' lang='lat' dir='ltr'>publicum</span> <span class='ocrx_word' id='word_1_23' title='bbox 1171 383 1255 430; x_wconf 85' lang='lat' dir='ltr'>est,</span> <span class='ocrx_word' id='word_1_24' title='bbox 1283 375 1329 418; x_wconf 92' lang='lat' dir='ltr'>in</span> <span class='ocrx_word' id='word_1_25' title='bbox 1350 374 1494 420; x_wconf 86' lang='lat' dir='ltr'>medio</span> 
     </span>
     <span class='ocr_line' id='line_1_4' title="bbox 113 443 1490 504; baseline 0.002 -18"><span class='ocrx_word' id='word_1_26' title='bbox 113 443 312 502; x_wconf 83' lang='lat' dir='ltr'>ponitur,</span> <span class='ocrx_word' id='word_1_27' title='bbox 337 452 388 487; x_wconf 92' lang='lat' dir='ltr'>ut</span> <span class='ocrx_word' id='word_1_28' title='bbox 408 459 556 488; x_wconf 90' lang='lat' dir='ltr'>omnes</span> <span class='ocrx_word' id='word_1_29' title='bbox 573 445 649 504; x_wconf 88' lang='lat' dir='ltr'>qui</span> <span class='ocrx_word' id='word_1_30' title='bbox 666 445 870 500; x_wconf 83' lang='lat' dir='ltr'>veniunt,</span> <span class='ocrx_word' id='word_1_31' title='bbox 891 445 1146 504; x_wconf 77' lang='lat' dir='ltr'>percipiant,</span> <span class='ocrx_word' id='word_1_32' title='bbox 1172 444 1490 490; x_wconf 83' lang='lat' dir='ltr'><strong>illuminentur.</strong></span> 
     </span>
     <span class='ocr_line' id='line_1_5' title="bbox 113 512 1496 575; baseline 0.001 -17"><span class='ocrx_word' id='word_1_33' title='bbox 113 515 252 558; x_wconf 84' lang='lat' dir='ltr'>Nemo</span> <span class='ocrx_word' id='word_1_34' title='bbox 273 512 405 568; x_wconf 83' lang='lat' dir='ltr'>dicat,</span> <span class='ocrx_word' id='word_1_35' title='bbox 427 517 575 558; x_wconf 88' lang='lat' dir='ltr'>Meum</span> <span class='ocrx_word' id='word_1_36' title='bbox 589 523 653 558; x_wconf 91' lang='lat' dir='ltr'>est</span> <span class='ocrx_word' id='word_1_37' title='bbox 674 533 682 559; x_wconf 92' lang='lat'>:</span> <span class='ocrx_word' id='word_1_38' title='bbox 708 530 763 558; x_wconf 92' lang='lat' dir='ltr'>ne</span> <span class='ocrx_word' id='word_1_39' title='bbox 784 515 831 558; x_wconf 92' lang='lat' dir='ltr'>in</span> <span class='ocrx_word' id='word_1_40' title='bbox 851 523 973 574; x_wconf 86' lang='lat' dir='ltr'>parte</span> <span class='ocrx_word' id='word_1_41' title='bbox 994 530 1069 558; x_wconf 87' lang='lat' dir='ltr'>sua</span> <span class='ocrx_word' id='word_1_42' title='bbox 1088 514 1192 559; x_wconf 88' lang='lat' dir='ltr'>velit</span> <span class='ocrx_word' id='word_1_43' title='bbox 1213 513 1353 558; x_wconf 88' lang='lat' dir='ltr'>facere</span> <span class='ocrx_word' id='word_1_44' title='bbox 1375 513 1496 575; x_wconf 89' lang='lat' dir='ltr'>quod</span> 
     </span>
     <span class='ocr_line' id='line_1_6' title="bbox 116 583 1498 644; baseline 0.001 -17"><span class='ocrx_word' id='word_1_45' title='bbox 116 584 163 627; x_wconf 89' lang='lat' dir='ltr'>in</span> <span class='ocrx_word' id='word_1_46' title='bbox 185 583 328 628; x_wconf 88' lang='lat' dir='ltr'>medio</span> <span class='ocrx_word' id='word_1_47' title='bbox 349 594 413 628; x_wconf 91' lang='lat' dir='ltr'>est</span> <span class='ocrx_word' id='word_1_48' title='bbox 427 585 644 629; x_wconf 88' lang='lat' dir='ltr'>omnibus.</span> <span class='ocrx_word' id='word_1_49' title='bbox 665 584 782 639; x_wconf 89' lang='lat' dir='ltr'>Quid</span> <span class='ocrx_word' id='word_1_50' title='bbox 803 593 866 629; x_wconf 90' lang='lat' dir='ltr'>est</span> <span class='ocrx_word' id='word_1_51' title='bbox 883 600 987 644; x_wconf 86' lang='lat' dir='ltr'>ergo</span> <span class='ocrx_word' id='word_1_52' title='bbox 1002 619 1014 640; x_wconf 84' lang='grc'>,</span> <span class='ocrx_word' id='word_1_53' title='bbox 1042 603 1059 625; x_wconf 88' lang='grc'>«</span> <span class='ocrx_word' id='word_1_54' title='bbox 1079 586 1238 628; x_wconf 85' lang='lat' dir='ltr'><strong>Omnes</strong></span> <span class='ocrx_word' id='word_1_55' title='bbox 1251 585 1326 644; x_wconf 91' lang='lat' dir='ltr'>qui</span> <span class='ocrx_word' id='word_1_56' title='bbox 1349 585 1394 628; x_wconf 92' lang='lat' dir='ltr'>in</span> <span class='ocrx_word' id='word_1_57' title='bbox 1413 585 1498 628; x_wconf 92' lang='grc'>611-</span> 
     </span>
    </p>
   </div>
   <div class='ocr_carea' id='block_1_3' title="bbox 20 652 1498 714">
    <p class='ocr_par' dir='ltr' id='par_1_3' title="bbox 20 652 1498 714">
     <span class='ocr_line' id='line_1_7' title="bbox 20 652 1498 714; baseline -0.001 -17"><span class='ocrx_word' id='word_1_58' title='bbox 20 665 21 669; x_wconf 76' lang='grc'>’</span> <span class='ocrx_word' id='word_1_59' title='bbox 88 695 90 697; x_wconf 88' lang='grc'>.</span> <span class='ocrx_word' id='word_1_60' title='bbox 118 671 140 695; x_wconf 87' lang='lat'>»</span> <span class='ocrx_word' id='word_1_61' title='bbox 175 654 297 698; x_wconf 91' lang='lat' dir='ltr'>cuitu</span> <span class='ocrx_word' id='word_1_62' title='bbox 317 655 409 714; x_wconf 85' lang='lat' dir='ltr'>ejus</span> <span class='ocrx_word' id='word_1_63' title='bbox 441 664 563 710; x_wconf 86' lang='grc'>311111,</span> <span class='ocrx_word' id='word_1_64' title='bbox 588 655 774 699; x_wconf 83' lang='lat' dir='ltr'>offerent</span> <span class='ocrx_word' id='word_1_65' title='bbox 796 657 1001 699; x_wconf 82' lang='lat' dir='ltr'>munera?</span> <span class='ocrx_word' id='word_1_66' title='bbox 1028 675 1046 696; x_wconf 87' lang='lat'><strong><em>»</em></strong></span> <span class='ocrx_word' id='word_1_67' title='bbox 1072 655 1232 698; x_wconf 81' lang='lat' dir='ltr'><strong>Omnes</strong></span> <span class='ocrx_word' id='word_1_68' title='bbox 1257 654 1334 713; x_wconf 91' lang='lat' dir='ltr'>qui</span> <span class='ocrx_word' id='word_1_69' title='bbox 1364 652 1498 697; x_wconf 91' lang='lat' dir='ltr'>intel-</span> 
     </span>
    </p>
   </div>
   <div class='ocr_carea' id='block_1_4' title="bbox 0 0 61 3285">
    <p class='ocr_par' dir='ltr' id='par_1_4' title="bbox 0 0 61 3285">
     <span class='ocr_line' id='line_1_8' title="bbox 0 0 61 3285; baseline 0 0"><span class='ocrx_word' id='word_1_70' title='bbox 0 0 61 3285; x_wconf 95' lang='lat' dir='ltr'> </span> 
     </span>
    </p>
   </div>
   <div class='ocr_carea' id='block_1_5' title="bbox 115 719 1508 1898">
    <p class='ocr_par' dir='ltr' id='par_1_5' title="bbox 115 719 1508 1898">
     <span class='ocr_line' id='line_1_9' title="bbox 115 719 1497 782; baseline -0.001 -14"><span class='ocrx_word' id='word_1_71' title='bbox 115 719 257 782; x_wconf 83' lang='lat' dir='ltr'>ligunt</span> <span class='ocrx_word' id='word_1_72' title='bbox 281 740 559 769; x_wconf 83' lang='lat' dir='ltr'>communem</span> <span class='ocrx_word' id='word_1_73' title='bbox 580 741 669 770; x_wconf 90' lang='lat' dir='ltr'>esse</span> <span class='ocrx_word' id='word_1_74' title='bbox 690 726 893 770; x_wconf 90' lang='lat' dir='ltr'>omnibus</span> <span class='ocrx_word' id='word_1_75' title='bbox 920 725 1167 778; x_wconf 87' lang='lat' dir='ltr'>veritatem,</span> <span class='ocrx_word' id='word_1_76' title='bbox 1198 733 1241 768; x_wconf 92' lang='lat' dir='ltr'>et</span> <span class='ocrx_word' id='word_1_77' title='bbox 1268 739 1357 767; x_wconf 91' lang='lat' dir='ltr'>non</span> <span class='ocrx_word' id='word_1_78' title='bbox 1378 723 1497 767; x_wconf 87' lang='lat' dir='ltr'>illam</span> 
     </span>
     <span class='ocr_line' id='line_1_10' title="bbox 117 792 1500 854; baseline -0.001 -16"><span class='ocrx_word' id='word_1_79' title='bbox 117 792 284 838; x_wconf 84' lang='lat' dir='ltr'>faciunt</span> <span class='ocrx_word' id='word_1_80' title='bbox 316 795 438 854; x_wconf 84' lang='lat' dir='ltr'>quasi</span> <span class='ocrx_word' id='word_1_81' title='bbox 481 810 603 838; x_wconf 83' lang='lat' dir='ltr'>suam</span> <span class='ocrx_word' id='word_1_82' title='bbox 641 793 931 854; x_wconf 87' lang='lat' dir='ltr'>superbiendo</span> <span class='ocrx_word' id='word_1_83' title='bbox 966 793 1021 838; x_wconf 91' lang='lat' dir='ltr'>de</span> <span class='ocrx_word' id='word_1_84' title='bbox 1061 794 1134 838; x_wconf 87' lang='lat' dir='ltr'>illa</span> <span class='ocrx_word' id='word_1_85' title='bbox 1149 829 1160 849; x_wconf 88' lang='grc'>,</span> <span class='ocrx_word' id='word_1_86' title='bbox 1198 793 1280 853; x_wconf 91' lang='lat' dir='ltr'>ipsi</span> <span class='ocrx_word' id='word_1_87' title='bbox 1313 793 1500 838; x_wconf 82' lang='lat' dir='ltr'>offerent</span> 
     </span>
     <span class='ocr_line' id='line_1_11' title="bbox 117 864 1500 926; baseline 0 -18"><span class='ocrx_word' id='word_1_88' title='bbox 117 880 322 922; x_wconf 80' lang='lat' dir='ltr'>munera3</span> <span class='ocrx_word' id='word_1_89' title='bbox 343 866 445 925; x_wconf 86' lang='lat' dir='ltr'>quia</span> <span class='ocrx_word' id='word_1_90' title='bbox 462 866 751 910; x_wconf 81' lang='lat' dir='ltr'>humilitatem</span> <span class='ocrx_word' id='word_1_91' title='bbox 771 866 934 910; x_wconf 87' lang='lat' dir='ltr'>habent</span> <span class='ocrx_word' id='word_1_92' title='bbox 954 864 1054 926; x_wconf 87' lang='lat' dir='ltr'>:qui</span> <span class='ocrx_word' id='word_1_93' title='bbox 1071 874 1216 909; x_wconf 86' lang='lat' dir='ltr'>autem</span> <span class='ocrx_word' id='word_1_94' title='bbox 1234 865 1355 925; x_wconf 86' lang='lat' dir='ltr'>quasi</span> <span class='ocrx_word' id='word_1_95' title='bbox 1372 879 1500 908; x_wconf 90' lang='lat' dir='ltr'>suum</span> 
     </span>
     <span class='ocr_line' id='line_1_12' title="bbox 118 934 1499 996; baseline -0.001 -17"><span class='ocrx_word' id='word_1_96' title='bbox 118 934 284 979; x_wconf 85' lang='lat' dir='ltr'>faciunt</span> <span class='ocrx_word' id='word_1_97' title='bbox 301 935 422 995; x_wconf 88' lang='lat' dir='ltr'>quod</span> <span class='ocrx_word' id='word_1_98' title='bbox 442 936 644 980; x_wconf 88' lang='lat' dir='ltr'>omnibus</span> <span class='ocrx_word' id='word_1_99' title='bbox 667 951 898 980; x_wconf 86' lang='lat' dir='ltr'>commune</span> <span class='ocrx_word' id='word_1_100' title='bbox 921 945 1010 991; x_wconf 87' lang='lat' dir='ltr'>est,</span> <span class='ocrx_word' id='word_1_101' title='bbox 1048 943 1256 996; x_wconf 82' lang='lat' dir='ltr'><strong>tanquam</strong></span> <span class='ocrx_word' id='word_1_102' title='bbox 1278 935 1324 978; x_wconf 89' lang='lat' dir='ltr'>in</span> <span class='ocrx_word' id='word_1_103' title='bbox 1353 934 1499 979; x_wconf 89' lang='lat' dir='ltr'>medio</span> 
     </span>
     <span class='ocr_line' id='line_1_13' title="bbox 117 1004 1500 1066; baseline -0.001 -17"><span class='ocrx_word' id='word_1_104' title='bbox 117 1006 328 1066; x_wconf 82' lang='lat' dir='ltr'>positum,</span> <span class='ocrx_word' id='word_1_105' title='bbox 355 1005 411 1050; x_wconf 84' lang='lat' dir='ltr'>ad</span> <span class='ocrx_word' id='word_1_106' title='bbox 432 1017 601 1066; x_wconf 83' lang='lat' dir='ltr'>partem</span> <span class='ocrx_word' id='word_1_107' title='bbox 627 1006 832 1051; x_wconf 83' lang='lat' dir='ltr'><strong>seducere</strong></span> <span class='ocrx_word' id='word_1_108' title='bbox 851 1015 1065 1051; x_wconf 83' lang='lat' dir='ltr'>conantur</span> <span class='ocrx_word' id='word_1_109' title='bbox 1083 1041 1095 1061; x_wconf 85' lang='lat'>‚</span> <span class='ocrx_word' id='word_1_110' title='bbox 1121 1021 1211 1050; x_wconf 88' lang='lat' dir='ltr'>non</span> <span class='ocrx_word' id='word_1_111' title='bbox 1243 1006 1428 1049; x_wconf 84' lang='lat' dir='ltr'>offerent</span> <span class='ocrx_word' id='word_1_112' title='bbox 1453 1004 1500 1048; x_wconf 92' lang='lat' dir='ltr'>hi</span> 
     </span>
     <span class='ocr_line' id='line_1_14' title="bbox 118 1074 1501 1137; baseline -0.001 -18"><span class='ocrx_word' id='word_1_113' title='bbox 118 1091 326 1134; x_wconf 82' lang='lat' dir='ltr'>munera3</span> <span class='ocrx_word' id='word_1_114' title='bbox 350 1076 453 1136; x_wconf 84' lang='lat' dir='ltr'>quia</span> <span class='ocrx_word' id='word_1_115' title='bbox 477 1096 497 1118; x_wconf 67' lang='grc' dir='ltr'>ι(</span> <span class='ocrx_word' id='word_1_116' title='bbox 517 1078 677 1121; x_wconf 86' lang='lat' dir='ltr'><strong>Omnes</strong></span> <span class='ocrx_word' id='word_1_117' title='bbox 701 1077 777 1137; x_wconf 88' lang='lat' dir='ltr'>qui</span> <span class='ocrx_word' id='word_1_118' title='bbox 797 1078 843 1121; x_wconf 92' lang='lat' dir='ltr'>in</span> <span class='ocrx_word' id='word_1_119' title='bbox 864 1077 1048 1121; x_wconf 88' lang='lat' dir='ltr'>circuitu</span> <span class='ocrx_word' id='word_1_120' title='bbox 1070 1077 1160 1136; x_wconf 88' lang='lat' dir='ltr'>ejus</span> <span class='ocrx_word' id='word_1_121' title='bbox 1177 1083 1293 1130; x_wconf 83' lang='lat' dir='ltr'>sunt,</span> <span class='ocrx_word' id='word_1_122' title='bbox 1314 1074 1501 1120; x_wconf 81' lang='lat' dir='ltr'>offerent</span> 
     </span>
     <span class='ocr_line' id='line_1_15' title="bbox 124 1145 1501 1203; baseline 0.001 -15"><span class='ocrx_word' id='word_1_123' title='bbox 124 1167 143 1189; x_wconf 84' lang='lat'>»</span> <span class='ocrx_word' id='word_1_124' title='bbox 177 1163 382 1203; x_wconf 85' lang='lat' dir='ltr'>munera,</span> <span class='ocrx_word' id='word_1_125' title='bbox 411 1148 607 1192; x_wconf 86' lang='lat' dir='ltr'>Terribili</span> <span class='ocrx_word' id='word_1_126' title='bbox 643 1164 652 1189; x_wconf 80' lang='lat' dir='ltr'>z</span> <span class='ocrx_word' id='word_1_127' title='bbox 691 1169 710 1191; x_wconf 85' lang='lat'>»</span> <span class='ocrx_word' id='word_1_128' title='bbox 736 1149 987 1193; x_wconf 83' lang='lat' dir='ltr'>Offerentur</span> <span class='ocrx_word' id='word_1_129' title='bbox 1018 1163 1199 1192; x_wconf 86' lang='lat' dir='ltr'>munera</span> <span class='ocrx_word' id='word_1_130' title='bbox 1220 1145 1418 1191; x_wconf 85' lang='lat' dir='ltr'>terribili.</span> <span class='ocrx_word' id='word_1_131' title='bbox 1436 1145 1501 1189; x_wconf 91' lang='lat' dir='ltr'>Ti-</span> 
     </span>
     <span class='ocr_line' id='line_1_16' title="bbox 119 1216 1499 1280; baseline -0.002 -18"><span class='ocrx_word' id='word_1_132' title='bbox 119 1227 268 1262; x_wconf 84' lang='lat' dir='ltr'>meant</span> <span class='ocrx_word' id='word_1_133' title='bbox 289 1234 391 1278; x_wconf 84' lang='lat' dir='ltr'>ergo</span> <span class='ocrx_word' id='word_1_134' title='bbox 417 1234 588 1274; x_wconf 88' lang='lat' dir='ltr'>omnes,</span> <span class='ocrx_word' id='word_1_135' title='bbox 609 1219 685 1280; x_wconf 90' lang='lat' dir='ltr'>qui</span> <span class='ocrx_word' id='word_1_136' title='bbox 714 1220 759 1263; x_wconf 92' lang='lat' dir='ltr'>in</span> <span class='ocrx_word' id='word_1_137' title='bbox 780 1219 964 1263; x_wconf 88' lang='lat' dir='ltr'>circuitu</span> <span class='ocrx_word' id='word_1_138' title='bbox 996 1220 1085 1279; x_wconf 88' lang='lat' dir='ltr'>ejus</span> <span class='ocrx_word' id='word_1_139' title='bbox 1109 1226 1223 1262; x_wconf 88' lang='lat' dir='ltr'>sunt.</span> <span class='ocrx_word' id='word_1_140' title='bbox 1256 1217 1360 1261; x_wconf 90' lang='lat' dir='ltr'>Ideo</span> <span class='ocrx_word' id='word_1_141' title='bbox 1382 1216 1499 1260; x_wconf 80' lang='lat' dir='ltr'>enim</span> 
     </span>
     <span class='ocr_line' id='line_1_17' title="bbox 120 1287 1503 1350; baseline -0.002 -17"><span class='ocrx_word' id='word_1_142' title='bbox 120 1289 352 1345; x_wconf 84' lang='lat' dir='ltr'>timebunt,</span> <span class='ocrx_word' id='word_1_143' title='bbox 369 1299 412 1334; x_wconf 90' lang='lat' dir='ltr'>et</span> <span class='ocrx_word' id='word_1_144' title='bbox 427 1305 528 1334; x_wconf 91' lang='lat' dir='ltr'>cum</span> <span class='ocrx_word' id='word_1_145' title='bbox 543 1299 729 1335; x_wconf 88' lang='lat' dir='ltr'>tremore</span> <span class='ocrx_word' id='word_1_146' title='bbox 744 1289 990 1334; x_wconf 82' lang='lat' dir='ltr'>laudabunt</span> <span class='ocrx_word' id='word_1_147' title='bbox 1003 1289 1121 1350; x_wconf 85' lang='lat' dir='ltr'>:quia</span> <span class='ocrx_word' id='word_1_148' title='bbox 1136 1288 1236 1333; x_wconf 91' lang='lat' dir='ltr'>ideo</span> <span class='ocrx_word' id='word_1_149' title='bbox 1255 1288 1299 1332; x_wconf 89' lang='lat' dir='ltr'>in</span> <span class='ocrx_word' id='word_1_150' title='bbox 1316 1287 1503 1332; x_wconf 88' lang='lat' dir='ltr'>circuitu</span> 
     </span>
     <span class='ocr_line' id='line_1_18' title="bbox 121 1357 1502 1420; baseline -0.002 -17"><span class='ocrx_word' id='word_1_151' title='bbox 121 1361 211 1420; x_wconf 85' lang='lat' dir='ltr'>ejus</span> <span class='ocrx_word' id='word_1_152' title='bbox 232 1369 350 1415; x_wconf 82' lang='lat' dir='ltr'>sunt,</span> <span class='ocrx_word' id='word_1_153' title='bbox 371 1370 421 1404; x_wconf 88' lang='lat' dir='ltr'>ut</span> <span class='ocrx_word' id='word_1_154' title='bbox 441 1376 590 1405; x_wconf 88' lang='lat' dir='ltr'>omnes</span> <span class='ocrx_word' id='word_1_155' title='bbox 603 1370 886 1420; x_wconf 78' lang='lat' dir='ltr'><strong>assequantur</strong></span> <span class='ocrx_word' id='word_1_156' title='bbox 908 1376 1024 1415; x_wconf 84' lang='lat' dir='ltr'>eum,</span> <span class='ocrx_word' id='word_1_157' title='bbox 1047 1369 1090 1405; x_wconf 90' lang='grc'>61</span> <span class='ocrx_word' id='word_1_158' title='bbox 1108 1359 1282 1419; x_wconf 90' lang='lat' dir='ltr'>publice</span> <span class='ocrx_word' id='word_1_159' title='bbox 1299 1357 1502 1402; x_wconf 88' lang='lat' dir='ltr'>omnibus</span> 
     </span>
     <span class='ocr_line' id='line_1_19' title="bbox 121 1430 1505 1491; baseline -0.002 -17"><span class='ocrx_word' id='word_1_160' title='bbox 121 1431 330 1486; x_wconf 79' lang='lat' dir='ltr'><strong>confluat,</strong></span> <span class='ocrx_word' id='word_1_161' title='bbox 347 1441 390 1475; x_wconf 89' lang='lat' dir='ltr'>et</span> <span class='ocrx_word' id='word_1_162' title='bbox 408 1431 583 1491; x_wconf 88' lang='lat' dir='ltr'>publice</span> <span class='ocrx_word' id='word_1_163' title='bbox 600 1431 832 1476; x_wconf 85' lang='lat' dir='ltr'>illuminet.</span> <span class='ocrx_word' id='word_1_164' title='bbox 852 1435 945 1476; x_wconf 91' lang='lat' dir='ltr'>Hoc</span> <span class='ocrx_word' id='word_1_165' title='bbox 967 1441 1052 1486; x_wconf 80' lang='lat' dir='ltr'>est,</span> <span class='ocrx_word' id='word_1_166' title='bbox 1078 1430 1419 1475; x_wconf 83' lang='lat' dir='ltr'>contremiscere.</span> <span class='ocrx_word' id='word_1_167' title='bbox 1438 1430 1505 1472; x_wconf 91' lang='lat' dir='ltr'>Tu</span> 
     </span>
     <span class='ocr_line' id='line_1_20' title="bbox 121 1500 1504 1561; baseline -0.003 -15"><span class='ocrx_word' id='word_1_168' title='bbox 121 1517 222 1546; x_wconf 91' lang='lat' dir='ltr'>cum</span> <span class='ocrx_word' id='word_1_169' title='bbox 247 1500 398 1545; x_wconf 84' lang='lat' dir='ltr'>feceris</span> <span class='ocrx_word' id='word_1_170' title='bbox 425 1502 506 1545; x_wconf 86' lang='lat' dir='ltr'>tibi</span> <span class='ocrx_word' id='word_1_171' title='bbox 534 1518 633 1546; x_wconf 90' lang='lat' dir='ltr'>eum</span> <span class='ocrx_word' id='word_1_172' title='bbox 657 1503 779 1561; x_wconf 87' lang='lat' dir='ltr'><strong>quasi</strong></span> <span class='ocrx_word' id='word_1_173' title='bbox 796 1502 1019 1561; x_wconf 86' lang='lat' dir='ltr'>proprium</span> <span class='ocrx_word' id='word_1_174' title='bbox 1037 1535 1048 1556; x_wconf 93' lang='grc'>,</span> <span class='ocrx_word' id='word_1_175' title='bbox 1074 1510 1118 1544; x_wconf 91' lang='grc'>61</span> <span class='ocrx_word' id='word_1_176' title='bbox 1139 1501 1228 1560; x_wconf 86' lang='lat' dir='ltr'>jam</span> <span class='ocrx_word' id='word_1_177' title='bbox 1266 1515 1355 1543; x_wconf 91' lang='lat' dir='ltr'>non</span> <span class='ocrx_word' id='word_1_178' title='bbox 1382 1513 1504 1543; x_wconf 91' lang='lat' dir='ltr'>com-</span> 
     </span>
     <span class='ocr_line' id='line_1_21' title="bbox 121 1568 1502 1629; baseline -0.002 -14"><span class='ocrx_word' id='word_1_179' title='bbox 121 1586 300 1616; x_wconf 90' lang='lat' dir='ltr'>munem</span> <span class='ocrx_word' id='word_1_180' title='bbox 326 1605 337 1625; x_wconf 90' lang='grc'>,</span> <span class='ocrx_word' id='word_1_181' title='bbox 373 1570 588 1614; x_wconf 79' lang='lat' dir='ltr'>extolleris</span> <span class='ocrx_word' id='word_1_182' title='bbox 620 1571 667 1613; x_wconf 91' lang='lat' dir='ltr'>in</span> <span class='ocrx_word' id='word_1_183' title='bbox 704 1572 951 1629; x_wconf 87' lang='lat' dir='ltr'>superbiam</span> <span class='ocrx_word' id='word_1_184' title='bbox 982 1591 993 1626; x_wconf 64' lang='grc' dir='ltr'><strong>ς</strong></span> <span class='ocrx_word' id='word_1_185' title='bbox 1027 1585 1127 1613; x_wconf 87' lang='grc'>611111</span> <span class='ocrx_word' id='word_1_186' title='bbox 1164 1569 1371 1628; x_wconf 88' lang='lat' dir='ltr'>scriptum</span> <span class='ocrx_word' id='word_1_187' title='bbox 1399 1568 1454 1612; x_wconf 92' lang='lat' dir='ltr'>sit</span> <span class='ocrx_word' id='word_1_188' title='bbox 1492 1586 1502 1612; x_wconf 77' lang='lat'>2</span> 
     </span>
     <span class='ocr_line' id='line_1_22' title="bbox 127 1638 1502 1694; baseline -0.001 -13"><span class='ocrx_word' id='word_1_189' title='bbox 127 1660 144 1682; x_wconf 90' lang='lat'>«</span> <span class='ocrx_word' id='word_1_190' title='bbox 184 1641 347 1686; x_wconf 87' lang='lat' dir='ltr'>Servite</span> <span class='ocrx_word' id='word_1_191' title='bbox 363 1640 548 1684; x_wconf 88' lang='lat' dir='ltr'>Domino</span> <span class='ocrx_word' id='word_1_192' title='bbox 561 1641 606 1683; x_wconf 91' lang='lat' dir='ltr'>in</span> <span class='ocrx_word' id='word_1_193' title='bbox 623 1640 778 1684; x_wconf 87' lang='lat' dir='ltr'>timore</span> <span class='ocrx_word' id='word_1_194' title='bbox 790 1674 802 1694; x_wconf 84' lang='lat'><strong><em>‚</em></strong></span> <span class='ocrx_word' id='word_1_195' title='bbox 817 1649 859 1683; x_wconf 96' lang='grc'>61</span> <span class='ocrx_word' id='word_1_196' title='bbox 872 1638 1061 1683; x_wconf 79' lang='lat' dir='ltr'>exultate</span> <span class='ocrx_word' id='word_1_197' title='bbox 1078 1638 1502 1682; x_wconf 75' lang='grc'>616111111161110161.»</span> 
     </span>
     <span class='ocr_line' id='line_1_23' title="bbox 122 1707 1507 1771; baseline -0.004 -15"><span class='ocrx_word' id='word_1_198' title='bbox 122 1714 239 1771; x_wconf 85' lang='lat' dir='ltr'>Ergo</span> <span class='ocrx_word' id='word_1_199' title='bbox 254 1712 440 1756; x_wconf 86' lang='lat' dir='ltr'>offerent</span> <span class='ocrx_word' id='word_1_200' title='bbox 460 1726 657 1765; x_wconf 77' lang='lat' dir='ltr'>munera,</span> <span class='ocrx_word' id='word_1_201' title='bbox 673 1710 749 1770; x_wconf 86' lang='lat' dir='ltr'>qui</span> <span class='ocrx_word' id='word_1_202' title='bbox 769 1710 815 1753; x_wconf 91' lang='lat' dir='ltr'>in</span> <span class='ocrx_word' id='word_1_203' title='bbox 833 1709 1018 1754; x_wconf 90' lang='lat' dir='ltr'>circuitu</span> <span class='ocrx_word' id='word_1_204' title='bbox 1035 1709 1125 1768; x_wconf 87' lang='lat' dir='ltr'>ejus</span> <span class='ocrx_word' id='word_1_205' title='bbox 1145 1717 1260 1752; x_wconf 87' lang='lat' dir='ltr'>sunt.</span> <span class='ocrx_word' id='word_1_206' title='bbox 1287 1707 1374 1766; x_wconf 90' lang='lat' dir='ltr'>Ipsi</span> <span class='ocrx_word' id='word_1_207' title='bbox 1391 1707 1507 1751; x_wconf 90' lang='lat' dir='ltr'>enim</span> 
     </span>
     <span class='ocr_line' id='line_1_24' title="bbox 123 1777 1508 1842; baseline -0.004 -16"><span class='ocrx_word' id='word_1_208' title='bbox 123 1781 310 1826; x_wconf 90' lang='lat' dir='ltr'>humiles</span> <span class='ocrx_word' id='word_1_209' title='bbox 329 1790 453 1837; x_wconf 80' lang='lat' dir='ltr'>sunt,</span> <span class='ocrx_word' id='word_1_210' title='bbox 475 1781 552 1842; x_wconf 91' lang='lat' dir='ltr'>qui</span> <span class='ocrx_word' id='word_1_211' title='bbox 576 1795 853 1825; x_wconf 87' lang='lat' dir='ltr'>communem</span> <span class='ocrx_word' id='word_1_212' title='bbox 875 1788 1039 1824; x_wconf 86' lang='lat' dir='ltr'>norunt</span> <span class='ocrx_word' id='word_1_213' title='bbox 1059 1793 1148 1823; x_wconf 92' lang='lat' dir='ltr'>esse</span> <span class='ocrx_word' id='word_1_214' title='bbox 1170 1777 1373 1823; x_wconf 85' lang='lat' dir='ltr'>omnibus</span> <span class='ocrx_word' id='word_1_215' title='bbox 1394 1777 1508 1822; x_wconf 90' lang='lat' dir='ltr'>veri-</span> 
     </span>
     <span class='ocr_line' id='line_1_25' title="bbox 124 1863 273 1898; baseline -0.007 0"><span class='ocrx_word' id='word_1_216' title='bbox 124 1863 273 1898; x_wconf 86' lang='lat' dir='ltr'>tatem.</span> 
     </span>
    </p>
   </div>
   <div class='ocr_carea' id='block_1_6' title="bbox 127 1929 1511 2486">
    <p class='ocr_par' dir='ltr' id='par_1_6' title="bbox 127 1929 1511 2486">
     <span class='ocr_line' id='line_1_26' title="bbox 182 1929 1508 1991; baseline -0.005 -12"><span class='ocrx_word' id='word_1_217' title='bbox 182 1938 348 1980; x_wconf 83' lang='lat' dir='ltr'><strong>XVIII.</strong></span> <span class='ocrx_word' id='word_1_218' title='bbox 375 1934 458 1979; x_wconf 89' lang='lat' dir='ltr'>Cui</span> <span class='ocrx_word' id='word_1_219' title='bbox 473 1933 658 1978; x_wconf 88' lang='lat' dir='ltr'>offerent</span> <span class='ocrx_word' id='word_1_220' title='bbox 674 1933 891 1977; x_wconf 81' lang='lat' dir='ltr'>munera?</span> <span class='ocrx_word' id='word_1_221' title='bbox 917 1950 934 1973; x_wconf 93' lang='lat'>«</span> <span class='ocrx_word' id='word_1_222' title='bbox 962 1930 1184 1986; x_wconf 85' lang='lat' dir='ltr'>Terribili,</span> <span class='ocrx_word' id='word_1_223' title='bbox 1209 1939 1252 1974; x_wconf 91' lang='lat' dir='ltr'>et</span> <span class='ocrx_word' id='word_1_224' title='bbox 1273 1930 1312 1974; x_wconf 89' lang='lat' dir='ltr'>ei</span> <span class='ocrx_word' id='word_1_225' title='bbox 1334 1929 1410 1991; x_wconf 88' lang='lat' dir='ltr'>qui</span> <span class='ocrx_word' id='word_1_226' title='bbox 1426 1945 1508 1974; x_wconf 84' lang='lat' dir='ltr'>au-</span> 
     </span>
     <span class='ocr_line' id='line_1_27' title="bbox 131 2000 1505 2064; baseline -0.004 -16"><span class='ocrx_word' id='word_1_227' title='bbox 131 2026 149 2048; x_wconf 86' lang='lat'>»</span> <span class='ocrx_word' id='word_1_228' title='bbox 184 2004 269 2048; x_wconf 88' lang='lat' dir='ltr'>fert</span> <span class='ocrx_word' id='word_1_229' title='bbox 298 2004 496 2064; x_wconf 87' lang='lat' dir='ltr'>spiritum</span> <span class='ocrx_word' id='word_1_230' title='bbox 518 2003 784 2062; x_wconf 76' lang='lat' dir='ltr'>principum2</span> <span class='ocrx_word' id='word_1_231' title='bbox 801 2037 810 2046; x_wconf 88' lang='lat'><strong>.</strong></span> <span class='ocrx_word' id='word_1_232' title='bbox 837 2022 854 2043; x_wconf 90' lang='lat'>»</span> <span class='ocrx_word' id='word_1_233' title='bbox 879 2001 1059 2061; x_wconf 84' lang='lat' dir='ltr'>Spiritus</span> <span class='ocrx_word' id='word_1_234' title='bbox 1087 2002 1203 2045; x_wconf 89' lang='lat' dir='ltr'>enim</span> <span class='ocrx_word' id='word_1_235' title='bbox 1230 2000 1475 2060; x_wconf 84' lang='lat' dir='ltr'>principum</span> <span class='ocrx_word' id='word_1_236' title='bbox 1494 2034 1505 2055; x_wconf 87' lang='lat'>,</span> 
     </span>
     <span class='ocr_line' id='line_1_28' title="bbox 127 2070 1510 2135; baseline -0.004 -15"><span class='ocrx_word' id='word_1_237' title='bbox 127 2075 303 2135; x_wconf 84' lang='lat' dir='ltr'>superbi</span> <span class='ocrx_word' id='word_1_238' title='bbox 325 2084 426 2119; x_wconf 91' lang='lat' dir='ltr'>sunt</span> <span class='ocrx_word' id='word_1_239' title='bbox 448 2075 636 2134; x_wconf 88' lang='lat' dir='ltr'>spiritus.</span> <span class='ocrx_word' id='word_1_240' title='bbox 656 2073 724 2117; x_wconf 86' lang='lat' dir='ltr'>Illi</span> <span class='ocrx_word' id='word_1_241' title='bbox 743 2089 845 2132; x_wconf 81' lang='lat' dir='ltr'>ergo</span> <span class='ocrx_word' id='word_1_242' title='bbox 867 2088 956 2116; x_wconf 87' lang='lat' dir='ltr'>non</span> <span class='ocrx_word' id='word_1_243' title='bbox 976 2081 1075 2116; x_wconf 83' lang='lat' dir='ltr'>sunt</span> <span class='ocrx_word' id='word_1_244' title='bbox 1088 2072 1259 2131; x_wconf 86' lang='lat' dir='ltr'>spiritus</span> <span class='ocrx_word' id='word_1_245' title='bbox 1274 2072 1386 2131; x_wconf 77' lang='lat' dir='ltr'>ejus3</span> <span class='ocrx_word' id='word_1_246' title='bbox 1407 2070 1510 2131; x_wconf 86' lang='lat' dir='ltr'>quia</span> 
     </span>
     <span class='ocr_line' id='line_1_29' title="bbox 127 2141 1506 2206; baseline -0.004 -16"><span class='ocrx_word' id='word_1_247' title='bbox 127 2146 206 2190; x_wconf 90' lang='lat' dir='ltr'>etsi</span> <span class='ocrx_word' id='word_1_248' title='bbox 228 2145 394 2206; x_wconf 82' lang='lat' dir='ltr'>aliquid</span> <span class='ocrx_word' id='word_1_249' title='bbox 415 2153 653 2199; x_wconf 81' lang='lat' dir='ltr'>noverunt,</span> <span class='ocrx_word' id='word_1_250' title='bbox 678 2159 806 2188; x_wconf 89' lang='lat' dir='ltr'>suum</span> <span class='ocrx_word' id='word_1_251' title='bbox 827 2143 982 2188; x_wconf 87' lang='lat' dir='ltr'>volunt</span> <span class='ocrx_word' id='word_1_252' title='bbox 1018 2158 1121 2197; x_wconf 88' lang='lat' dir='ltr'>esse,</span> <span class='ocrx_word' id='word_1_253' title='bbox 1144 2157 1232 2186; x_wconf 92' lang='lat' dir='ltr'>non</span> <span class='ocrx_word' id='word_1_254' title='bbox 1254 2141 1476 2201; x_wconf 90' lang='lat' dir='ltr'>publicum</span> <span class='ocrx_word' id='word_1_255' title='bbox 1497 2160 1506 2185; x_wconf 92' lang='lat'><strong>:</strong></span> 
     </span>
     <span class='ocr_line' id='line_1_30' title="bbox 129 2212 1507 2277; baseline -0.004 -16"><span class='ocrx_word' id='word_1_256' title='bbox 129 2217 204 2262; x_wconf 91' lang='lat' dir='ltr'>sed</span> <span class='ocrx_word' id='word_1_257' title='bbox 224 2217 297 2261; x_wconf 90' lang='lat' dir='ltr'>ille</span> <span class='ocrx_word' id='word_1_258' title='bbox 319 2217 395 2277; x_wconf 88' lang='lat' dir='ltr'>qui</span> <span class='ocrx_word' id='word_1_259' title='bbox 420 2216 698 2260; x_wconf 84' lang='lat' dir='ltr'>commendat</span> <span class='ocrx_word' id='word_1_260' title='bbox 724 2230 767 2258; x_wconf 91' lang='lat' dir='ltr'>se</span> <span class='ocrx_word' id='word_1_261' title='bbox 801 2224 1007 2274; x_wconf 81' lang='lat' dir='ltr'>tanquam</span> <span class='ocrx_word' id='word_1_262' title='bbox 1037 2213 1249 2274; x_wconf 72' lang='lat' dir='ltr'>aequalem</span> <span class='ocrx_word' id='word_1_263' title='bbox 1279 2212 1507 2267; x_wconf 85' lang='lat' dir='ltr'>omnibus,</span> 
     </span>
     <span class='ocr_line' id='line_1_31' title="bbox 130 2284 1508 2348; baseline -0.004 -17"><span class='ocrx_word' id='word_1_264' title='bbox 130 2288 207 2348; x_wconf 89' lang='lat' dir='ltr'>qui</span> <span class='ocrx_word' id='word_1_265' title='bbox 228 2303 270 2331; x_wconf 91' lang='lat' dir='ltr'>se</span> <span class='ocrx_word' id='word_1_266' title='bbox 286 2288 331 2330; x_wconf 92' lang='lat' dir='ltr'>in</span> <span class='ocrx_word' id='word_1_267' title='bbox 344 2286 486 2330; x_wconf 89' lang='lat' dir='ltr'>medio</span> <span class='ocrx_word' id='word_1_268' title='bbox 504 2286 628 2346; x_wconf 89' lang='lat' dir='ltr'>ponit</span> <span class='ocrx_word' id='word_1_269' title='bbox 639 2321 649 2340; x_wconf 86' lang='lat'>‚</span> <span class='ocrx_word' id='word_1_270' title='bbox 665 2294 715 2329; x_wconf 90' lang='lat' dir='ltr'>ut</span> <span class='ocrx_word' id='word_1_271' title='bbox 729 2299 876 2329; x_wconf 89' lang='lat' dir='ltr'>omnes</span> <span class='ocrx_word' id='word_1_272' title='bbox 893 2284 1065 2344; x_wconf 80' lang='lat' dir='ltr'>capiant</span> <span class='ocrx_word' id='word_1_273' title='bbox 1081 2293 1294 2344; x_wconf 85' lang='lat' dir='ltr'>quantum</span> <span class='ocrx_word' id='word_1_274' title='bbox 1313 2291 1508 2342; x_wconf 87' lang='lat' dir='ltr'>possunt,</span> 
     </span>
     <span class='ocr_line' id='line_1_32' title="bbox 131 2351 1508 2418; baseline -0.005 -17"><span class='ocrx_word' id='word_1_275' title='bbox 131 2357 348 2418; x_wconf 87' lang='lat' dir='ltr'>quidquid</span> <span class='ocrx_word' id='word_1_276' title='bbox 360 2365 564 2416; x_wconf 74' lang='lat' dir='ltr'>possunt3</span> <span class='ocrx_word' id='word_1_277' title='bbox 583 2370 671 2399; x_wconf 88' lang='lat' dir='ltr'>non</span> <span class='ocrx_word' id='word_1_278' title='bbox 685 2355 739 2398; x_wconf 90' lang='lat' dir='ltr'>de</span> <span class='ocrx_word' id='word_1_279' title='bbox 757 2355 1011 2414; x_wconf 82' lang='lat' dir='ltr'>cujusquam</span> <span class='ocrx_word' id='word_1_280' title='bbox 1029 2353 1237 2407; x_wconf 80' lang='lat' dir='ltr'>hominis⁷</span> <span class='ocrx_word' id='word_1_281' title='bbox 1257 2351 1332 2396; x_wconf 88' lang='lat' dir='ltr'>scd</span> <span class='ocrx_word' id='word_1_282' title='bbox 1345 2352 1398 2395; x_wconf 90' lang='lat' dir='ltr'>de</span> <span class='ocrx_word' id='word_1_283' title='bbox 1415 2352 1508 2406; x_wconf 89' lang='lat' dir='ltr'>Dei,</span> 
     </span>
     <span class='ocr_line' id='line_1_33' title="bbox 132 2420 1511 2486; baseline -0.005 -14"><span class='ocrx_word' id='word_1_284' title='bbox 132 2437 176 2472; x_wconf 87' lang='grc'>61</span> <span class='ocrx_word' id='word_1_285' title='bbox 196 2426 294 2472; x_wconf 86' lang='lat' dir='ltr'>ideo</span> <span class='ocrx_word' id='word_1_286' title='bbox 316 2426 372 2471; x_wconf 88' lang='lat' dir='ltr'>de</span> <span class='ocrx_word' id='word_1_287' title='bbox 402 2442 503 2481; x_wconf 81' lang='lat' dir='ltr'>suo,</span> <span class='ocrx_word' id='word_1_288' title='bbox 528 2426 629 2486; x_wconf 82' lang='lat' dir='ltr'>quia</span> <span class='ocrx_word' id='word_1_289' title='bbox 650 2425 731 2484; x_wconf 87' lang='lat' dir='ltr'>ipsi</span> <span class='ocrx_word' id='word_1_290' title='bbox 752 2423 854 2469; x_wconf 81' lang='lat' dir='ltr'>sacti</span> <span class='ocrx_word' id='word_1_291' title='bbox 875 2433 977 2468; x_wconf 86' lang='lat' dir='ltr'>sunt</span> <span class='ocrx_word' id='word_1_292' title='bbox 998 2424 1104 2484; x_wconf 85' lang='lat' dir='ltr'>ejus.</span> <span class='ocrx_word' id='word_1_293' title='bbox 1129 2426 1246 2482; x_wconf 83' lang='lat' dir='ltr'>Ergo</span> <span class='ocrx_word' id='word_1_294' title='bbox 1278 2420 1342 2466; x_wconf 89' lang='lat' dir='ltr'>illi</span> <span class='ocrx_word' id='word_1_295' title='bbox 1362 2435 1511 2466; x_wconf 89' lang='lat' dir='ltr'>omnes</span> 
     </span>
    </p>
   </div>
   <div class='ocr_carea' id='block_1_7' title="bbox 181 2534 770 2578">
    <p class='ocr_par' dir='ltr' id='par_1_7' title="bbox 181 2534 770 2578">
     <span class='ocr_line' id='line_1_34' title="bbox 181 2534 770 2578; baseline -0.007 -8"><span class='ocrx_word' id='word_1_296' title='bbox 181 2543 191 2561; x_wconf 88' lang='lat'><em>¹</em></span> <span class='ocrx_word' id='word_1_297' title='bbox 210 2536 290 2570; x_wconf 89' lang='lat' dir='ltr'>Psal.</span> <span class='ocrx_word' id='word_1_298' title='bbox 310 2547 346 2578; x_wconf 89' lang='lat' dir='ltr'>n,</span> <span class='ocrx_word' id='word_1_299' title='bbox 367 2546 418 2569; x_wconf 87' lang='lat'>11.</span> <span class='ocrx_word' id='word_1_300' title='bbox 439 2552 480 2559; x_wconf 89' lang='lat'><strong>—</strong></span> <span class='ocrx_word' id='word_1_301' title='bbox 500 2534 580 2569; x_wconf 76' lang='lat' dir='ltr'>2-1d.</span> <span class='ocrx_word' id='word_1_302' title='bbox 604 2544 700 2577; x_wconf 61' lang='lat' dir='ltr'>mxxv,</span> <span class='ocrx_word' id='word_1_303' title='bbox 719 2534 770 2566; x_wconf 84' lang='lat'>13.</span> 
     </span>
    </p>
   </div>
  </div>
 </body>
</html>
