1889 3285
429 223 510 258 ὑοῦ
864 233 895 257 s.
934 231 1163 258 Accusrim
1198 233 1376 259 Episcopi

429 316 445 334 »
481 293 592 336 sicut
616 293 760 337 caeteri
779 292 996 348 homines,
1019 294 1166 353 injusti
1186 329 1196 349 ,
1223 305 1414 355 raptores
1431 330 1442 351 ,
1465 294 1674 351 adulteri,
1699 297 1811 341 sicut

427 383 444 404 »
481 372 523 406 et
554 363 623 406 hic
646 361 909 407 Publicanus
935 381 944 407 :
964 365 1118 424 jejuno
1152 364 1218 408 bis
1244 365 1290 409 in
1312 366 1516 421 sabbato,
1543 365 1731 411 decimas
1752 367 1810 411 do

426 453 443 474 »
480 433 677 477 omnium
700 448 992 493 quaecumque
1020 434 1232 492 possideo.
1265 455 1283 477 »
1309 435 1379 480 Ad
1408 435 1628 481 medicum
1660 451 1810 480 ascen-

419 501 564 557 derat,
590 511 634 546 et
654 502 850 547 membra
871 518 974 547 sana
994 504 1273 560 ostendebat,
1298 505 1478 550 vulnera
1492 506 1679 564 tegebat.
1697 505 1811 559 Quid

417 588 521 632 ergo
542 572 616 617 ille
637 574 714 634 qui
746 572 902 617 melius
929 583 1112 619 noverat
1135 575 1252 618 unde
1279 585 1504 620 sanaretur
1525 577 1543 618 ἱ)
1565 596 1582 616 «
1605 575 1810 621 Publica-

423 662 444 684 »
479 659 561 687 nus
584 652 731 688 autem
755 643 809 687 de
829 642 1074 704 longinquo
1097 644 1262 700 stabat,
1294 655 1338 689 et
1360 645 1631 705 percutiebat
1659 655 1811 705 pectus

425 733 442 754 »
478 729 622 758 suum.
648 733 665 754 »
684 712 851 758 Videtis
881 729 983 758 eum
1005 713 1060 758 de
1086 712 1330 775 longinquo
1357 724 1543 760 stantem
1575 735 1584 761 :
1612 714 1675 759 illi
1709 731 1812 776 pro-

418 783 663 844 pinquabat
674 798 807 843 quem
819 784 1064 829 invocabat.
1095 803 1112 825 «
1139 787 1196 829 Et
1210 785 1482 844 percutiebat
1493 795 1644 846 pectus
1657 801 1807 841 suum,

424 874 442 895 »
478 853 625 898 dicens
643 869 651 895 :
678 856 792 898 Deus
806 889 817 909 ,
843 854 1055 914 propitius
1071 864 1161 900 esto
1178 855 1285 899 mihi
1308 856 1541 915 peccatori.
1558 861 1698 901 Amen
1712 855 1810 901 dico

422 943 441 967 »
477 926 632 981 vobis,
673 924 898 970 descendit
929 926 1191 987 justificatus
1229 926 1493 972 Publicanus
1530 927 1603 972 ille
1635 928 1770 986 magis
1795 962 1807 983 ,

423 1017 441 1039 »
477 1012 610 1057 quam
632 997 873 1042 Pharisaeus
889 996 961 1042 ille
991 1017 1000 1042 :
1025 998 1128 1058 quia
1149 998 1290 1043 omnis
1307 999 1440 1059 quise
1457 998 1635 1054 exaltat,
1662 997 1809 1043 humi-

422 1085 444 1109 »
479 1068 684 1127 liabitur3
709 1078 752 1113 et
774 1070 850 1129 qui
872 1085 915 1113 se
938 1069 1168 1126 humiliat,
1200 1070 1505 1115 exaltabitur1.
1537 1091 1553 1112 »
1581 1071 1810 1130 Expositus

420 1148 483 1183 cst
513 1155 658 1184 Versus
696 1139 855 1184 Psalmi
874 1141 1021 1200 hujus.
1044 1147 1153 1185 Deus
1178 1141 1315 1201 judex
1348 1141 1455 1202 quid
1480 1140 1612 1186 facit?
1638 1160 1655 1181 «
1682 1144 1810 1186 Hunc

420 1230 440 1253 n
476 1210 703 1266 humiliat,
723 1219 766 1254 et
791 1212 909 1255 hunc
936 1210 1094 1255 exaltat
1123 1231 1133 1256 2
1162 1232 1179 1253 »
1206 1211 1407 1257 humiliat
1420 1212 1675 1273 superbum,
1690 1211 1809 1256 exal-

420 1292 484 1327 tat
505 1281 732 1325 humilem.

475 1355 556 1397 XI.
587 1372 604 1393 «
633 1353 741 1406 Quia
763 1350 875 1396 calix
904 1351 950 1397 in
971 1367 1106 1396 manu
1134 1352 1311 1397 Domini
1332 1352 1421 1396 vini
1441 1352 1549 1396 meri
1571 1351 1726 1412 plenus
1747 1361 1812 1397 est

423 1446 441 1467 »
476 1425 629 1469 mixto.
657 1442 677 1464 »
704 1424 876 1469 Merito.
908 1445 925 1463 «
953 1426 1012 1468 Et
1036 1424 1262 1468 inclinavit
1283 1439 1333 1467 ex
1360 1424 1443 1468 hoc
1475 1424 1522 1467 in
1550 1424 1698 1481 hunc3
1731 1439 1809 1468 ve—

422 1514 440 1537 »
476 1504 723 1540 rumtamen
752 1494 836 1538 faex
869 1500 960 1551 ejus
993 1509 1082 1538 non
1111 1503 1175 1538 est
1209 1494 1449 1551 exinanita,
1486 1494 1639 1538 bibent
1660 1509 1810 1539 omnes

422 1588 438 1607 »
475 1574 722 1624 peccatores
744 1567 915 1608 terrae2.
945 1582 964 1605 »
991 1564 1280 1608 Renovamini
1300 1564 1810 1623 paululum30bscurum

419 1636 584 1696 aliquid
610 1644 671 1679 est
697 1654 706 1679 :
733 1634 808 1679 sed
825 1633 1050 1694 quomodo
1069 1635 1315 1679 audivimus
1332 1635 1556 1695 Evangelii
1577 1635 1810 1680 lectionem

417 1706 781 1763 recentissimam3
812 1725 829 1745 «
852 1705 990 1750 Petite
1005 1740 1016 1760 ,
1042 1714 1085 1749 et
1105 1705 1282 1750 dabitur
1301 1707 1447 1763 vobis,
1463 1707 1665 1767 quaerite,
1691 1716 1735 1751 et
1748 1707 1810 1750 in·

420 1795 441 1818 »
475 1776 655 1821 venietis
677 1796 687 1833 3
710 1775 902 1835 pulsate,
927 1785 971 1819 et
992 1776 1209 1835 aperietur
1229 1777 1394 1821 vobisss.
1420 1797 1437 1818 »
1467 1776 1552 1822 Sed
1568 1776 1673 1821 dicis
1688 1796 1696 1821 2
1714 1781 1810 1830 Quo

415 1847 565 1908 pulso,
591 1856 642 1891 ut
664 1846 881 1906 aperiatur
904 1846 1044 1890 mihi?
1065 1866 1082 1886 «
1109 1849 1261 1907 Neque
1292 1847 1347 1891 ab
1365 1847 1565 1903 Oriente,
1590 1862 1733 1907 neque
1755 1847 1809 1890 ab

422 1939 440 1960 »
476 1917 735 1973 Occidente,
771 1931 915 1977 neque
944 1933 967 1960 a
998 1916 1176 1961 desertis
1205 1917 1445 1973 montium,
1470 1917 1674 1975 quoniam
1694 1919 1808 1960 Deus

420 2007 440 2030 »
471 1987 606 2048 judex
641 1997 718 2032 est.
746 2006 767 2029 »
797 1987 839 2032 Si
863 2002 1052 2046 praesens
1086 1995 1148 2032 est
1179 1987 1250 2031 hic
1287 1996 1419 2046 atque
1451 1985 1565 2041 illic,
1588 1995 1631 2030 et
1654 1986 1808 2030 absens

419 2073 658 2118 nusquam,
684 2057 761 2102 ubi
782 2066 866 2102 stas
881 2093 891 2113 ,
917 2057 978 2101 ibi
999 2056 1122 2116 pulsa
1139 2077 1148 2100 :
1164 2057 1226 2099 ibi‘
1241 2065 1411 2100 tantum
1433 2064 1518 2111 sta,
1535 2056 1635 2116 quia
1652 2057 1807 2102 stando

418 2129 631 2190 pulsatur.
659 2128 773 2182 Quid
787 2144 889 2187 ergo
909 2137 973 2172 est
990 2128 1104 2171 hoc?
1128 2127 1270 2171 Prima
1292 2127 1476 2186 quaestio
1497 2126 1577 2170 ista
1591 2128 1802 2172 occurrit:

424 2219 444 2241 »
470 2200 570 2244 Vini
585 2200 693 2244 meri
719 2199 876 2259 plenus
893 2207 957 2242 est
977 2198 1127 2241 mixto.
1146 2215 1166 2238 >›
1185 2198 1415 2251 Quomodo
1435 2197 1564 2252 meri,
1590 2197 1625 2241 si
1647 2197 1809 2242 mixto?

415 2273 658 2325 Caeterum,
685 2290 704 2312 «
726 2269 847 2315 Calix
858 2270 904 2313 in
925 2284 1060 2312 manu
1082 2268 1279 2324 Domini,
1307 2287 1327 2310 »
1353 2284 1453 2313 cum
1477 2267 1582 2313 dicit
1599 2303 1610 2323 ,
1633 2267 1806 2325 (erudi,-

416 2342 469 2387 tis
502 2342 546 2386 in
581 2340 773 2386 Ecclesia
795 2338 957 2385 Christi
978 2339 1152 2399 loquor,
1176 2342 1194 2397 )
1217 2355 1307 2383 non
1329 2339 1482 2399 utique
1511 2338 1645 2382 veluti
1665 2338 1806 2384 forma

416 2414 606 2457 humana
626 2410 1001 2470 circumscriptum
1018 2412 1159 2453 Deum
1177 2409 1334 2454 debitis
1352 2410 1474 2454 vobis
1491 2409 1535 2452 in
1559 2408 1690 2453 corde
1707 2409 1805 2468 pin-

420 2499 519 2542 gere
535 2518 546 2537 ,
570 2498 625 2527 ne
651 2481 806 2526 clausis
830 2480 999 2540 templis
1022 2479 1250 2524 simulacra
1273 2481 1318 2524 in
1340 2478 1543 2525 cordibus
1568 2478 1800 2524 fabricetis.

474 2587 481 2602 ¹
506 2582 581 2612 Luc.
601 2589 690 2620 xviii,
714 2578 821 2619 10-14.
846 2595 886 2601 -
908 2584 920 2600 ²
942 2576 1018 2609 Psal.
1040 2586 1147 2619 mxiv,
1172 2587 1204 2619 9.
1229 2594 1269 2600 —
1294 2575 1306 2600 3
1331 2576 1442 2609 Matth,
1465 2588 1525 2618 vu,
1551 2587 1581 2618 7.
