1889 3285
2 437 15 520 ζ,

0 1442 3 1466 l
14 1461 18 1466 ,

383 305 622 336 manuum
655 309 697 335 m
730 307 933 336 PsALMUM
965 308 1101 335 van.
1348 296 1434 334 299

56 371 237 417 istorum
250 372 476 417 nominum
490 371 843 431 interpretatione
857 371 1064 415 clarescit.
1079 370 1261 413 Hebraea
1274 371 1436 430 quippe

53 450 160 486 sunt
185 442 361 485 nomina
393 460 403 485 :
433 456 620 500 quorum
649 441 762 484 Juda
788 440 1001 485 confessio
1026 440 1294 498 interpretari
1325 439 1435 483 dici-

58 519 131 555 tur
150 546 161 566 ,
196 512 393 556 Zabulon
422 511 721 556 habitaculum
746 511 1036 565 fortitudinis,
1069 509 1349 569 Nephthalim
1367 510 1435 554 di-

56 581 207 627 latatio
227 598 340 627 mea.
367 586 476 636 Quae
503 583 648 627 omnia
668 583 908 627 verissimos
934 581 1058 625 nobis
1075 580 1297 624 insinuant
1312 581 1436 640 prin-

57 652 173 712 cipes
209 652 521 708 Ecclesiarum,
557 652 711 709 dignos
755 653 946 706 ducatu,
982 650 1135 709 dignos
1167 650 1431 704 imitatione,

55 721 212 781 dignos
247 722 502 766 honoribus.
532 725 743 779 Martyres
775 735 964 780 namque
990 720 1037 763 in
1063 718 1262 763 Ecclesiis
1289 717 1436 763 locum

0 812 6 834 .’
56 806 278 836 summum
300 801 470 846 tenent,
495 800 625 851 atque
646 791 765 850 apice
782 799 940 835 sanctae
962 790 1182 848 dignitatis
1199 788 1434 833 excellunt.

0 877 4 906 ι
53 863 259 906 Jamvero
280 862 324 905 in
341 862 549 919 martyrio
567 862 705 920 prima
727 861 940 906 confessio
962 869 1047 914 est,
1067 868 1109 903 et
1122 874 1201 918 pro
1216 859 1289 903 illa
1305 859 1437 919 quid-

54 930 166 990 quid
175 931 378 976 acciderit
387 931 599 976 tolerandi
616 947 798 991 sequens
809 931 1039 976 assumitur
1048 928 1438 986 fortitudo3deinde

0 1024 9 1043 2<
56 1009 155 1060 post
171 1002 314 1045 omnia
327 1002 524 1056 tolerata,
549 1002 681 1046 finitis
708 1001 931 1060 angustiis,
946 1000 1132 1044 latitudo
1155 1000 1438 1059 consequitur

0 1110 7 1114 „
55 1070 104 1115 in
132 1072 327 1130 praemio.
363 1076 510 1117 Potest
536 1082 579 1117 et
605 1074 664 1118 sic
692 1072 896 1131 intelligi,
933 1081 984 1116 ut
1010 1071 1217 1132 quoniam
1240 1071 1321 1114 tria
1342 1071 1437 1113 haee

57 1142 276 1201 praecipue
301 1143 580 1188 commendat
611 1142 843 1202 Apostolus
863 1177 873 1196 ,
898 1141 1029 1185 fldem
1047 1176 1058 1195 ‚
1083 1156 1202 1200 spem
1221 1176 1231 1195 ‚
1251 1140 1438 1185 charita-

1 1231 19 1280 2¹
58 1213 195 1269 tem²3
234 1211 446 1257 confessio
467 1213 517 1256 fit
537 1212 583 1255 in
605 1212 693 1256 fide
708 1211 956 1266 „fortitudo
977 1211 1023 1254 in
1051 1226 1125 1270 spe
1140 1246 1155 1265 ,
1178 1209 1364 1254 latitudo
1393 1210 1438 1253 in

59 1281 282 1327 charitate.
320 1281 443 1325 Fidei
471 1282 634 1342 quippe
666 1296 732 1325 res
764 1289 852 1335 est,
888 1289 940 1323 ut
980 1279 1111 1324 corde
1147 1279 1348 1324 credatur
1383 1279 1438 1323 ad

55 1352 292 1413 justitiam,
323 1367 398 1397 ore
427 1362 573 1396 autem
609 1351 822 1397 confessio
842 1353 919 1395 fiat
941 1351 995 1395 ad
1012 1350 1196 1395 salutem
1210 1354 1243 1394 2.
1269 1354 1320 1394 In
1342 1365 1439 1408 pas-

59 1422 252 1467 sionibus
271 1432 417 1467 autem
433 1422 767 1467 tribulationum
785 1437 850 1465 res
866 1421 996 1466 tristis
1009 1431 1073 1465 est
1084 1456 1095 1476 ,
1117 1421 1192 1465 sed
1213 1436 1307 1480 spes
1318 1420 1440 1465 fortis

0 1533 3 1539 .
59 1502 138 1537 est.
167 1512 189 1536 «
221 1494 263 1538 Si
282 1494 398 1537 enim
419 1494 540 1554 quod
561 1510 651 1538 non
677 1492 875 1537 videmus
903 1507 1144 1551 speramus,
1174 1507 1252 1551 per
1273 1491 1443 1550 patien—

62 1580 84 1606 ν
117 1563 222 1608 tiam
250 1566 571 1623 expectamusss.
598 1582 620 1605 »
647 1562 939 1607 Latitudinem
960 1577 1063 1605 vero
1091 1570 1267 1621 praestat
1299 1562 1442 1605 chari-

55 1633 154 1678 tatis
176 1633 221 1676 in
248 1634 378 1677 corde
400 1633 591 1677 diffusio.
620 1653 639 1675 «
661 1635 771 1678 Nam
794 1640 1092 1676 consummata
1117 1632 1302 1676 charitas
1324 1630 1441 1675 foras

59 1719 81 1745 2>
114 1702 249 1746 mittit
281 1702 508 1746 timorem4
535 1721 544 1745 :
578 1720 598 1743 »
630 1702 715 1754 Qui
747 1703 878 1745 timor
905 1710 1173 1745 tormentum
1201 1701 1336 1745 habet
1364 1715 1443 1760 per

57 1773 212 1817 animae
233 1773 462 1830 angustias.
488 1791 507 1814 «
533 1772 752 1830 Principes
776 1786 879 1829 ergo
908 1770 1020 1814 Juda
1044 1770 1176 1814 duces
1206 1786 1358 1814 eorum
1381 1789 1389 1815 :
1418 1788 1439 1811 »

58 1843 135 1903 qui
151 1842 199 1886 in
214 1841 417 1887 Ecclesiis
440 1839 707 1885 benedicunt
728 1840 978 1884 Dominum.
1007 1858 1028 1881 «
1052 1839 1271 1898 Principes
1295 1840 1442 1883 Zabu-

61 1930 83 1954 »
115 1911 192 1956 lon
208 1947 219 1966 ‚
244 1911 458 1971 principes
486 1909 766 1970 Nephthalim
793 1929 800 1953 :
839 1926 859 1949 »
885 1909 1100 1969 principes
1132 1907 1411 1954 confessionis
1427 1942 1440 1964 ‚

58 1980 348 2036 fortitudinis,
374 1980 646 2031 latitudini83
676 1979 891 2039 principes
908 1978 1030 2033 fidei,
1062 1979 1177 2038 spei,
1205 1978 1441 2023 charitatis.

116 2050 557 2105 XXXVII.«Manda‚
574 2054 703 2104 Deus,
724 2050 929 2094 virtutem
947 2059 1080 2094 tuam.
1098 2052 1219 2094 Unus
1235 2048 1351 2093 enim
1362 2052 1445 2093 Do-

62 2139 84 2164 »
117 2124 262 2167 minus
284 2131 430 2166 noster
452 2125 576 2166 Jesus
598 2121 795 2166 Christus
810 2156 821 2175 ,
841 2136 919 2180 per
939 2136 1071 2180 quem
1094 2121 1238 2164 omnia
1253 2156 1264 2174 ,
1303 2129 1345 2163 et
1367 2134 1446 2164 nos

63 2209 84 2234 n
118 2192 164 2236 in
182 2193 276 2252 ipso
291 2195 327 2246 ⁵,
356 2210 377 2233 »
403 2207 535 2252 quem
557 2192 735 2249 legimus
758 2191 836 2235 Dei
857 2191 1075 2234 Virtutem
1096 2199 1138 2234 et
1161 2191 1238 2234 Dei
1263 2190 1445 2249 Sapien-

60 2264 304 2324 pientiamss.
325 2262 556 2322 Quomodo
570 2271 714 2306 autem
727 2265 841 2306 Deus
865 2262 1044 2306 mandat
1057 2262 1278 2306 Christum
1290 2276 1418 2305 suum
1432 2295 1443 2314 ,

61 2333 144 2377 nisi
160 2332 267 2376 dum
289 2348 389 2376 eum
407 2331 714 2376 commendat?
733 2351 752 2374 «
772 2331 1061 2376 Commendat
1079 2332 1192 2375 enim
1216 2334 1330 2375 Deus
1343 2330 1447 2374 cha-

64 2420 86 2444 »
119 2403 290 2447 ritatem
307 2417 430 2446 suam
447 2403 492 2445 in
511 2402 660 2457 nobis,
686 2402 893 2462 quoniam
913 2400 1021 2445 dum
1044 2401 1186 2446 adhuc
1200 2409 1446 2461 peccatores

64 2491 86 2520 ν,
120 2488 327 2527 essemus,
367 2473 560 2517 Christus
587 2488 667 2532 pro
692 2472 817 2517 nobis
851 2480 1050 2516 mortuus
1080 2474 1183 2516 est7.
1214 2468 1445 2524 Quomodo

109 2575 120 2590 ¹
143 2577 162 2600 2
180 2570 252 2600 Cor.
270 2579 337 2608 xm,
363 2567 414 2599 13.
431 2584 473 2589 —
490 2573 503 2590 2
525 2570 616 2599 Rom.
636 2577 670 2607 x,
689 2577 740 2599 10.
761 2583 802 2589 -—-
822 2564 905 2597 ³1d.
922 2576 990 2607 vm,
1010 2564 1145 2599 25.—4
1168 2577 1180 2597 1
1208 2567 1364 2605 Joan.1v,
1388 2562 1438 2595 18.

12 2622 15 2628 “
63 2639 105 2646 —-
123 2622 138 2647 ⁵
161 2635 173 2654 1
192 2625 266 2657 Cor.
287 2634 354 2663 vm,
378 2622 411 2656 6.
441 2640 468 2648 -
499 2621 575 2655 61d.
597 2634 620 2663 1,
640 2621 693 2663 24.
717 2629 786 2654 -7
810 2623 900 2654 Rom.
923 2631 954 2662 v,
971 2620 1000 2652 8.
