<?xml version="1.0" encoding="UTF-8"?>
<!DOCTYPE html PUBLIC "-//W3C//DTD XHTML 1.0 Transitional//EN"
    "http://www.w3.org/TR/xhtml1/DTD/xhtml1-transitional.dtd">
<html xmlns="http://www.w3.org/1999/xhtml" xml:lang="en" lang="en">
 <head>
  <title>
</title>
<meta http-equiv="Content-Type" content="text/html;charset=utf-8" />
  <meta name='ocr-system' content='tesseract 3.04.00' />
  <meta name='ocr-capabilities' content='ocr_page ocr_carea ocr_par ocr_line ocrx_word'/>
</head>
<body>
  <div class='ocr_page' id='page_1' title='image "./operaomniaaccura09auguuoft_0118.png"; bbox 0 0 1889 3285; ppageno 0'>
   <div class='ocr_carea' id='block_1_1' title="bbox 396 237 1314 280">
    <p class='ocr_par' dir='ltr' id='par_1_1' title="bbox 396 237 1314 280">
     <span class='ocr_line' id='line_1_1' title="bbox 396 237 1314 280; baseline 0.003 -5"><span class='ocrx_word' id='word_1_1' title='bbox 396 237 476 275; x_wconf 91' lang='grc'>108</span> <span class='ocrx_word' id='word_1_2' title='bbox 801 245 836 275; x_wconf 90' lang='lat' dir='ltr'>s.</span> <span class='ocrx_word' id='word_1_3' title='bbox 870 243 1101 278; x_wconf 69' lang='lat' dir='ltr'>Anousnm</span> <span class='ocrx_word' id='word_1_4' title='bbox 1133 251 1314 280; x_wconf 79' lang='lat' dir='ltr'>EPISCOPI</span> 
     </span>
    </p>
   </div>
   <div class='ocr_carea' id='block_1_2' title="bbox 387 311 1774 587">
    <p class='ocr_par' dir='ltr' id='par_1_2' title="bbox 387 311 1774 587">
     <span class='ocr_line' id='line_1_2' title="bbox 387 311 1770 377; baseline 0.001 -20"><span class='ocrx_word' id='word_1_5' title='bbox 387 320 632 367; x_wconf 84' lang='lat' dir='ltr'>cesserunt,</span> <span class='ocrx_word' id='word_1_6' title='bbox 658 321 701 356; x_wconf 89' lang='lat' dir='ltr'>et</span> <span class='ocrx_word' id='word_1_7' title='bbox 715 321 853 370; x_wconf 85' lang='lat' dir='ltr'>strage</span> <span class='ocrx_word' id='word_1_8' title='bbox 874 311 1008 369; x_wconf 85' lang='lat' dir='ltr'>facta,</span> <span class='ocrx_word' id='word_1_9' title='bbox 1033 330 1277 377; x_wconf 78' lang='lat' dir='ltr'>magnaque</span> <span class='ocrx_word' id='word_1_10' title='bbox 1290 316 1459 361; x_wconf 87' lang='lat' dir='ltr'>reddita</span> <span class='ocrx_word' id='word_1_11' title='bbox 1480 317 1698 371; x_wconf 82' lang='lat' dir='ltr'>vastitate,</span> <span class='ocrx_word' id='word_1_12' title='bbox 1723 315 1770 358; x_wconf 89' lang='lat' dir='ltr'>in</span> 
     </span>
     <span class='ocr_line' id='line_1_3' title="bbox 389 384 1771 444; baseline 0.001 -17"><span class='ocrx_word' id='word_1_13' title='bbox 389 393 562 437; x_wconf 86' lang='lat' dir='ltr'>terram,</span> <span class='ocrx_word' id='word_1_14' title='bbox 579 399 709 443; x_wconf 86' lang='lat' dir='ltr'>quam</span> <span class='ocrx_word' id='word_1_15' title='bbox 727 384 974 443; x_wconf 83' lang='lat' dir='ltr'>promisisti,</span> <span class='ocrx_word' id='word_1_16' title='bbox 996 384 1170 444; x_wconf 81' lang='lat' dir='ltr'>plebem</span> <span class='ocrx_word' id='word_1_17' title='bbox 1189 396 1310 431; x_wconf 86' lang='lat' dir='ltr'>tuam</span> <span class='ocrx_word' id='word_1_18' title='bbox 1322 387 1542 431; x_wconf 81' lang='lat' dir='ltr'>induxisti.</span> <span class='ocrx_word' id='word_1_19' title='bbox 1558 389 1651 431; x_wconf 83' lang='lat' dir='ltr'>Hoc</span> <span class='ocrx_word' id='word_1_20' title='bbox 1666 395 1771 431; x_wconf 90' lang='lat' dir='ltr'>tunc</span> 
     </span>
     <span class='ocr_line' id='line_1_4' title="bbox 387 453 1769 514; baseline 0 -16"><span class='ocrx_word' id='word_1_21' title='bbox 387 470 477 499; x_wconf 90' lang='lat' dir='ltr'>non</span> <span class='ocrx_word' id='word_1_22' title='bbox 498 453 642 509; x_wconf 84' lang='lat' dir='ltr'>facies,</span> <span class='ocrx_word' id='word_1_23' title='bbox 662 473 682 496; x_wconf 89' lang='lat'>«</span> <span class='ocrx_word' id='word_1_24' title='bbox 705 457 802 500; x_wconf 84' lang='lat' dir='ltr'>Non</span> <span class='ocrx_word' id='word_1_25' title='bbox 816 454 1063 514; x_wconf 80' lang='lat' dir='ltr'>egredieris,</span> <span class='ocrx_word' id='word_1_26' title='bbox 1081 459 1211 513; x_wconf 86' lang='lat' dir='ltr'>Deus,</span> <span class='ocrx_word' id='word_1_27' title='bbox 1230 458 1277 501; x_wconf 89' lang='lat' dir='ltr'>in</span> <span class='ocrx_word' id='word_1_28' title='bbox 1290 457 1527 502; x_wconf 87' lang='lat' dir='ltr'>virtutibus</span> <span class='ocrx_word' id='word_1_29' title='bbox 1548 457 1720 511; x_wconf 87' lang='lat' dir='ltr'>nostris,</span> <span class='ocrx_word' id='word_1_30' title='bbox 1747 473 1769 497; x_wconf 85' lang='lat'>»</span> 
     </span>
     <span class='ocr_line' id='line_1_5' title="bbox 387 523 1774 587; baseline -0.001 -18"><span class='ocrx_word' id='word_1_31' title='bbox 387 523 465 569; x_wconf 87' lang='lat' dir='ltr'>sed</span> <span class='ocrx_word' id='word_1_32' title='bbox 487 524 604 568; x_wconf 81' lang='lat' dir='ltr'>intus</span> <span class='ocrx_word' id='word_1_33' title='bbox 627 525 885 584; x_wconf 81' lang='lat' dir='ltr'>operaberis.</span> <span class='ocrx_word' id='word_1_34' title='bbox 918 524 1032 578; x_wconf 85' lang='lat' dir='ltr'>Quid</span> <span class='ocrx_word' id='word_1_35' title='bbox 1061 535 1147 583; x_wconf 89' lang='lat' dir='ltr'>est,</span> <span class='ocrx_word' id='word_1_36' title='bbox 1177 546 1198 570; x_wconf 87' lang='lat'>«</span> <span class='ocrx_word' id='word_1_37' title='bbox 1222 530 1321 572; x_wconf 79' lang='lat' dir='ltr'>Non</span> <span class='ocrx_word' id='word_1_38' title='bbox 1342 527 1595 587; x_wconf 80' lang='lat' dir='ltr'>egredieris?</span> <span class='ocrx_word' id='word_1_39' title='bbox 1619 546 1639 568; x_wconf 92' lang='lat'>»</span> <span class='ocrx_word' id='word_1_40' title='bbox 1674 528 1774 572; x_wconf 88' lang='lat' dir='ltr'>Non</span> 
     </span>
    </p>
   </div>
   <div class='ocr_carea' id='block_1_3' title="bbox 387 593 1888 657">
    <p class='ocr_par' dir='ltr' id='par_1_3' title="bbox 387 593 1888 657">
     <span class='ocr_line' id='line_1_6' title="bbox 387 593 1888 657; baseline 0.001 -18"><span class='ocrx_word' id='word_1_41' title='bbox 387 595 627 654; x_wconf 85' lang='lat' dir='ltr'>apparebis.</span> <span class='ocrx_word' id='word_1_42' title='bbox 655 597 781 640; x_wconf 85' lang='lat' dir='ltr'>Certe</span> <span class='ocrx_word' id='word_1_43' title='bbox 821 596 937 639; x_wconf 89' lang='lat' dir='ltr'>enim</span> <span class='ocrx_word' id='word_1_44' title='bbox 973 597 1150 657; x_wconf 86' lang='lat' dir='ltr'>quando</span> <span class='ocrx_word' id='word_1_45' title='bbox 1173 598 1359 642; x_wconf 89' lang='lat' dir='ltr'>catenati</span> <span class='ocrx_word' id='word_1_46' title='bbox 1399 601 1608 655; x_wconf 78' lang='lat' dir='ltr'>Martyres</span> <span class='ocrx_word' id='word_1_47' title='bbox 1637 596 1774 641; x_wconf 88' lang='lat' dir='ltr'>duce-</span> <span class='ocrx_word' id='word_1_48' title='bbox 1840 593 1843 602; x_wconf 56' lang='lat'>²</span> <span class='ocrx_word' id='word_1_49' title='bbox 1884 608 1888 612; x_wconf 86' lang='grc'><strong><em>·</em></strong></span> 
     </span>
    </p>
   </div>
   <div class='ocr_carea' id='block_1_4' title="bbox 387 666 1776 728">
    <p class='ocr_par' dir='ltr' id='par_1_4' title="bbox 387 666 1776 728">
     <span class='ocr_line' id='line_1_7' title="bbox 387 666 1776 728; baseline 0.001 -18"><span class='ocrx_word' id='word_1_50' title='bbox 387 667 576 721; x_wconf 82' lang='lat' dir='ltr'>bantur,</span> <span class='ocrx_word' id='word_1_51' title='bbox 594 666 771 726; x_wconf 85' lang='lat' dir='ltr'>quando</span> <span class='ocrx_word' id='word_1_52' title='bbox 793 667 1131 712; x_wconf 86' lang='lat' dir='ltr'>includebantur</span> <span class='ocrx_word' id='word_1_53' title='bbox 1153 669 1199 712; x_wconf 89' lang='lat' dir='ltr'>in</span> <span class='ocrx_word' id='word_1_54' title='bbox 1233 684 1404 713; x_wconf 87' lang='lat' dir='ltr'>carcere</span> <span class='ocrx_word' id='word_1_55' title='bbox 1423 704 1433 724; x_wconf 92' lang='lat'>,</span> <span class='ocrx_word' id='word_1_56' title='bbox 1458 669 1636 728; x_wconf 85' lang='lat' dir='ltr'>quando</span> <span class='ocrx_word' id='word_1_57' title='bbox 1658 666 1776 711; x_wconf 90' lang='lat' dir='ltr'>ludi-</span> 
     </span>
    </p>
   </div>
   <div class='ocr_carea' id='block_1_5' title="bbox 389 721 1844 800">
    <p class='ocr_par' dir='ltr' id='par_1_5' title="bbox 389 721 1844 800">
     <span class='ocr_line' id='line_1_8' title="bbox 389 721 1844 800; baseline 0.002 -20"><span class='ocrx_word' id='word_1_58' title='bbox 389 737 484 782; x_wconf 90' lang='lat' dir='ltr'>brio</span> <span class='ocrx_word' id='word_1_59' title='bbox 497 738 687 782; x_wconf 88' lang='lat' dir='ltr'>habendi</span> <span class='ocrx_word' id='word_1_60' title='bbox 701 737 1072 798; x_wconf 77' lang='lat' dir='ltr'>producebantur,</span> <span class='ocrx_word' id='word_1_61' title='bbox 1085 740 1261 800; x_wconf 89' lang='lat' dir='ltr'>quando</span> <span class='ocrx_word' id='word_1_62' title='bbox 1271 741 1416 785; x_wconf 86' lang='lat' dir='ltr'>bestiis</span> <span class='ocrx_word' id='word_1_63' title='bbox 1424 740 1774 798; x_wconf 82' lang='lat' dir='ltr'>subrigebantur,</span> <span class='ocrx_word' id='word_1_64' title='bbox 1840 721 1844 744; x_wconf 43' lang='grc' dir='ltr'><strong><em>Σ</em></strong></span> 
     </span>
    </p>
   </div>
   <div class='ocr_carea' id='block_1_6' title="bbox 389 808 1775 871">
    <p class='ocr_par' dir='ltr' id='par_1_6' title="bbox 389 808 1775 871">
     <span class='ocr_line' id='line_1_9' title="bbox 389 808 1775 871; baseline 0.001 -20"><span class='ocrx_word' id='word_1_65' title='bbox 389 808 567 869; x_wconf 84' lang='lat' dir='ltr'>quando</span> <span class='ocrx_word' id='word_1_66' title='bbox 591 809 948 868; x_wconf 82' lang='lat' dir='ltr'>percutiebantur</span> <span class='ocrx_word' id='word_1_67' title='bbox 970 810 1086 855; x_wconf 85' lang='lat' dir='ltr'>ferro</span> <span class='ocrx_word' id='word_1_68' title='bbox 1101 845 1112 866; x_wconf 94' lang='lat'>,</span> <span class='ocrx_word' id='word_1_69' title='bbox 1132 811 1310 871; x_wconf 80' lang='lat' dir='ltr'>quando</span> <span class='ocrx_word' id='word_1_70' title='bbox 1328 811 1428 869; x_wconf 83' lang='lat' dir='ltr'>igne</span> <span class='ocrx_word' id='word_1_71' title='bbox 1450 810 1775 865; x_wconf 84' lang='lat' dir='ltr'>cremabantur,</span> 
     </span>
    </p>
   </div>
   <div class='ocr_carea' id='block_1_7' title="bbox 389 880 1845 1013">
    <p class='ocr_par' dir='ltr' id='par_1_7' title="bbox 389 880 1846 1017">
     <span class='ocr_line' id='line_1_10' title="bbox 389 880 1845 942; baseline 0 -19"><span class='ocrx_word' id='word_1_72' title='bbox 389 893 536 923; x_wconf 89' lang='lat' dir='ltr'>nonne</span> <span class='ocrx_word' id='word_1_73' title='bbox 570 880 966 924; x_wconf 73' lang='lat' dir='ltr'>contemnebantur</span> <span class='ocrx_word' id='word_1_74' title='bbox 991 889 1200 941; x_wconf 86' lang='lat' dir='ltr'>tanquam</span> <span class='ocrx_word' id='word_1_75' title='bbox 1233 881 1416 937; x_wconf 86' lang='lat' dir='ltr'>deserti,</span> <span class='ocrx_word' id='word_1_76' title='bbox 1448 890 1659 942; x_wconf 86' lang='lat' dir='ltr'>tanquam</span> <span class='ocrx_word' id='word_1_77' title='bbox 1688 880 1779 924; x_wconf 87' lang='lat' dir='ltr'>sine</span> <span class='ocrx_word' id='word_1_78' title='bbox 1843 886 1845 899; x_wconf 78' lang='lat'>¹</span> 
     </span>
     <span class='ocr_line' id='line_1_11' title="bbox 391 948 1779 1013; baseline 0.001 -20"><span class='ocrx_word' id='word_1_79' title='bbox 391 948 617 1010; x_wconf 78' lang='lat' dir='ltr'>adjutore?</span> <span class='ocrx_word' id='word_1_80' title='bbox 638 951 867 1003; x_wconf 83' lang='lat' dir='ltr'>Quomodo</span> <span class='ocrx_word' id='word_1_81' title='bbox 884 954 998 996; x_wconf 83' lang='lat' dir='ltr'>Deus</span> <span class='ocrx_word' id='word_1_82' title='bbox 1019 952 1280 1012; x_wconf 84' lang='lat' dir='ltr'>operabatur</span> <span class='ocrx_word' id='word_1_83' title='bbox 1303 953 1446 997; x_wconf 80' lang='lat' dir='ltr'>intus?</span> <span class='ocrx_word' id='word_1_84' title='bbox 1464 950 1687 1013; x_wconf 87' lang='lat' dir='ltr'>quomodo</span> <span class='ocrx_word' id='word_1_85' title='bbox 1707 951 1779 995; x_wconf 93' lang='lat' dir='ltr'>in-</span> 
     </span>
    </p>
   </div>
   <div class='ocr_carea' id='block_1_8' title="bbox 391 1021 1780 1083">
    <p class='ocr_par' dir='ltr' id='par_1_8' title="bbox 391 1021 1780 1083">
     <span class='ocr_line' id='line_1_12' title="bbox 391 1021 1780 1083; baseline 0.001 -18"><span class='ocrx_word' id='word_1_86' title='bbox 391 1029 459 1065; x_wconf 88' lang='lat' dir='ltr'>tus</span> <span class='ocrx_word' id='word_1_87' title='bbox 482 1021 813 1066; x_wconf 69' lang='lat' dir='ltr'>consolabatur?</span> <span class='ocrx_word' id='word_1_88' title='bbox 830 1023 1053 1083; x_wconf 86' lang='lat' dir='ltr'>quomodo</span> <span class='ocrx_word' id='word_1_89' title='bbox 1071 1024 1128 1068; x_wconf 85' lang='lat' dir='ltr'>cis</span> <span class='ocrx_word' id='word_1_90' title='bbox 1145 1023 1321 1068; x_wconf 91' lang='lat' dir='ltr'>dulcem</span> <span class='ocrx_word' id='word_1_91' title='bbox 1337 1023 1522 1069; x_wconf 85' lang='lat' dir='ltr'>faciebat</span> <span class='ocrx_word' id='word_1_92' title='bbox 1541 1039 1661 1083; x_wconf 89' lang='lat' dir='ltr'>spem</span> <span class='ocrx_word' id='word_1_93' title='bbox 1677 1023 1780 1068; x_wconf 83' lang='lat' dir='ltr'>vitae</span> 
     </span>
    </p>
   </div>
   <div class='ocr_carea' id='block_1_9' title="bbox 391 1093 1847 1222">
    <p class='ocr_par' dir='ltr' id='par_1_9' title="bbox 391 1093 1847 1222">
     <span class='ocr_line' id='line_1_13' title="bbox 391 1093 1847 1157; baseline 0.002 -22"><span class='ocrx_word' id='word_1_94' title='bbox 391 1095 591 1136; x_wconf 62' lang='lat' dir='ltr'>aeternae?</span> <span class='ocrx_word' id='word_1_95' title='bbox 614 1093 836 1153; x_wconf 86' lang='lat' dir='ltr'>quomodo</span> <span class='ocrx_word' id='word_1_96' title='bbox 858 1109 948 1139; x_wconf 91' lang='lat' dir='ltr'>non</span> <span class='ocrx_word' id='word_1_97' title='bbox 964 1095 1190 1140; x_wconf 86' lang='lat' dir='ltr'>deserebat</span> <span class='ocrx_word' id='word_1_98' title='bbox 1211 1096 1342 1140; x_wconf 88' lang='lat' dir='ltr'>corda</span> <span class='ocrx_word' id='word_1_99' title='bbox 1364 1111 1532 1151; x_wconf 89' lang='lat' dir='ltr'>eorum,</span> <span class='ocrx_word' id='word_1_100' title='bbox 1548 1095 1627 1139; x_wconf 85' lang='grc'>11111</span> <span class='ocrx_word' id='word_1_101' title='bbox 1647 1095 1782 1139; x_wconf 87' lang='grc'>1101110</span> <span class='ocrx_word' id='word_1_102' title='bbox 1844 1130 1847 1157; x_wconf 51' lang='lat'><em>4</em></span> 
     </span>
     <span class='ocr_line' id='line_1_14' title="bbox 391 1162 1847 1222; baseline 0.001 -16"><span class='ocrx_word' id='word_1_103' title='bbox 391 1162 617 1207; x_wconf 87' lang='lat' dir='ltr'>habitabat</span> <span class='ocrx_word' id='word_1_104' title='bbox 628 1164 674 1207; x_wconf 92' lang='lat' dir='ltr'>in</span> <span class='ocrx_word' id='word_1_105' title='bbox 695 1164 881 1222; x_wconf 83' lang='lat' dir='ltr'>silentio,</span> <span class='ocrx_word' id='word_1_106' title='bbox 899 1165 1012 1209; x_wconf 87' lang='lat' dir='ltr'>bene</span> <span class='ocrx_word' id='word_1_107' title='bbox 1034 1165 1067 1210; x_wconf 86' lang='lat' dir='ltr'>si</span> <span class='ocrx_word' id='word_1_108' title='bbox 1087 1165 1231 1210; x_wconf 90' lang='lat' dir='ltr'>bonus</span> <span class='ocrx_word' id='word_1_109' title='bbox 1244 1201 1254 1221; x_wconf 96' lang='lat'>,</span> <span class='ocrx_word' id='word_1_110' title='bbox 1273 1165 1387 1210; x_wconf 85' lang='lat' dir='ltr'>male</span> <span class='ocrx_word' id='word_1_111' title='bbox 1399 1166 1434 1209; x_wconf 89' lang='lat' dir='ltr'>si</span> <span class='ocrx_word' id='word_1_112' title='bbox 1453 1164 1621 1209; x_wconf 80' lang='lat' dir='ltr'>malus?</span> <span class='ocrx_word' id='word_1_113' title='bbox 1643 1167 1783 1210; x_wconf 84' lang='lat' dir='ltr'>Num-</span> <span class='ocrx_word' id='word_1_114' title='bbox 1844 1162 1847 1175; x_wconf 82' lang='lat'>¹</span> 
     </span>
    </p>
   </div>
   <div class='ocr_carea' id='block_1_10' title="bbox 391 1233 1788 2069">
    <p class='ocr_par' dir='ltr' id='par_1_10' title="bbox 391 1233 1786 1701">
     <span class='ocr_line' id='line_1_15' title="bbox 391 1233 1783 1293; baseline 0.003 -18"><span class='ocrx_word' id='word_1_115' title='bbox 391 1233 498 1292; x_wconf 81' lang='lat' dir='ltr'>quid</span> <span class='ocrx_word' id='word_1_116' title='bbox 515 1248 617 1291; x_wconf 82' lang='lat' dir='ltr'>ergo</span> <span class='ocrx_word' id='word_1_117' title='bbox 631 1234 731 1293; x_wconf 85' lang='lat' dir='ltr'>quia</span> <span class='ocrx_word' id='word_1_118' title='bbox 744 1249 834 1278; x_wconf 89' lang='lat' dir='ltr'>non</span> <span class='ocrx_word' id='word_1_119' title='bbox 857 1234 1162 1293; x_wconf 81' lang='lat' dir='ltr'>egrediebatur</span> <span class='ocrx_word' id='word_1_120' title='bbox 1183 1236 1229 1280; x_wconf 91' lang='lat' dir='ltr'>in</span> <span class='ocrx_word' id='word_1_121' title='bbox 1250 1236 1487 1280; x_wconf 85' lang='lat' dir='ltr'>virtutibus</span> <span class='ocrx_word' id='word_1_122' title='bbox 1501 1250 1670 1290; x_wconf 86' lang='lat' dir='ltr'>eorum,</span> <span class='ocrx_word' id='word_1_123' title='bbox 1684 1234 1783 1279; x_wconf 85' lang='lat' dir='ltr'>ideo</span> 
     </span>
     <span class='ocr_line' id='line_1_16' title="bbox 391 1302 1783 1365; baseline 0.003 -19"><span class='ocrx_word' id='word_1_124' title='bbox 391 1302 641 1347; x_wconf 75' lang='lat' dir='ltr'>deserebat?</span> <span class='ocrx_word' id='word_1_125' title='bbox 662 1306 817 1349; x_wconf 87' lang='lat' dir='ltr'>Nonne</span> <span class='ocrx_word' id='word_1_126' title='bbox 835 1306 970 1363; x_wconf 83' lang='lat' dir='ltr'>magis</span> <span class='ocrx_word' id='word_1_127' title='bbox 988 1320 1079 1350; x_wconf 89' lang='lat' dir='ltr'>non</span> <span class='ocrx_word' id='word_1_128' title='bbox 1100 1306 1366 1365; x_wconf 84' lang='lat' dir='ltr'>egrediendo</span> <span class='ocrx_word' id='word_1_129' title='bbox 1384 1307 1431 1350; x_wconf 93' lang='lat' dir='ltr'>in</span> <span class='ocrx_word' id='word_1_130' title='bbox 1447 1306 1685 1350; x_wconf 87' lang='lat' dir='ltr'>virtutibus</span> <span class='ocrx_word' id='word_1_131' title='bbox 1705 1320 1783 1350; x_wconf 87' lang='lat' dir='ltr'>eo—</span> 
     </span>
     <span class='ocr_line' id='line_1_17' title="bbox 394 1372 1784 1436; baseline 0.003 -20"><span class='ocrx_word' id='word_1_132' title='bbox 394 1388 512 1428; x_wconf 85' lang='lat' dir='ltr'>rum,</span> <span class='ocrx_word' id='word_1_133' title='bbox 533 1372 713 1418; x_wconf 77' lang='lat' dir='ltr'>deduxit</span> <span class='ocrx_word' id='word_1_134' title='bbox 729 1374 966 1418; x_wconf 87' lang='lat' dir='ltr'>Ecclesiam</span> <span class='ocrx_word' id='word_1_135' title='bbox 986 1391 1125 1436; x_wconf 90' lang='lat' dir='ltr'>usque</span> <span class='ocrx_word' id='word_1_136' title='bbox 1137 1375 1192 1419; x_wconf 91' lang='lat' dir='ltr'>ad</span> <span class='ocrx_word' id='word_1_137' title='bbox 1210 1375 1451 1420; x_wconf 78' lang='lat' dir='ltr'>Idumaeam</span> <span class='ocrx_word' id='word_1_138' title='bbox 1464 1411 1475 1430; x_wconf 97' lang='lat'>,</span> <span class='ocrx_word' id='word_1_139' title='bbox 1499 1375 1680 1420; x_wconf 81' lang='lat' dir='ltr'>deduxit</span> <span class='ocrx_word' id='word_1_140' title='bbox 1695 1378 1784 1420; x_wconf 91' lang='lat' dir='ltr'>Ec-</span> 
     </span>
     <span class='ocr_line' id='line_1_18' title="bbox 394 1442 1785 1505; baseline 0.001 -17"><span class='ocrx_word' id='word_1_141' title='bbox 394 1442 566 1488; x_wconf 87' lang='lat' dir='ltr'>clesiam</span> <span class='ocrx_word' id='word_1_142' title='bbox 589 1460 727 1505; x_wconf 83' lang='lat' dir='ltr'>usque</span> <span class='ocrx_word' id='word_1_143' title='bbox 745 1445 790 1488; x_wconf 88' lang='lat' dir='ltr'>in</span> <span class='ocrx_word' id='word_1_144' title='bbox 812 1444 1031 1490; x_wconf 87' lang='lat' dir='ltr'>civitatem</span> <span class='ocrx_word' id='word_1_145' title='bbox 1049 1446 1415 1491; x_wconf 78' lang='lat' dir='ltr'>circumstantiae?</span> <span class='ocrx_word' id='word_1_146' title='bbox 1431 1447 1473 1491; x_wconf 88' lang='lat' dir='ltr'>Si</span> <span class='ocrx_word' id='word_1_147' title='bbox 1494 1447 1610 1490; x_wconf 89' lang='grc'>0111111</span> <span class='ocrx_word' id='word_1_148' title='bbox 1623 1444 1785 1490; x_wconf 86' lang='lat' dir='ltr'>bellare</span> 
     </span>
     <span class='ocr_line' id='line_1_19' title="bbox 394 1514 1786 1576; baseline 0.001 -18"><span class='ocrx_word' id='word_1_149' title='bbox 394 1514 749 1573; x_wconf 56' lang='lat' dir='ltr'>vellet‘gEcclesia</span> <span class='ocrx_word' id='word_1_150' title='bbox 782 1525 826 1559; x_wconf 88' lang='lat' dir='ltr'>ct</span> <span class='ocrx_word' id='word_1_151' title='bbox 848 1515 991 1575; x_wconf 82' lang='lat' dir='ltr'>gladio</span> <span class='ocrx_word' id='word_1_152' title='bbox 1013 1516 1104 1571; x_wconf 90' lang='lat' dir='ltr'>uti,</span> <span class='ocrx_word' id='word_1_153' title='bbox 1140 1515 1362 1561; x_wconf 87' lang='lat' dir='ltr'>videretur</span> <span class='ocrx_word' id='word_1_154' title='bbox 1378 1531 1458 1575; x_wconf 92' lang='lat' dir='ltr'>pro</span> <span class='ocrx_word' id='word_1_155' title='bbox 1479 1516 1568 1560; x_wconf 90' lang='lat' dir='ltr'>vita</span> <span class='ocrx_word' id='word_1_156' title='bbox 1583 1516 1786 1576; x_wconf 66' lang='lat' dir='ltr'>praesenti</span> 
     </span>
     <span class='ocr_line' id='line_1_20' title="bbox 394 1585 1785 1646; baseline 0.002 -18"><span class='ocrx_word' id='word_1_157' title='bbox 394 1600 589 1644; x_wconf 80' lang='lat' dir='ltr'>pugnare</span> <span class='ocrx_word' id='word_1_158' title='bbox 615 1605 624 1630; x_wconf 90' lang='lat'>:</span> <span class='ocrx_word' id='word_1_159' title='bbox 649 1585 751 1645; x_wconf 85' lang='lat' dir='ltr'>quia</span> <span class='ocrx_word' id='word_1_160' title='bbox 771 1600 874 1630; x_wconf 88' lang='lat' dir='ltr'>vero</span> <span class='ocrx_word' id='word_1_161' title='bbox 893 1586 1204 1631; x_wconf 83' lang='lat' dir='ltr'>contemnebat</span> <span class='ocrx_word' id='word_1_162' title='bbox 1224 1587 1357 1631; x_wconf 86' lang='lat' dir='ltr'>vitam</span> <span class='ocrx_word' id='word_1_163' title='bbox 1374 1595 1633 1646; x_wconf 83' lang='lat' dir='ltr'>praesentem</span> <span class='ocrx_word' id='word_1_164' title='bbox 1646 1622 1662 1643; x_wconf 83' lang='grc'>,</span> <span class='ocrx_word' id='word_1_165' title='bbox 1685 1585 1785 1631; x_wconf 84' lang='grc'>1(100</span> 
     </span>
     <span class='ocr_line' id='line_1_21' title="bbox 397 1654 1447 1701; baseline 0.002 -2"><span class='ocrx_word' id='word_1_166' title='bbox 397 1654 535 1699; x_wconf 75' lang='lat' dir='ltr'>lactus</span> <span class='ocrx_word' id='word_1_167' title='bbox 558 1664 622 1699; x_wconf 87' lang='lat' dir='ltr'>est</span> <span class='ocrx_word' id='word_1_168' title='bbox 643 1671 821 1700; x_wconf 83' lang='lat' dir='ltr'>acervus</span> <span class='ocrx_word' id='word_1_169' title='bbox 843 1656 1080 1700; x_wconf 86' lang='lat' dir='ltr'>testimonii</span> <span class='ocrx_word' id='word_1_170' title='bbox 1101 1655 1156 1700; x_wconf 91' lang='lat' dir='ltr'>de</span> <span class='ocrx_word' id='word_1_171' title='bbox 1173 1656 1262 1701; x_wconf 87' lang='lat' dir='ltr'>vita</span> <span class='ocrx_word' id='word_1_172' title='bbox 1282 1657 1447 1701; x_wconf 85' lang='lat' dir='ltr'>futura.</span> 
     </span>
    </p>

    <p class='ocr_par' dir='ltr' id='par_1_11' title="bbox 397 1727 1788 2069">
     <span class='ocr_line' id='line_1_22' title="bbox 454 1727 1787 1788; baseline 0.002 -18"><span class='ocrx_word' id='word_1_173' title='bbox 454 1728 575 1770; x_wconf 82' lang='lat' dir='ltr'><strong>XIV.</strong></span> <span class='ocrx_word' id='word_1_174' title='bbox 600 1746 620 1769; x_wconf 88' lang='lat'>«</span> <span class='ocrx_word' id='word_1_175' title='bbox 648 1730 713 1771; x_wconf 84' lang='lat' dir='ltr'>Tu</span> <span class='ocrx_word' id='word_1_176' title='bbox 734 1742 853 1785; x_wconf 86' lang='lat' dir='ltr'>ergo,</span> <span class='ocrx_word' id='word_1_177' title='bbox 874 1729 1004 1782; x_wconf 84' lang='lat' dir='ltr'>Deus,</span> <span class='ocrx_word' id='word_1_178' title='bbox 1031 1727 1215 1788; x_wconf 87' lang='lat' dir='ltr'>quinon</span> <span class='ocrx_word' id='word_1_179' title='bbox 1237 1728 1468 1786; x_wconf 82' lang='lat' dir='ltr'>egredieris</span> <span class='ocrx_word' id='word_1_180' title='bbox 1490 1727 1787 1772; x_wconf 84' lang='lat' dir='ltr'>invirtutibus</span> 
     </span>
     <span class='ocr_line' id='line_1_23' title="bbox 400 1797 1787 1854; baseline 0.004 -17"><span class='ocrx_word' id='word_1_181' title='bbox 400 1814 421 1838; x_wconf 92' lang='grc'>))</span> <span class='ocrx_word' id='word_1_182' title='bbox 447 1797 603 1842; x_wconf 86' lang='lat' dir='ltr'>nostris</span> <span class='ocrx_word' id='word_1_183' title='bbox 620 1832 631 1852; x_wconf 91' lang='lat'>‚</span> <span class='ocrx_word' id='word_1_184' title='bbox 654 1800 716 1841; x_wconf 89' lang='lat' dir='ltr'>Da</span> <span class='ocrx_word' id='word_1_185' title='bbox 738 1798 864 1842; x_wconf 88' lang='lat' dir='ltr'>nobis</span> <span class='ocrx_word' id='word_1_186' title='bbox 884 1797 1092 1842; x_wconf 78' lang='lat' dir='ltr'>auxilium</span> <span class='ocrx_word' id='word_1_187' title='bbox 1113 1797 1168 1842; x_wconf 86' lang='lat' dir='ltr'>de</span> <span class='ocrx_word' id='word_1_188' title='bbox 1190 1797 1495 1854; x_wconf 83' lang='lat' dir='ltr'>tribulatione,</span> <span class='ocrx_word' id='word_1_189' title='bbox 1520 1807 1564 1842; x_wconf 86' lang='lat' dir='ltr'>et</span> <span class='ocrx_word' id='word_1_190' title='bbox 1584 1814 1695 1843; x_wconf 84' lang='lat' dir='ltr'>vana</span> <span class='ocrx_word' id='word_1_191' title='bbox 1716 1813 1787 1843; x_wconf 86' lang='lat' dir='ltr'>sa-</span> 
     </span>
     <span class='ocr_line' id='line_1_24' title="bbox 399 1868 1788 1929; baseline 0.004 -20"><span class='ocrx_word' id='word_1_192' title='bbox 399 1886 420 1909; x_wconf 87' lang='lat'>»</span> <span class='ocrx_word' id='word_1_193' title='bbox 456 1868 523 1912; x_wconf 87' lang='lat' dir='ltr'>lus</span> <span class='ocrx_word' id='word_1_194' title='bbox 555 1869 786 1913; x_wconf 74' lang='lat' dir='ltr'>hominis2.</span> <span class='ocrx_word' id='word_1_195' title='bbox 820 1886 842 1910; x_wconf 90' lang='grc'>))</span> <span class='ocrx_word' id='word_1_196' title='bbox 873 1871 990 1913; x_wconf 88' lang='lat' dir='ltr'>Eant</span> <span class='ocrx_word' id='word_1_197' title='bbox 1011 1885 1128 1913; x_wconf 86' lang='lat' dir='ltr'>nunc</span> <span class='ocrx_word' id='word_1_198' title='bbox 1154 1870 1230 1929; x_wconf 86' lang='lat' dir='ltr'>qui</span> <span class='ocrx_word' id='word_1_199' title='bbox 1251 1868 1385 1914; x_wconf 89' lang='lat' dir='ltr'>salem</span> <span class='ocrx_word' id='word_1_200' title='bbox 1407 1885 1498 1914; x_wconf 88' lang='lat' dir='ltr'>non</span> <span class='ocrx_word' id='word_1_201' title='bbox 1529 1869 1718 1920; x_wconf 78' lang='lat' dir='ltr'>habent,</span> <span class='ocrx_word' id='word_1_202' title='bbox 1743 1878 1788 1915; x_wconf 89' lang='lat' dir='ltr'>et</span> 
     </span>
     <span class='ocr_line' id='line_1_25' title="bbox 397 1937 1783 2000; baseline 0 -16"><span class='ocrx_word' id='word_1_203' title='bbox 397 1947 551 1999; x_wconf 85' lang='lat' dir='ltr'>optent</span> <span class='ocrx_word' id='word_1_204' title='bbox 577 1937 762 1983; x_wconf 85' lang='lat' dir='ltr'>salutem</span> <span class='ocrx_word' id='word_1_205' title='bbox 783 1938 1067 1998; x_wconf 86' lang='lat' dir='ltr'>temporalem</span> <span class='ocrx_word' id='word_1_206' title='bbox 1095 1940 1182 1984; x_wconf 91' lang='lat' dir='ltr'>suis</span> <span class='ocrx_word' id='word_1_207' title='bbox 1197 1974 1208 1994; x_wconf 92' lang='lat'>,</span> <span class='ocrx_word' id='word_1_208' title='bbox 1229 1956 1329 2000; x_wconf 80' lang='lat' dir='ltr'>quae</span> <span class='ocrx_word' id='word_1_209' title='bbox 1355 1948 1418 1984; x_wconf 88' lang='lat' dir='ltr'>est</span> <span class='ocrx_word' id='word_1_210' title='bbox 1438 1956 1549 1985; x_wconf 84' lang='lat' dir='ltr'>vana</span> <span class='ocrx_word' id='word_1_211' title='bbox 1576 1949 1783 1985; x_wconf 87' lang='lat' dir='ltr'>vetustas.</span> 
     </span>
     <span class='ocr_line' id='line_1_26' title="bbox 403 2008 1784 2069; baseline 0.004 -19"><span class='ocrx_word' id='word_1_212' title='bbox 403 2028 424 2050; x_wconf 93' lang='lat'>«</span> <span class='ocrx_word' id='word_1_213' title='bbox 458 2012 521 2054; x_wconf 86' lang='lat' dir='ltr'>Da</span> <span class='ocrx_word' id='word_1_214' title='bbox 543 2008 667 2053; x_wconf 86' lang='lat' dir='ltr'>nobis</span> <span class='ocrx_word' id='word_1_215' title='bbox 690 2008 897 2053; x_wconf 76' lang='lat' dir='ltr'>auxilium</span> <span class='ocrx_word' id='word_1_216' title='bbox 919 2028 928 2053; x_wconf 77' lang='lat' dir='ltr'>z</span> <span class='ocrx_word' id='word_1_217' title='bbox 952 2027 972 2050; x_wconf 90' lang='grc'>))</span> <span class='ocrx_word' id='word_1_218' title='bbox 999 2008 1101 2053; x_wconf 82' lang='grc' dir='ltr'>111(Ιο</span> <span class='ocrx_word' id='word_1_219' title='bbox 1119 2009 1173 2053; x_wconf 89' lang='lat' dir='ltr'>da</span> <span class='ocrx_word' id='word_1_220' title='bbox 1191 2009 1308 2053; x_wconf 88' lang='lat' dir='ltr'>unde</span> <span class='ocrx_word' id='word_1_221' title='bbox 1329 2010 1551 2069; x_wconf 86' lang='lat' dir='ltr'>putaberis</span> <span class='ocrx_word' id='word_1_222' title='bbox 1572 2009 1784 2066; x_wconf 87' lang='lat' dir='ltr'>deserere,</span> 
     </span>
    </p>
   </div>
   <div class='ocr_carea' id='block_1_11' title="bbox 400 2075 1853 2137">
    <p class='ocr_par' dir='ltr' id='par_1_12' title="bbox 400 2075 1853 2137">
     <span class='ocr_line' id='line_1_27' title="bbox 400 2075 1853 2137; baseline 0.003 -15"><span class='ocrx_word' id='word_1_223' title='bbox 400 2079 503 2123; x_wconf 87' lang='lat' dir='ltr'>inde</span> <span class='ocrx_word' id='word_1_224' title='bbox 525 2079 721 2124; x_wconf 86' lang='lat' dir='ltr'>subveni.</span> <span class='ocrx_word' id='word_1_225' title='bbox 769 2099 789 2122; x_wconf 90' lang='lat'>«</span> <span class='ocrx_word' id='word_1_226' title='bbox 820 2083 882 2124; x_wconf 88' lang='lat' dir='ltr'>Da</span> <span class='ocrx_word' id='word_1_227' title='bbox 913 2079 1038 2124; x_wconf 88' lang='lat' dir='ltr'>nobis</span> <span class='ocrx_word' id='word_1_228' title='bbox 1068 2079 1277 2124; x_wconf 83' lang='lat' dir='ltr'>auxilium</span> <span class='ocrx_word' id='word_1_229' title='bbox 1308 2079 1363 2125; x_wconf 88' lang='lat' dir='ltr'>de</span> <span class='ocrx_word' id='word_1_230' title='bbox 1395 2080 1705 2137; x_wconf 85' lang='lat' dir='ltr'>tribulatione,</span> <span class='ocrx_word' id='word_1_231' title='bbox 1746 2090 1789 2125; x_wconf 88' lang='lat' dir='ltr'>et</span> <span class='ocrx_word' id='word_1_232' title='bbox 1852 2075 1853 2078; x_wconf 26' lang='lat'>¹</span> 
     </span>
    </p>
   </div>
   <div class='ocr_carea' id='block_1_12' title="bbox 405 2150 1794 2567">
    <p class='ocr_par' dir='ltr' id='par_1_13' title="bbox 406 2150 962 2195">
     <span class='ocr_line' id='line_1_28' title="bbox 406 2150 962 2195; baseline 0.002 -4"><span class='ocrx_word' id='word_1_233' title='bbox 406 2167 427 2190; x_wconf 86' lang='lat'>»</span> <span class='ocrx_word' id='word_1_234' title='bbox 461 2165 572 2194; x_wconf 85' lang='lat' dir='ltr'>vana</span> <span class='ocrx_word' id='word_1_235' title='bbox 594 2150 707 2195; x_wconf 86' lang='lat' dir='ltr'>salus</span> <span class='ocrx_word' id='word_1_236' title='bbox 728 2150 913 2195; x_wconf 86' lang='lat' dir='ltr'>homini.</span> <span class='ocrx_word' id='word_1_237' title='bbox 942 2168 962 2192; x_wconf 88' lang='lat'>»</span> 
     </span>
    </p>

    <p class='ocr_par' dir='ltr' id='par_1_14' title="bbox 405 2221 1794 2567">
     <span class='ocr_line' id='line_1_29' title="bbox 460 2221 1790 2282; baseline 0.004 -19"><span class='ocrx_word' id='word_1_238' title='bbox 460 2221 557 2264; x_wconf 86' lang='lat' dir='ltr'>XV.</span> <span class='ocrx_word' id='word_1_239' title='bbox 598 2240 617 2262; x_wconf 89' lang='lat'>«</span> <span class='ocrx_word' id='word_1_240' title='bbox 645 2223 696 2265; x_wconf 90' lang='lat' dir='ltr'>In</span> <span class='ocrx_word' id='word_1_241' title='bbox 724 2224 815 2265; x_wconf 43' lang='lat' dir='ltr'>*Deo</span> <span class='ocrx_word' id='word_1_242' title='bbox 836 2221 1046 2266; x_wconf 84' lang='lat' dir='ltr'>faciemus</span> <span class='ocrx_word' id='word_1_243' title='bbox 1069 2221 1302 2278; x_wconf 87' lang='lat' dir='ltr'>virtutem,</span> <span class='ocrx_word' id='word_1_244' title='bbox 1333 2230 1376 2266; x_wconf 86' lang='lat' dir='ltr'>et</span> <span class='ocrx_word' id='word_1_245' title='bbox 1396 2222 1486 2282; x_wconf 84' lang='lat' dir='ltr'>ipse</span> <span class='ocrx_word' id='word_1_246' title='bbox 1510 2221 1565 2267; x_wconf 91' lang='lat' dir='ltr'>ad</span> <span class='ocrx_word' id='word_1_247' title='bbox 1601 2221 1790 2268; x_wconf 89' lang='lat' dir='ltr'>nihilum</span> 
     </span>
     <span class='ocr_line' id='line_1_30' title="bbox 406 2289 1792 2338; baseline 0.004 -6"><span class='ocrx_word' id='word_1_248' title='bbox 406 2308 427 2331; x_wconf 91' lang='grc'>))</span> <span class='ocrx_word' id='word_1_249' title='bbox 462 2289 649 2335; x_wconf 86' lang='lat' dir='ltr'>deducet</span> <span class='ocrx_word' id='word_1_250' title='bbox 676 2292 872 2336; x_wconf 88' lang='lat' dir='ltr'>inimicos</span> <span class='ocrx_word' id='word_1_251' title='bbox 914 2302 1083 2337; x_wconf 85' lang='lat' dir='ltr'>nostros</span> <span class='ocrx_word' id='word_1_252' title='bbox 1098 2294 1130 2336; x_wconf 80' lang='lat'>².</span> <span class='ocrx_word' id='word_1_253' title='bbox 1158 2311 1178 2335; x_wconf 86' lang='lat'>»</span> <span class='ocrx_word' id='word_1_254' title='bbox 1206 2295 1304 2338; x_wconf 87' lang='lat' dir='ltr'>Non</span> <span class='ocrx_word' id='word_1_255' title='bbox 1336 2290 1545 2337; x_wconf 85' lang='lat' dir='ltr'>faciemus</span> <span class='ocrx_word' id='word_1_256' title='bbox 1586 2293 1792 2338; x_wconf 87' lang='lat' dir='ltr'>virtutem</span> 
     </span>
     <span class='ocr_line' id='line_1_31' title="bbox 405 2360 1794 2423; baseline 0.003 -19"><span class='ocrx_word' id='word_1_257' title='bbox 405 2361 451 2405; x_wconf 88' lang='lat' dir='ltr'>in</span> <span class='ocrx_word' id='word_1_258' title='bbox 474 2360 617 2419; x_wconf 82' lang='lat' dir='ltr'>gladio</span> <span class='ocrx_word' id='word_1_259' title='bbox 632 2396 643 2416; x_wconf 90' lang='lat'>,</span> <span class='ocrx_word' id='word_1_260' title='bbox 664 2377 753 2407; x_wconf 89' lang='lat' dir='ltr'>non</span> <span class='ocrx_word' id='word_1_261' title='bbox 774 2363 819 2407; x_wconf 89' lang='lat' dir='ltr'>in</span> <span class='ocrx_word' id='word_1_262' title='bbox 841 2364 962 2423; x_wconf 85' lang='lat' dir='ltr'>equis</span> <span class='ocrx_word' id='word_1_263' title='bbox 979 2398 990 2419; x_wconf 91' lang='lat'>,</span> <span class='ocrx_word' id='word_1_264' title='bbox 1015 2379 1105 2408; x_wconf 90' lang='lat' dir='ltr'>non</span> <span class='ocrx_word' id='word_1_265' title='bbox 1122 2364 1168 2407; x_wconf 92' lang='lat' dir='ltr'>in</span> <span class='ocrx_word' id='word_1_266' title='bbox 1188 2363 1346 2419; x_wconf 90' lang='lat' dir='ltr'>loricis,</span> <span class='ocrx_word' id='word_1_267' title='bbox 1368 2364 1515 2408; x_wconf 90' lang='lat' dir='ltr'>nonin</span> <span class='ocrx_word' id='word_1_268' title='bbox 1532 2364 1662 2408; x_wconf 87' lang='lat' dir='ltr'>scutis</span> <span class='ocrx_word' id='word_1_269' title='bbox 1675 2399 1686 2419; x_wconf 92' lang='lat'>,</span> <span class='ocrx_word' id='word_1_270' title='bbox 1703 2379 1794 2409; x_wconf 91' lang='lat' dir='ltr'>non</span> 
     </span>
     <span class='ocr_line' id='line_1_32' title="bbox 405 2433 1792 2491; baseline 0.002 -15"><span class='ocrx_word' id='word_1_271' title='bbox 405 2433 450 2476; x_wconf 90' lang='lat' dir='ltr'>in</span> <span class='ocrx_word' id='word_1_272' title='bbox 466 2441 695 2491; x_wconf 86' lang='lat' dir='ltr'>potentatu</span> <span class='ocrx_word' id='word_1_273' title='bbox 716 2434 923 2479; x_wconf 84' lang='lat' dir='ltr'>exercitus</span> <span class='ocrx_word' id='word_1_274' title='bbox 940 2470 950 2490; x_wconf 91' lang='lat'>,</span> <span class='ocrx_word' id='word_1_275' title='bbox 972 2450 1061 2479; x_wconf 86' lang='lat' dir='ltr'>non</span> <span class='ocrx_word' id='word_1_276' title='bbox 1089 2434 1206 2480; x_wconf 88' lang='lat' dir='ltr'>foris.</span> <span class='ocrx_word' id='word_1_277' title='bbox 1235 2434 1320 2480; x_wconf 90' lang='lat' dir='ltr'>Sed</span> <span class='ocrx_word' id='word_1_278' title='bbox 1341 2435 1448 2479; x_wconf 75' lang='lat' dir='ltr'>ubi?</span> <span class='ocrx_word' id='word_1_279' title='bbox 1484 2438 1607 2479; x_wconf 88' lang='lat' dir='ltr'>Intus</span> <span class='ocrx_word' id='word_1_280' title='bbox 1627 2435 1704 2479; x_wconf 87' lang='lat' dir='ltr'>ubi</span> <span class='ocrx_word' id='word_1_281' title='bbox 1725 2434 1792 2479; x_wconf 91' lang='lat' dir='ltr'>la-</span> 
     </span>
     <span class='ocr_line' id='line_1_33' title="bbox 408 2505 1791 2567; baseline 0.001 -19"><span class='ocrx_word' id='word_1_282' title='bbox 408 2514 564 2549; x_wconf 87' lang='lat' dir='ltr'>temus.</span> <span class='ocrx_word' id='word_1_283' title='bbox 591 2505 675 2550; x_wconf 89' lang='lat' dir='ltr'>Ubi</span> <span class='ocrx_word' id='word_1_284' title='bbox 688 2506 835 2550; x_wconf 75' lang='lat' dir='ltr'>intus?</span> <span class='ocrx_word' id='word_1_285' title='bbox 860 2525 880 2548; x_wconf 94' lang='lat'>«</span> <span class='ocrx_word' id='word_1_286' title='bbox 901 2510 953 2550; x_wconf 89' lang='lat' dir='ltr'>In</span> <span class='ocrx_word' id='word_1_287' title='bbox 972 2510 1059 2552; x_wconf 87' lang='lat' dir='ltr'>Deo</span> <span class='ocrx_word' id='word_1_288' title='bbox 1082 2506 1288 2553; x_wconf 86' lang='lat' dir='ltr'>faciemus</span> <span class='ocrx_word' id='word_1_289' title='bbox 1304 2507 1538 2553; x_wconf 82' lang='lat' dir='ltr'>virtutem:</span> <span class='ocrx_word' id='word_1_290' title='bbox 1561 2525 1581 2549; x_wconf 86' lang='lat'>»</span> <span class='ocrx_word' id='word_1_291' title='bbox 1603 2515 1646 2552; x_wconf 89' lang='lat' dir='ltr'>et</span> <span class='ocrx_word' id='word_1_292' title='bbox 1667 2506 1791 2567; x_wconf 85' lang='lat' dir='ltr'>quasi</span> 
     </span>
    </p>
   </div>
   <div class='ocr_carea' id='block_1_13' title="bbox 457 2588 990 2633">
    <p class='ocr_par' dir='ltr' id='par_1_15' title="bbox 457 2588 990 2633">
     <span class='ocr_line' id='line_1_34' title="bbox 457 2588 990 2633; baseline 0.004 -13"><span class='ocrx_word' id='word_1_293' title='bbox 457 2595 465 2611; x_wconf 88' lang='lat'>¹</span> <span class='ocrx_word' id='word_1_294' title='bbox 487 2588 571 2622; x_wconf 76' lang='lat' dir='ltr'>Psal.</span> <span class='ocrx_word' id='word_1_295' title='bbox 589 2599 653 2631; x_wconf 77' lang='lat' dir='ltr'>ux,</span> <span class='ocrx_word' id='word_1_296' title='bbox 683 2589 732 2622; x_wconf 83' lang='grc'>13.</span> <span class='ocrx_word' id='word_1_297' title='bbox 755 2607 795 2613; x_wconf 83' lang='lat'>—-</span> <span class='ocrx_word' id='word_1_298' title='bbox 811 2589 990 2633; x_wconf 65' lang='lat' dir='ltr'>²Ibid.14.</span> 
     </span>
    </p>
   </div>
   <div class='ocr_carea' id='block_1_14' title="bbox 1811 0 1889 2382">
    <p class='ocr_par' dir='ltr' id='par_1_16' title="bbox 1811 0 1889 2382">
     <span class='ocr_line' id='line_1_35' title="bbox 1811 0 1889 2382; baseline 0 0"><span class='ocrx_word' id='word_1_299' title='bbox 1811 0 1889 2382; x_wconf 95' lang='lat' dir='ltr'> </span> 
     </span>
    </p>
   </div>
   <div class='ocr_carea' id='block_1_15' title="bbox 1857 3231 1889 3285">
    <p class='ocr_par' dir='ltr' id='par_1_17' title="bbox 1857 3231 1889 3285">
     <span class='ocr_line' id='line_1_36' title="bbox 1857 3231 1889 3285; textangle 90"><span class='ocrx_word' id='word_1_300' title='bbox 1857 3231 1889 3285; x_wconf 60' lang='lat'>:⁶</span> 
     </span>
    </p>
   </div>
  </div>
 </body>
</html>
