1889 3285
411 207 498 248 494
859 216 894 245 s.
928 216 1160 246 Aucus-nm
1191 219 1374 247 Enscom

409 283 559 329 exilior
587 280 813 326 redditus?
839 282 885 326 in
908 281 1130 327 defectum
1162 282 1340 342 lapsus?
1360 281 1498 328 Absit.
1519 281 1635 335 Quid
1660 295 1762 340 ergo
1783 300 1794 327 ε

414 373 431 394 «
470 353 758 412 Semetipsum
780 353 1015 397 exinanivit
1035 353 1221 397 sormam
1251 353 1361 397 servi
1390 352 1666 412 accipiens?»
1692 352 1798 397 Exi-

409 424 579 468 nanisse
595 439 639 467 se
655 423 796 469 dictus
821 433 884 468 est
908 423 1161 483 accipiendo
1182 423 1433 470 inferiorem
1452 459 1464 479 ‚
1489 439 1580 468 non
1610 422 1799 481 degene-

410 493 548 539 rando
578 493 633 537 ab
663 493 837 554 aequali.
865 496 1009 553 Ergo,
1043 492 1223 549 fratres,
1261 492 1370 554 quid
1403 502 1467 537 est
1494 494 1579 538 hoc
1607 511 1616 538 z
1645 494 1802 538 «Cum

413 583 433 607 »
470 578 677 623 accepero
714 574 885 624 tempus
904 599 915 619 ‚
955 580 1033 623 ego
1061 564 1248 624 justitias
1285 564 1529 624 judicabo?
1564 582 1584 604 n
1622 564 1802 623 Accepit

414 643 585 694 tempus
607 643 657 679 ut
679 633 792 678 filius
814 634 1000 678 hominis
1020 653 1029 680 ε
1055 635 1274 693 gubernat
1287 643 1483 693 tempora
1497 643 1547 678 ut
1559 632 1695 680 Filius
1707 632 1800 677 Dei.

412 705 528 750 Audi
551 705 653 766 quia
674 715 724 750 ut
746 704 860 749 filius
881 705 1066 750 hominis
1089 706 1255 764 accepit
1276 714 1448 764 tempus
1461 702 1702 764 judicandi.
1727 702 1805 748 Di-

413 775 473 821 cit
499 775 546 819 iu
579 775 817 834 Evangelio
842 794 851 821 :
874 794 894 817 «
917 775 1046 820 Dedit
1066 775 1105 819 ei
1129 784 1386 835 potestatem
1415 774 1566 835 judicii
1583 771 1772 818 faciendi
1790 807 1803 828 ‚

417 864 438 894 >›
473 847 682 906 quoniam
700 846 836 890 Filius
857 846 1046 890 hominis
1068 848 1173 890 est¹.
1202 864 1221 887 »
1253 844 1504 890 Secundum
1529 843 1650 904 quod
1670 842 1807 891 Filius

415 917 521 973 Dei,
547 933 777 977 nunquam
800 917 966 977 accepit
987 925 1246 976 potestatem
1272 914 1527 976 judicandi3
1564 915 1667 973 quia
1698 929 1808 958 nun-

415 1003 547 1047 quam
576 988 714 1032 caruit
750 996 963 1047 potestate
989 985 1219 1047 judicandi
1245 1006 1254 1031 :
1288 984 1530 1030 seeundum
1551 982 1673 1044 quod
1694 983 1808 1029 filius

415 1059 605 1102 hominis
625 1094 636 1115 ,
653 1059 820 1118 accepit
841 1069 1012 1118 tempus
1035 1059 1146 1103 sicut
1162 1057 1368 1102 nascendi
1387 1066 1431 1101 et
1452 1055 1672 1116 patiendi,
1699 1055 1810 1100 sicut

416 1128 631 1172 moriendi
652 1138 696 1172 et
718 1128 972 1187 resurgendi
995 1138 1038 1173 et
1060 1128 1350 1182 ascendendi,
1374 1127 1435 1171 ita
1451 1125 1654 1171 veniendi
1675 1135 1718 1170 et
1732 1127 1809 1187 ju-

417 1197 609 1242 dicandi.
645 1198 756 1242 Dicit
784 1199 831 1241 in
859 1197 935 1242 illo
958 1199 1038 1242 ista
1071 1212 1115 1243 et
1141 1213 1299 1256 corpus
1321 1198 1413 1257 ejus
1438 1216 1447 1242 ε
1473 1196 1695 1241 nonenim
1718 1197 1809 1240 sine

417 1267 502 1312 illis
518 1266 749 1328 judicabit.
775 1267 889 1311 Dicit
910 1268 1072 1327 quippe
1100 1268 1145 1312 in
1168 1267 1433 1325 Evangeli03
1457 1286 1474 1307 «
1500 1265 1712 1316 sedebitis
1737 1281 1810 1310 su«

423 1359 440 1380 »
475 1354 553 1398 per
567 1339 801 1383 duodecim
814 1337 950 1392 sedes,
959 1336 1203 1397 judicantes
1215 1336 1450 1381 duodecim
1463 1336 1600 1383 tribus
1610 1335 1776 1381 IsraeP.
1787 1355 1805 1379 »

418 1413 536 1469 Ergo
553 1419 671 1455 totus
687 1409 883 1455 Christus
908 1408 1014 1454 dicit
1029 1444 1040 1464 ‚
1066 1408 1112 1453 id
1126 1417 1211 1464 est,
1237 1417 1370 1468 caput
1390 1417 1433 1452 et
1448 1423 1604 1467 corpus
1615 1408 1662 1452 in
1681 1423 1811 1452 sanc-

419 1480 473 1525 tis
496 1499 505 1525 :
531 1499 552 1522 «
576 1481 690 1525 Cum
713 1495 918 1539 accepero
941 1488 1113 1538 tempus
1129 1514 1141 1534 ,
1165 1494 1246 1536 ego
1268 1478 1456 1537 justitias
1472 1478 1696 1538 judicabo,
1725 1495 1747 1519 »

478 1553 556 1595 Vl.
590 1549 725 1595 Modo
760 1559 906 1594 autem
927 1549 1070 1608 quid?
1096 1568 1116 1590 «
1141 1548 1330 1592 Defluxit
1354 1557 1480 1592 terra.
1509 1566 1529 1589 »
1557 1548 1601 1592 Si
1629 1547 1811 1597 defluxit

420 1631 533 1666 terra
548 1656 560 1676 ‚
580 1620 698 1665 unde
716 1620 902 1664 defluxit
918 1619 999 1663 nisi
1013 1619 1224 1678 peccatis?
1244 1618 1348 1663 Ideo
1364 1627 1407 1663 et
1419 1618 1576 1663 delicta
1584 1617 1806 1667 dicuntur,

419 1691 677 1752 Delinquere
708 1700 794 1745 est,
826 1700 1036 1750 tanquam
1068 1689 1124 1733 de
1156 1688 1325 1749 liquido
1358 1689 1551 1749 quodam
1572 1688 1764 1734 defluere
1786 1705 1812 1734 a

418 1761 651 1806 stabilitate
678 1761 941 1805 firmamenti
969 1760 1141 1805 virtutis
1169 1770 1300 1819 atque
1327 1759 1523 1820 justitiae.
1560 1759 1810 1819 Cupiditate

422 1833 538 1877 enim
559 1832 815 1876 inferiorum
838 1831 1023 1891 quisque
1045 1830 1337 1892 peccatzsicut
1357 1830 1586 1876 roboratur
1602 1831 1810 1880 charitate

420 1903 714 1962 superiorum,
735 1902 795 1946 sic
817 1900 992 1957 deficit,
1013 1910 1056 1945 et
1079 1901 1203 1962 quasi
1222 1900 1424 1960 liquescit
1445 1900 1682 1959 cupiditate
1696 1898 1810 1947 infe-

420 1974 599 2018 riorum.
626 1977 755 2018 Hunc
778 1973 943 2017 fluxum
975 1988 1121 2016 rerum
1144 1973 1188 2016 in
1207 1972 1392 2031 peccatis
1411 1970 1640 2015 hominum
1663 1980 1808 2016 atten-

421 2044 527 2089 dens
560 2044 753 2089 donator
775 2043 1015 2088 misericors
1032 2078 1044 2099 7
1070 2044 1255 2087 donator
1279 2050 1583 2101 peccatorum,
1608 2041 1808 2091 nondum

421 2126 592 2163 exactor
614 2115 947 2175 suppliciorum,
978 2113 1164 2158 attendit
1184 2122 1228 2157 et
1249 2113 1332 2158 ait:
1363 2131 1380 2153 «
1398 2113 1588 2157 Dessuxit
1604 2123 1716 2158 terra
1733 2149 1744 2168 ‚
1766 2122 1810 2158 et

426 2205 446 2227 »
482 2202 630 2231 omnes
651 2185 947 2229 inhabitantes
965 2184 1011 2227 in
1028 2199 1075 2227 ea
1091 2185 1123 2227 3.
1155 2203 1172 2224 »
1194 2185 1290 2243 Ipsa
1309 2183 1462 2243 utique
1489 2192 1603 2227 terra
1625 2184 1810 2231 defluxit

421 2256 784 2301 inhabitantibus
801 2271 858 2298 se.
877 2254 1097 2313 Expositio
1115 2263 1178 2297 est
1192 2268 1461 2313 consequens
1475 2289 1486 2309 ‚
1512 2269 1601 2298 nou
1623 2254 1804 2299 additio.

425 2329 648 2386 Tanquam
672 2326 705 2369 si
729 2324 891 2368 diceres
918 2343 926 2369 ε
949 2322 1175 2377 Quomodo
1207 2322 1388 2367 defluxit
1416 2326 1554 2367 terra?
1579 2324 1808 2369 Subtracta

423 2405 524 2440 sunt
542 2394 853 2449 fundamenta,
875 2404 918 2438 et
939 2392 1104 2453 aliquid
1126 2394 1172 2436 in
1200 2409 1248 2437 ea
1272 2393 1394 2437 hiatu
1424 2393 1615 2454 quodam
1634 2393 1807 2438 demer-

422 2482 518 2511 sum
540 2467 629 2510 est?
651 2465 777 2518 Quod
800 2463 898 2509 dico
920 2473 1100 2518 terram,
1131 2483 1150 2506 α
1167 2464 1328 2507 Omnes
1341 2463 1632 2509 inhabitantes
1645 2464 1763 2509 inea.
1781 2484 1801 2507 »

472 2557 480 2573 ¹
498 2552 590 2583 Joan.
609 2561 641 2591 V,
666 2558 719 2591 27.
743 2566 782 2572 —-
805 2555 817 2571 ²
836 2548 951 2581 matth.
971 2558 1037 2589 xix,
1057 2547 1110 2580 28.
1132 2564 1173 2570 —
1194 2544 1207 2570 3
1230 2546 1314 2579 Psal.
1338 2557 1450 2589 tum,
1476 2546 1508 2589 4.
