1889 3285
286 237 525 264 ERARRATIO
558 240 571 263 1
605 240 647 265 nv
683 239 883 265 PsALMUM
919 238 1025 276 Lxx,
1060 237 1197 264 §Eiuro
1231 240 1260 263 1.
1375 227 1457 264 385

80 309 130 343 ut
150 314 240 344 non
256 299 415 344 frustra
436 301 696 345 cantaveris:
715 321 734 343 «
750 302 1010 346 Benedicam
1029 301 1261 345 Dominum
1278 301 1322 343 in
1341 300 1461 343 omni

83 386 103 409 »
138 378 335 428 tempore
349 404 360 424 ,
390 384 560 428 semper
579 369 673 414 laus
691 372 783 430 ejus
804 371 850 414 in
872 386 946 415 ore
967 372 1107 414 meo¹.
1138 388 1157 411 »
1181 369 1314 414 Salvis
1336 368 1432 412 filiis
1449 403 1461 423 ,

78 454 258 498 pecore,
282 437 444 483 familia
461 474 472 494 ,
507 439 626 483 omni
649 456 694 484 re
722 456 798 484 sua
815 475 826 495 ,
847 440 932 485 Job
954 439 1163 483 laudabat
1186 442 1324 483 Deum
1342 459 1354 495 3
1376 439 1462 482 hoc

78 509 203 568 quasi
223 507 382 552 diurno
413 517 609 568 tempore
628 528 637 554 :
668 509 827 553 damna
849 518 1064 553 venerunt
1079 543 1090 563 ,
1120 509 1282 553 orbitas
1305 508 1431 551 irruit
1447 542 1459 562 ‚

78 579 206 638 periit
226 578 347 639 quod
363 580 614 623 servabatur
630 614 641 634 ‚
667 580 873 623 obierunt
889 578 1049 639 quibus
1071 578 1323 622 servabatur
1343 598 1354 634 3
1378 578 1462 621 hoc

77 648 200 709 quasi
216 657 431 693 nocturno
452 657 662 708 tempore.
689 649 799 693 Vide
821 659 964 693 tamen
984 658 1071 693 tota
1088 648 1159 692 die
1182 647 1458 691 laudantem:

77 718 302 779 Numquid
321 727 419 778 post
438 718 550 763 illud
572 719 778 763 diurnum
800 729 970 778 tempus
987 718 1065 762 ubi
1085 717 1332 772 laetabatur,
1358 717 1462 776 quia

78 788 218 833 factus
239 797 304 833 est
324 788 439 833 illius
461 790 585 849 quasi
604 789 728 843 lucis,
747 790 830 834 hoc
852 799 930 844 est,
950 787 1247 848 prosperitatis
1268 802 1460 842 occasus,

79 859 239 903 defecit
271 875 296 903 a
324 858 529 902 laudibus
564 859 666 903 Dei?
687 861 842 904 Nonne
870 858 960 902 dies
983 868 1076 903 erat
1095 859 1141 901 in
1162 857 1318 913 corde,
1343 857 1463 902 unde

77 928 273 986 fulgebat
289 964 300 984 ,
330 948 351 972 «
380 930 589 973 Dominus
609 928 756 984 dedit,
781 929 992 973 Dominus
1014 928 1194 972 abstulit
1212 948 1223 985 3
1247 928 1359 972 sicut
1377 931 1465 972 Do-

81 1018 102 1041 »
137 999 255 1043 mino
276 999 441 1058 placuit
473 999 531 1042 ita
554 998 718 1042 factum
740 1007 829 1042 est:
855 999 910 1042 sit
931 1013 1092 1042 nomen
1123 997 1298 1042 Domini
1334 997 1464 1041 bene-

81 1088 101 1111 »
137 1069 356 1114 dictum²P
379 1087 400 1110 n
426 1072 481 1112 Et
502 1070 586 1113 hoc
607 1068 731 1128 quasi
746 1067 890 1112 adhuc
911 1070 1210 1127 vespertinum
1233 1076 1325 1112 erat
1348 1077 1462 1112 tem-

77 1155 181 1199 pus:
206 1140 326 1184 venit
342 1148 386 1183 et
407 1154 495 1183 nox
515 1139 707 1194 crassior,
724 1138 914 1182 tenebrae
931 1137 1252 1197 profundiores,
1271 1138 1463 1198 corporis

78 1209 225 1264 dolor,
250 1209 435 1269 putredo
453 1209 667 1253 vermium
686 1228 697 1264 3
726 1223 806 1251 nec
828 1209 886 1252 sic
908 1209 953 1251 in
974 1209 1065 1267 ipsa
1086 1208 1317 1267 putredine
1340 1207 1463 1252 defe-

77 1281 135 1324 cit
155 1296 179 1323 a
202 1280 406 1323 laudibus
439 1278 515 1322 Dei
548 1278 652 1321 foris
687 1278 733 1321 in
754 1287 883 1322 nocte
900 1313 911 1332 ,
935 1278 1011 1336 qui
1033 1278 1149 1321 intus
1171 1278 1394 1322 exultabat
1415 1279 1462 1322 in

79 1350 163 1394 die.
180 1352 376 1408 Namque
397 1347 522 1391 uxori
540 1346 817 1406 persuadenti
839 1346 1170 1406 blasphemiam,
1190 1357 1233 1391 et
1254 1349 1463 1393 commit—

80 1421 189 1465 tenti
207 1421 394 1464 animam
414 1419 546 1478 ipsius
563 1453 573 1473 ,
600 1417 712 1461 male
733 1417 931 1461 suadenti
948 1417 1114 1461 miserae
1136 1427 1345 1478 tanquam
1363 1435 1464 1464 um-

78 1491 169 1535 brae
192 1499 418 1535 nocturnae
435 1524 445 1543 ,
476 1508 495 1530 «
516 1492 681 1532 Locuta
699 1503 742 1531 es
756 1523 770 1543 ,
795 1488 960 1548 inquit,
986 1497 1196 1548 tanquam
1218 1505 1306 1533 una
1328 1506 1378 1534 ex
1399 1491 1466 1535 in-

81 1580 102 1604 »
136 1561 390 1621 sipientibus
424 1560 694 1603 mulieribus.
724 1577 745 1599 »
779 1561 892 1603 Vere
927 1559 1014 1603 filia
1035 1559 1203 1604 noctis:
1235 1579 1255 1601 «
1282 1561 1325 1605 Si
1346 1561 1464 1606 bona

80 1651 101 1673 n
137 1632 402 1690 suscepimus
419 1629 474 1674 de
491 1645 624 1673 manu
638 1628 827 1681 Domini,
844 1627 955 1672 mala
972 1644 1062 1673 non
1076 1629 1384 1674 sustinebimus
1397 1633 1460 1674 3.»

79 1701 370 1746 Laudavimus
401 1699 448 1743 in
483 1700 553 1743 die
569 1734 580 1752 ,
610 1699 859 1742 deficiemus
881 1698 927 1740 in
947 1700 1101 1742 nocte?
1123 1717 1144 1740 «
1170 1701 1276 1742 Tota
1293 1700 1364 1743 die
1381 1734 1392 1755 ,
1416 1700 1464 1745 id

81 1791 102 1813 »
128 1781 213 1824 est,
238 1787 339 1815 cum
361 1786 436 1815 sua
453 1779 582 1813 nocte
598 1804 609 1824 ,
632 1768 815 1812 salutem
832 1777 969 1812 tuam.
995 1786 1014 1808 »

137 1844 279 1886 XVII.
314 1860 334 1883 «
359 1840 576 1893 Quoniam
603 1854 692 1883 non
714 1839 895 1895 cognovi
918 1838 1247 1898 negotiationes.
1275 1857 1296 1880 >›
1324 1839 1430 1885 Ideo
1448 1877 1460 1897 ,

79 1913 223 1973 inquit
238 1947 249 1964 ,
278 1930 298 1953 «
326 1913 432 1954 Tota
454 1909 525 1953 die
546 1908 729 1953 salutem
751 1917 869 1952 tuam
887 1943 898 1962 ,
923 1909 1131 1967 quoniam
1155 1925 1245 1953 non
1279 1912 1464 1968 cognovi

82 2002 102 2025 >›
138 1980 451 2040 negotiationes
465 1981 496 2022 4.
511 1997 531 2020 »
550 1982 659 2032 Quae
680 1987 781 2022 sunt
797 1978 888 2022 istae
905 1977 1246 2036 negotiationes?
1267 1981 1463 2025 Audiant

79 2051 390 2111 negotiatores,
425 2058 469 2093 et
488 2057 662 2093 mutent
681 2048 814 2093 vitam
835 2069 847 2106 3
880 2056 922 2091 et
944 2047 978 2091 si
1001 2047 1183 2093 fuerunt
1202 2084 1213 2105 ,
1238 2066 1329 2094 non
1352 2052 1460 2108 sint3

80 2139 171 2168 non
201 2129 465 2182 cognoscant
491 2119 611 2180 quod
639 2118 842 2173 fuerunt,
864 2117 1200 2177 obliviscantur3
1224 2130 1458 2180 postremo,

80 2210 171 2238 non
193 2192 436 2253 approbent
451 2226 462 2246 ,
484 2206 574 2234 non
594 2188 775 2233 laudent
793 2209 804 2246 3
829 2188 1092 2247 improbent,
1119 2189 1344 2243 damnent,
1367 2208 1463 2236 mu-

80 2273 249 2318 tentur,
289 2262 324 2306 si
357 2269 585 2321 peccatum
616 2268 681 2303 est
700 2257 951 2317 negotiatio.
978 2259 1090 2303 Hinc
1119 2260 1234 2303 enim
1258 2261 1464 2307 aviditate

81 2333 226 2378 nescio
263 2348 349 2392 qua
379 2329 659 2391 acquirendi,
684 2345 711 2374 o
739 2329 1009 2387 negotiator,
1040 2330 1218 2389 quando
1251 2331 1463 2377 damnum

81 2419 228 2464 passus
249 2401 381 2447 fueris
397 2436 408 2456 ,
431 2399 777 2460 blasphemabis3
811 2408 853 2443 et
874 2414 964 2443 non
987 2399 1067 2442 erit
1088 2399 1133 2443 in
1158 2409 1200 2445 te
1232 2401 1354 2461 quod
1375 2403 1461 2446 dic-

131 2523 140 2540 ¹
159 2514 237 2548 Psal.
257 2521 419 2554 xxx111,2.
440 2528 482 2535 --
502 2516 514 2534 ²
537 2510 609 2544 Job.
625 2521 648 2551 1,
667 2518 720 2542 21.
742 2527 783 2533 —-
799 2507 812 2532 3
837 2509 883 2541 Id.
908 2520 944 2551 11,
967 2520 1015 2542 10.
1034 2526 1075 2531 —-
1096 2508 1108 2538 4
1135 2509 1215 2541 Psal.
1236 2520 1308 2550 Lxx,
1329 2510 1378 2542 15.

220 2591 340 2620 cxvl.
1147 2574 1200 2612 25
