<?xml version="1.0" encoding="UTF-8"?>
<!DOCTYPE html PUBLIC "-//W3C//DTD XHTML 1.0 Transitional//EN"
    "http://www.w3.org/TR/xhtml1/DTD/xhtml1-transitional.dtd">
<html xmlns="http://www.w3.org/1999/xhtml" xml:lang="en" lang="en">
 <head>
  <title>
</title>
<meta http-equiv="Content-Type" content="text/html;charset=utf-8" />
  <meta name='ocr-system' content='tesseract 3.04.00' />
  <meta name='ocr-capabilities' content='ocr_page ocr_carea ocr_par ocr_line ocrx_word'/>
</head>
<body>
  <div class='ocr_page' id='page_1' title='image "./operaomniaaccura09auguuoft_0355.png"; bbox 0 0 1889 3285; ppageno 0'>
   <div class='ocr_carea' id='block_1_1' title="bbox 8 1418 18 1951">
    <p class='ocr_par' dir='ltr' id='par_1_1' title="bbox 8 1418 18 1951">
     <span class='ocr_line' id='line_1_1' title="bbox 8 1418 18 1951; baseline 0 0"><span class='ocrx_word' id='word_1_1' title='bbox 8 1418 18 1951; x_wconf 95' lang='lat' dir='ltr'> </span> 
     </span>
    </p>
   </div>
   <div class='ocr_carea' id='block_1_2' title="bbox 1 2513 5 2618">
    <p class='ocr_par' dir='ltr' id='par_1_2' title="bbox 1 2513 5 2618">
     <span class='ocr_line' id='line_1_2' title="bbox 1 2513 5 2618; baseline 0 0"><span class='ocrx_word' id='word_1_2' title='bbox 1 2513 5 2618; x_wconf 70' lang='grc' dir='ltr'><em>ἱ</em></span> 
     </span>
    </p>
   </div>
   <div class='ocr_carea' id='block_1_3' title="bbox 250 266 1471 318">
    <p class='ocr_par' dir='ltr' id='par_1_3' title="bbox 250 266 1471 318">
     <span class='ocr_line' id='line_1_3' title="bbox 250 266 1471 318; baseline 0.002 -12"><span class='ocrx_word' id='word_1_3' title='bbox 250 276 490 307; x_wconf 68' lang='lat' dir='ltr'>ENARRArro</span> <span class='ocrx_word' id='word_1_4' title='bbox 521 279 555 305; x_wconf 88' lang='lat'>11</span> <span class='ocrx_word' id='word_1_5' title='bbox 584 279 632 306; x_wconf 78' lang='lat' dir='ltr'>m</span> <span class='ocrx_word' id='word_1_6' title='bbox 664 278 865 308; x_wconf 74' lang='lat' dir='ltr'>PsALMUM</span> <span class='ocrx_word' id='word_1_7' title='bbox 896 279 1056 318; x_wconf 71' lang='lat' dir='ltr'>LXVIII,</span> <span class='ocrx_word' id='word_1_8' title='bbox 1091 279 1228 308; x_wconf 77' lang='lat' dir='ltr'><strong>SERMO</strong></span> <span class='ocrx_word' id='word_1_9' title='bbox 1259 283 1308 309; x_wconf 87' lang='lat'>11.</span> <span class='ocrx_word' id='word_1_10' title='bbox 1388 266 1471 309; x_wconf 78' lang='lat'>343</span> 
     </span>
    </p>
   </div>
   <div class='ocr_carea' id='block_1_4' title="bbox 93 342 1482 2013">
    <p class='ocr_par' dir='ltr' id='par_1_4' title="bbox 96 342 1475 752">
     <span class='ocr_line' id='line_1_4' title="bbox 101 342 1474 403; baseline 0.005 -18"><span class='ocrx_word' id='word_1_11' title='bbox 101 359 122 385; x_wconf 58' lang='grc' dir='ltr'>γ)</span> <span class='ocrx_word' id='word_1_12' title='bbox 154 352 269 398; x_wconf 85' lang='lat' dir='ltr'>tuos,</span> <span class='ocrx_word' id='word_1_13' title='bbox 293 352 502 403; x_wconf 85' lang='lat' dir='ltr'>tanquam</span> <span class='ocrx_word' id='word_1_14' title='bbox 525 342 683 401; x_wconf 82' lang='lat' dir='ltr'>gallina</span> <span class='ocrx_word' id='word_1_15' title='bbox 703 344 847 403; x_wconf 86' lang='lat' dir='ltr'>pullos</span> <span class='ocrx_word' id='word_1_16' title='bbox 867 358 967 389; x_wconf 89' lang='lat' dir='ltr'>suos</span> <span class='ocrx_word' id='word_1_17' title='bbox 985 344 1068 389; x_wconf 90' lang='lat' dir='ltr'>sub</span> <span class='ocrx_word' id='word_1_18' title='bbox 1089 345 1175 390; x_wconf 87' lang='lat' dir='ltr'>alas</span> <span class='ocrx_word' id='word_1_19' title='bbox 1193 360 1305 401; x_wconf 87' lang='lat' dir='ltr'>suas,</span> <span class='ocrx_word' id='word_1_20' title='bbox 1325 355 1369 391; x_wconf 89' lang='lat' dir='ltr'>et</span> <span class='ocrx_word' id='word_1_21' title='bbox 1389 362 1474 392; x_wconf 91' lang='lat' dir='ltr'>no-</span> 
     </span>
     <span class='ocr_line' id='line_1_5' title="bbox 101 411 1471 473; baseline 0.004 -18"><span class='ocrx_word' id='word_1_22' title='bbox 101 432 121 455; x_wconf 82' lang='lat'>»</span> <span class='ocrx_word' id='word_1_23' title='bbox 155 413 302 458; x_wconf 81' lang='lat' dir='ltr'>luisti?</span> <span class='ocrx_word' id='word_1_24' title='bbox 321 415 433 456; x_wconf 89' lang='lat' dir='ltr'>Ecce</span> <span class='ocrx_word' id='word_1_25' title='bbox 450 411 721 473; x_wconf 87' lang='lat' dir='ltr'>relinquetur</span> <span class='ocrx_word' id='word_1_26' title='bbox 735 414 855 459; x_wconf 85' lang='lat' dir='ltr'>vobis</span> <span class='ocrx_word' id='word_1_27' title='bbox 876 414 1030 459; x_wconf 89' lang='lat' dir='ltr'>domus</span> <span class='ocrx_word' id='word_1_28' title='bbox 1051 424 1192 459; x_wconf 84' lang='lat' dir='ltr'>vestra</span> <span class='ocrx_word' id='word_1_29' title='bbox 1213 415 1381 461; x_wconf 88' lang='lat' dir='ltr'>deserta</span> <span class='ocrx_word' id='word_1_30' title='bbox 1394 419 1426 461; x_wconf 87' lang='lat'>².</span> <span class='ocrx_word' id='word_1_31' title='bbox 1450 436 1471 460; x_wconf 73' lang='grc' dir='ltr'>ιι</span> 
     </span>
     <span class='ocr_line' id='line_1_6' title="bbox 98 480 1475 540; baseline 0.001 -12"><span class='ocrx_word' id='word_1_32' title='bbox 98 480 192 528; x_wconf 88' lang='lat' dir='ltr'>Hoc</span> <span class='ocrx_word' id='word_1_33' title='bbox 212 491 256 527; x_wconf 91' lang='lat' dir='ltr'>et</span> <span class='ocrx_word' id='word_1_34' title='bbox 271 480 342 527; x_wconf 90' lang='lat' dir='ltr'>hic</span> <span class='ocrx_word' id='word_1_35' title='bbox 363 482 522 526; x_wconf 87' lang='lat' dir='ltr'>dicitur</span> <span class='ocrx_word' id='word_1_36' title='bbox 541 501 549 527; x_wconf 79' lang='lat' dir='ltr'>z</span> <span class='ocrx_word' id='word_1_37' title='bbox 578 501 596 523; x_wconf 90' lang='lat'>«</span> <span class='ocrx_word' id='word_1_38' title='bbox 618 485 715 527; x_wconf 87' lang='lat' dir='ltr'>Fiat</span> <span class='ocrx_word' id='word_1_39' title='bbox 735 484 945 528; x_wconf 80' lang='lat' dir='ltr'>habitatio</span> <span class='ocrx_word' id='word_1_40' title='bbox 970 496 1121 528; x_wconf 89' lang='lat' dir='ltr'>eorum</span> <span class='ocrx_word' id='word_1_41' title='bbox 1148 483 1316 529; x_wconf 85' lang='lat' dir='ltr'>deserta</span> <span class='ocrx_word' id='word_1_42' title='bbox 1332 520 1343 540; x_wconf 91' lang='lat'>,</span> <span class='ocrx_word' id='word_1_43' title='bbox 1364 495 1407 530; x_wconf 89' lang='lat' dir='ltr'>et</span> <span class='ocrx_word' id='word_1_44' title='bbox 1428 486 1475 531; x_wconf 87' lang='lat' dir='ltr'>in</span> 
     </span>
     <span class='ocr_line' id='line_1_7' title="bbox 100 553 1475 616; baseline 0.003 -20"><span class='ocrx_word' id='word_1_45' title='bbox 100 573 120 596; x_wconf 85' lang='lat'>»</span> <span class='ocrx_word' id='word_1_46' title='bbox 154 553 441 598; x_wconf 83' lang='lat' dir='ltr'>tabernaculis</span> <span class='ocrx_word' id='word_1_47' title='bbox 472 567 623 597; x_wconf 87' lang='lat' dir='ltr'>eorum</span> <span class='ocrx_word' id='word_1_48' title='bbox 649 569 738 598; x_wconf 93' lang='lat' dir='ltr'>non</span> <span class='ocrx_word' id='word_1_49' title='bbox 759 556 812 598; x_wconf 87' lang='lat' dir='ltr'>sit</span> <span class='ocrx_word' id='word_1_50' title='bbox 840 555 916 614; x_wconf 91' lang='lat' dir='ltr'>qui</span> <span class='ocrx_word' id='word_1_51' title='bbox 942 553 1169 598; x_wconf 86' lang='lat' dir='ltr'>inhabitet.</span> <span class='ocrx_word' id='word_1_52' title='bbox 1194 557 1291 599; x_wconf 90' lang='lat' dir='ltr'>Non</span> <span class='ocrx_word' id='word_1_53' title='bbox 1317 555 1371 599; x_wconf 89' lang='lat' dir='ltr'>sit</span> <span class='ocrx_word' id='word_1_54' title='bbox 1397 557 1475 616; x_wconf 90' lang='lat' dir='ltr'>qui</span> 
     </span>
     <span class='ocr_line' id='line_1_8' title="bbox 101 623 1474 678; baseline 0.004 -13"><span class='ocrx_word' id='word_1_55' title='bbox 101 641 119 665; x_wconf 70' lang='lat' dir='ltr'>u</span> <span class='ocrx_word' id='word_1_56' title='bbox 153 623 384 678; x_wconf 81' lang='lat' dir='ltr'>inhabitet,</span> <span class='ocrx_word' id='word_1_57' title='bbox 400 643 417 664; x_wconf 70' lang='lat' dir='ltr'><strong>n</strong></span> <span class='ocrx_word' id='word_1_58' title='bbox 433 623 509 667; x_wconf 90' lang='lat' dir='ltr'>sed</span> <span class='ocrx_word' id='word_1_59' title='bbox 526 639 577 667; x_wconf 87' lang='lat' dir='ltr'>ex</span> <span class='ocrx_word' id='word_1_60' title='bbox 593 639 774 668; x_wconf 87' lang='lat' dir='ltr'>numero</span> <span class='ocrx_word' id='word_1_61' title='bbox 787 623 978 668; x_wconf 86' lang='lat' dir='ltr'>illorum.</span> <span class='ocrx_word' id='word_1_62' title='bbox 997 626 1107 669; x_wconf 82' lang='lat' dir='ltr'>Nam</span> <span class='ocrx_word' id='word_1_63' title='bbox 1128 623 1223 668; x_wconf 86' lang='lat' dir='ltr'>loca</span> <span class='ocrx_word' id='word_1_64' title='bbox 1239 624 1312 668; x_wconf 75' lang='lat' dir='ltr'>illa</span> <span class='ocrx_word' id='word_1_65' title='bbox 1330 626 1474 670; x_wconf 82' lang='lat' dir='ltr'>omnia</span> 
     </span>
     <span class='ocr_line' id='line_1_9' title="bbox 96 692 1132 752; baseline 0.001 -15"><span class='ocrx_word' id='word_1_66' title='bbox 96 702 140 738; x_wconf 91' lang='lat' dir='ltr'>et</span> <span class='ocrx_word' id='word_1_67' title='bbox 159 694 408 737; x_wconf 86' lang='lat' dir='ltr'>hominibus</span> <span class='ocrx_word' id='word_1_68' title='bbox 424 692 551 752; x_wconf 85' lang='lat' dir='ltr'>plena</span> <span class='ocrx_word' id='word_1_69' title='bbox 573 703 675 738; x_wconf 88' lang='lat' dir='ltr'>sunt</span> <span class='ocrx_word' id='word_1_70' title='bbox 689 729 699 748; x_wconf 82' lang='grc'>,</span> <span class='ocrx_word' id='word_1_71' title='bbox 726 703 769 738; x_wconf 90' lang='lat' dir='ltr'>et</span> <span class='ocrx_word' id='word_1_72' title='bbox 789 697 813 738; x_wconf 87' lang='lat' dir='ltr'><strong>J</strong></span> <span class='ocrx_word' id='word_1_73' title='bbox 819 694 952 738; x_wconf 82' lang='lat' dir='ltr'>udaeis</span> <span class='ocrx_word' id='word_1_74' title='bbox 972 694 1132 738; x_wconf 75' lang='lat' dir='ltr'>inania,</span> 
     </span>
    </p>

    <p class='ocr_par' dir='ltr' id='par_1_5' title="bbox 93 762 1482 2013">
     <span class='ocr_line' id='line_1_10' title="bbox 154 762 1475 824; baseline 0.002 -18"><span class='ocrx_word' id='word_1_75' title='bbox 154 765 234 807; x_wconf 85' lang='lat' dir='ltr'>XI.</span> <span class='ocrx_word' id='word_1_76' title='bbox 251 765 394 816; x_wconf 82' lang='lat' dir='ltr'>Quare</span> <span class='ocrx_word' id='word_1_77' title='bbox 409 763 516 807; x_wconf 78' lang='lat' dir='ltr'>hoc?</span> <span class='ocrx_word' id='word_1_78' title='bbox 533 781 550 803; x_wconf 88' lang='lat'>«</span> <span class='ocrx_word' id='word_1_79' title='bbox 569 764 784 816; x_wconf 83' lang='lat' dir='ltr'><strong>Quoniam</strong></span> <span class='ocrx_word' id='word_1_80' title='bbox 801 779 933 824; x_wconf 88' lang='lat' dir='ltr'>quem</span> <span class='ocrx_word' id='word_1_81' title='bbox 948 773 996 808; x_wconf 88' lang='lat' dir='ltr'>tu</span> <span class='ocrx_word' id='word_1_82' title='bbox 1009 762 1270 822; x_wconf 85' lang='lat' dir='ltr'>percussisti,</span> <span class='ocrx_word' id='word_1_83' title='bbox 1284 762 1365 823; x_wconf 85' lang='lat' dir='ltr'>ipsi</span> <span class='ocrx_word' id='word_1_84' title='bbox 1376 780 1475 824; x_wconf 88' lang='lat' dir='ltr'>per-</span> 
     </span>
     <span class='ocr_line' id='line_1_11' title="bbox 99 833 1480 893; baseline 0.001 -17"><span class='ocrx_word' id='word_1_85' title='bbox 99 851 120 875; x_wconf 76' lang='lat'><strong><em>»</em></strong></span> <span class='ocrx_word' id='word_1_86' title='bbox 153 834 288 877; x_wconf 88' lang='lat' dir='ltr'>secuti</span> <span class='ocrx_word' id='word_1_87' title='bbox 309 842 431 888; x_wconf 88' lang='lat' dir='ltr'>sunt,</span> <span class='ocrx_word' id='word_1_88' title='bbox 447 843 490 877; x_wconf 93' lang='lat' dir='ltr'>et</span> <span class='ocrx_word' id='word_1_89' title='bbox 511 849 641 893; x_wconf 90' lang='lat' dir='ltr'>super</span> <span class='ocrx_word' id='word_1_90' title='bbox 659 833 855 878; x_wconf 88' lang='lat' dir='ltr'>dolorem</span> <span class='ocrx_word' id='word_1_91' title='bbox 877 833 1109 878; x_wconf 84' lang='lat' dir='ltr'>vulnerum</span> <span class='ocrx_word' id='word_1_92' title='bbox 1130 848 1328 878; x_wconf 90' lang='lat' dir='ltr'>meorum</span> <span class='ocrx_word' id='word_1_93' title='bbox 1352 834 1480 879; x_wconf 76' lang='lat' dir='ltr'>addi-</span> 
     </span>
     <span class='ocr_line' id='line_1_12' title="bbox 99 902 1478 964; baseline 0.004 -20"><span class='ocrx_word' id='word_1_94' title='bbox 99 921 119 944; x_wconf 87' lang='lat'>»</span> <span class='ocrx_word' id='word_1_95' title='bbox 153 902 353 947; x_wconf 75' lang='lat' dir='ltr'>derunt2.</span> <span class='ocrx_word' id='word_1_96' title='bbox 378 923 398 945; x_wconf 66' lang='grc' dir='ltr'>ι)</span> <span class='ocrx_word' id='word_1_97' title='bbox 418 903 533 957; x_wconf 86' lang='lat' dir='ltr'><strong>Quid</strong></span> <span class='ocrx_word' id='word_1_98' title='bbox 555 919 657 963; x_wconf 85' lang='lat' dir='ltr'>ergo</span> <span class='ocrx_word' id='word_1_99' title='bbox 680 913 969 964; x_wconf 88' lang='lat' dir='ltr'>peccaverunt</span> <span class='ocrx_word' id='word_1_100' title='bbox 984 939 995 959; x_wconf 83' lang='lat'><em>,</em></span> <span class='ocrx_word' id='word_1_101' title='bbox 1019 904 1054 948; x_wconf 89' lang='lat' dir='ltr'>si</span> <span class='ocrx_word' id='word_1_102' title='bbox 1074 920 1097 948; x_wconf 87' lang='lat' dir='ltr'><strong>a</strong></span> <span class='ocrx_word' id='word_1_103' title='bbox 1114 907 1204 948; x_wconf 83' lang='lat' dir='ltr'>Deo</span> <span class='ocrx_word' id='word_1_104' title='bbox 1224 918 1478 964; x_wconf 89' lang='lat' dir='ltr'>percussum</span> 
     </span>
     <span class='ocr_line' id='line_1_13' title="bbox 94 974 1478 1034; baseline 0.003 -18"><span class='ocrx_word' id='word_1_105' title='bbox 94 974 309 1032; x_wconf 84' lang='lat' dir='ltr'>persecuti</span> <span class='ocrx_word' id='word_1_106' title='bbox 321 974 571 1027; x_wconf 75' lang='lat' dir='ltr'>suntPQuid</span> <span class='ocrx_word' id='word_1_107' title='bbox 583 975 727 1019; x_wconf 80' lang='lat' dir='ltr'>animo</span> <span class='ocrx_word' id='word_1_108' title='bbox 739 990 889 1019; x_wconf 92' lang='lat' dir='ltr'>eorum</span> <span class='ocrx_word' id='word_1_109' title='bbox 903 975 960 1018; x_wconf 91' lang='lat' dir='ltr'>im</span> <span class='ocrx_word' id='word_1_110' title='bbox 968 974 1356 1034; x_wconf 82' lang='lat' dir='ltr'>putatur?Malitia.</span> <span class='ocrx_word' id='word_1_111' title='bbox 1367 978 1478 1021; x_wconf 80' lang='lat' dir='ltr'>Nam</span> 
     </span>
     <span class='ocr_line' id='line_1_14' title="bbox 93 1043 1480 1105; baseline 0.001 -18"><span class='ocrx_word' id='word_1_112' title='bbox 93 1043 139 1087; x_wconf 91' lang='lat' dir='ltr'>id</span> <span class='ocrx_word' id='word_1_113' title='bbox 149 1043 196 1087; x_wconf 92' lang='lat' dir='ltr'>in</span> <span class='ocrx_word' id='word_1_114' title='bbox 207 1044 380 1088; x_wconf 80' lang='lat' dir='ltr'>Christo</span> <span class='ocrx_word' id='word_1_115' title='bbox 401 1043 567 1088; x_wconf 75' lang='lat' dir='ltr'>sactum</span> <span class='ocrx_word' id='word_1_116' title='bbox 585 1054 648 1089; x_wconf 88' lang='lat' dir='ltr'>est</span> <span class='ocrx_word' id='word_1_117' title='bbox 664 1043 785 1104; x_wconf 83' lang='lat' dir='ltr'>quod</span> <span class='ocrx_word' id='word_1_118' title='bbox 801 1045 1045 1104; x_wconf 76' lang='lat' dir='ltr'>oportebat.</span> <span class='ocrx_word' id='word_1_119' title='bbox 1064 1045 1158 1089; x_wconf 86' lang='lat' dir='ltr'>Pati</span> <span class='ocrx_word' id='word_1_120' title='bbox 1171 1045 1324 1105; x_wconf 91' lang='lat' dir='ltr'>utique</span> <span class='ocrx_word' id='word_1_121' title='bbox 1344 1056 1480 1089; x_wconf 87' lang='lat' dir='ltr'>vene-</span> 
     </span>
     <span class='ocr_line' id='line_1_15' title="bbox 95 1115 1481 1175; baseline 0.001 -18"><span class='ocrx_word' id='word_1_122' title='bbox 95 1123 183 1169; x_wconf 77' lang='lat' dir='ltr'>rat,</span> <span class='ocrx_word' id='word_1_123' title='bbox 209 1123 251 1158; x_wconf 90' lang='lat' dir='ltr'>et</span> <span class='ocrx_word' id='word_1_124' title='bbox 278 1115 447 1173; x_wconf 86' lang='lat' dir='ltr'>punivit</span> <span class='ocrx_word' id='word_1_125' title='bbox 472 1130 549 1173; x_wconf 86' lang='lat' dir='ltr'>per</span> <span class='ocrx_word' id='word_1_126' title='bbox 576 1130 707 1175; x_wconf 91' lang='lat' dir='ltr'>quem</span> <span class='ocrx_word' id='word_1_127' title='bbox 724 1130 872 1174; x_wconf 82' lang='lat' dir='ltr'>passus</span> <span class='ocrx_word' id='word_1_128' title='bbox 895 1124 974 1160; x_wconf 87' lang='lat' dir='ltr'>est.</span> <span class='ocrx_word' id='word_1_129' title='bbox 1002 1118 1112 1160; x_wconf 85' lang='lat' dir='ltr'>Nam</span> <span class='ocrx_word' id='word_1_130' title='bbox 1141 1115 1275 1160; x_wconf 84' lang='lat' dir='ltr'>Judas</span> <span class='ocrx_word' id='word_1_131' title='bbox 1296 1115 1481 1160; x_wconf 82' lang='lat' dir='ltr'>traditor</span> 
     </span>
     <span class='ocr_line' id='line_1_16' title="bbox 93 1184 1480 1243; baseline 0.001 -16"><span class='ocrx_word' id='word_1_132' title='bbox 93 1184 274 1243; x_wconf 90' lang='lat' dir='ltr'>punitus</span> <span class='ocrx_word' id='word_1_133' title='bbox 283 1193 362 1239; x_wconf 85' lang='lat' dir='ltr'>est,</span> <span class='ocrx_word' id='word_1_134' title='bbox 379 1193 421 1228; x_wconf 92' lang='lat' dir='ltr'>et</span> <span class='ocrx_word' id='word_1_135' title='bbox 433 1185 627 1228; x_wconf 90' lang='lat' dir='ltr'>Christus</span> <span class='ocrx_word' id='word_1_136' title='bbox 644 1185 872 1229; x_wconf 80' lang='lat' dir='ltr'>crucifixus</span> <span class='ocrx_word' id='word_1_137' title='bbox 885 1194 948 1228; x_wconf 89' lang='lat' dir='ltr'>est</span> <span class='ocrx_word' id='word_1_138' title='bbox 963 1204 972 1230; x_wconf 90' lang='lat'><strong>:</strong></span> <span class='ocrx_word' id='word_1_139' title='bbox 993 1184 1069 1228; x_wconf 90' lang='lat' dir='ltr'>sed</span> <span class='ocrx_word' id='word_1_140' title='bbox 1083 1198 1161 1229; x_wconf 85' lang='lat' dir='ltr'>nos</span> <span class='ocrx_word' id='word_1_141' title='bbox 1184 1184 1367 1229; x_wconf 87' lang='lat' dir='ltr'>redemit</span> <span class='ocrx_word' id='word_1_142' title='bbox 1381 1198 1480 1229; x_wconf 78' lang='lat' dir='ltr'>san-</span> 
     </span>
     <span class='ocr_line' id='line_1_17' title="bbox 95 1254 1481 1315; baseline 0.002 -18"><span class='ocrx_word' id='word_1_143' title='bbox 95 1255 226 1313; x_wconf 86' lang='lat' dir='ltr'>guine</span> <span class='ocrx_word' id='word_1_144' title='bbox 239 1269 334 1308; x_wconf 80' lang='lat' dir='ltr'>suo,</span> <span class='ocrx_word' id='word_1_145' title='bbox 346 1263 389 1297; x_wconf 88' lang='lat' dir='ltr'>et</span> <span class='ocrx_word' id='word_1_146' title='bbox 402 1255 574 1313; x_wconf 86' lang='lat' dir='ltr'>punivit</span> <span class='ocrx_word' id='word_1_147' title='bbox 586 1254 712 1298; x_wconf 90' lang='lat' dir='ltr'>illum</span> <span class='ocrx_word' id='word_1_148' title='bbox 724 1254 779 1298; x_wconf 92' lang='lat' dir='ltr'>de</span> <span class='ocrx_word' id='word_1_149' title='bbox 793 1256 932 1314; x_wconf 84' lang='lat' dir='ltr'>pretio</span> <span class='ocrx_word' id='word_1_150' title='bbox 945 1270 1038 1299; x_wconf 90' lang='lat' dir='ltr'>suo.</span> <span class='ocrx_word' id='word_1_151' title='bbox 1052 1255 1237 1315; x_wconf 84' lang='lat' dir='ltr'>Projecit</span> <span class='ocrx_word' id='word_1_152' title='bbox 1252 1256 1368 1299; x_wconf 86' lang='lat' dir='ltr'>enim</span> <span class='ocrx_word' id='word_1_153' title='bbox 1386 1268 1481 1315; x_wconf 56' lang='lat' dir='ltr'>pre*</span> 
     </span>
     <span class='ocr_line' id='line_1_18' title="bbox 93 1323 1481 1384; baseline 0.002 -18"><span class='ocrx_word' id='word_1_154' title='bbox 93 1323 207 1367; x_wconf 90' lang='lat' dir='ltr'>tium</span> <span class='ocrx_word' id='word_1_155' title='bbox 222 1323 405 1382; x_wconf 86' lang='lat' dir='ltr'>argenti,</span> <span class='ocrx_word' id='word_1_156' title='bbox 427 1339 515 1383; x_wconf 88' lang='lat' dir='ltr'>quo</span> <span class='ocrx_word' id='word_1_157' title='bbox 530 1323 674 1367; x_wconf 81' lang='lat' dir='ltr'>abillo</span> <span class='ocrx_word' id='word_1_158' title='bbox 689 1325 899 1368; x_wconf 90' lang='lat' dir='ltr'>Dominus</span> <span class='ocrx_word' id='word_1_159' title='bbox 915 1324 1117 1368; x_wconf 90' lang='lat' dir='ltr'>venditus</span> <span class='ocrx_word' id='word_1_160' title='bbox 1135 1333 1241 1378; x_wconf 83' lang='lat' dir='ltr'>erat,</span> <span class='ocrx_word' id='word_1_161' title='bbox 1256 1340 1336 1369; x_wconf 88' lang='lat' dir='ltr'>nec</span> <span class='ocrx_word' id='word_1_162' title='bbox 1350 1341 1481 1384; x_wconf 82' lang='lat' dir='ltr'>agno-</span> 
     </span>
     <span class='ocr_line' id='line_1_19' title="bbox 93 1393 1481 1453; baseline 0.003 -16"><span class='ocrx_word' id='word_1_163' title='bbox 93 1393 158 1437; x_wconf 87' lang='lat' dir='ltr'>vit</span> <span class='ocrx_word' id='word_1_164' title='bbox 173 1394 362 1452; x_wconf 88' lang='lat' dir='ltr'>pretium</span> <span class='ocrx_word' id='word_1_165' title='bbox 374 1409 462 1453; x_wconf 94' lang='lat' dir='ltr'>quo</span> <span class='ocrx_word' id='word_1_166' title='bbox 476 1394 565 1452; x_wconf 86' lang='lat' dir='ltr'>ipse</span> <span class='ocrx_word' id='word_1_167' title='bbox 577 1409 601 1437; x_wconf 86' lang='lat' dir='ltr'>a</span> <span class='ocrx_word' id='word_1_168' title='bbox 614 1393 798 1438; x_wconf 92' lang='lat' dir='ltr'>Domino</span> <span class='ocrx_word' id='word_1_169' title='bbox 811 1393 1062 1452; x_wconf 87' lang='lat' dir='ltr'>redemptus</span> <span class='ocrx_word' id='word_1_170' title='bbox 1075 1395 1200 1437; x_wconf 76' lang='lat' dir='ltr'>erat3.</span> <span class='ocrx_word' id='word_1_171' title='bbox 1220 1397 1403 1438; x_wconf 87' lang='lat' dir='ltr'>Factum</span> <span class='ocrx_word' id='word_1_172' title='bbox 1417 1405 1481 1441; x_wconf 85' lang='lat' dir='ltr'>est</span> 
     </span>
     <span class='ocr_line' id='line_1_20' title="bbox 94 1462 1482 1524; baseline 0.003 -18"><span class='ocrx_word' id='word_1_173' title='bbox 94 1463 237 1507; x_wconf 89' lang='lat' dir='ltr'>hocin</span> <span class='ocrx_word' id='word_1_174' title='bbox 254 1466 279 1507; x_wconf 89' lang='lat' dir='ltr'>J</span> <span class='ocrx_word' id='word_1_175' title='bbox 283 1462 383 1507; x_wconf 87' lang='lat' dir='ltr'>uda.</span> <span class='ocrx_word' id='word_1_176' title='bbox 407 1463 491 1507; x_wconf 88' lang='lat' dir='ltr'>Sed</span> <span class='ocrx_word' id='word_1_177' title='bbox 504 1477 605 1506; x_wconf 92' lang='lat' dir='ltr'>cum</span> <span class='ocrx_word' id='word_1_178' title='bbox 623 1462 846 1507; x_wconf 80' lang='lat' dir='ltr'>videamus</span> <span class='ocrx_word' id='word_1_179' title='bbox 866 1479 1113 1507; x_wconf 83' lang='lat' dir='ltr'>mensuram</span> <span class='ocrx_word' id='word_1_180' title='bbox 1135 1463 1371 1524; x_wconf 81' lang='lat' dir='ltr'>quamdam</span> <span class='ocrx_word' id='word_1_181' title='bbox 1391 1480 1482 1511; x_wconf 90' lang='lat' dir='ltr'>esse</span> 
     </span>
     <span class='ocr_line' id='line_1_21' title="bbox 93 1533 1480 1593; baseline 0.002 -16"><span class='ocrx_word' id='word_1_182' title='bbox 93 1534 390 1578; x_wconf 83' lang='lat' dir='ltr'>retributionis</span> <span class='ocrx_word' id='word_1_183' title='bbox 414 1535 459 1577; x_wconf 91' lang='lat' dir='ltr'>in</span> <span class='ocrx_word' id='word_1_184' title='bbox 484 1533 687 1577; x_wconf 85' lang='lat' dir='ltr'>omnibus</span> <span class='ocrx_word' id='word_1_185' title='bbox 702 1568 713 1588; x_wconf 79' lang='grc'>,</span> <span class='ocrx_word' id='word_1_186' title='bbox 751 1549 830 1578; x_wconf 88' lang='lat' dir='ltr'>nec</span> <span class='ocrx_word' id='word_1_187' title='bbox 854 1547 1120 1593; x_wconf 87' lang='lat' dir='ltr'>quemquam</span> <span class='ocrx_word' id='word_1_188' title='bbox 1143 1549 1267 1593; x_wconf 87' lang='lat' dir='ltr'>posse</span> <span class='ocrx_word' id='word_1_189' title='bbox 1288 1537 1480 1593; x_wconf 84' lang='lat' dir='ltr'>permitti</span> 
     </span>
     <span class='ocr_line' id='line_1_22' title="bbox 95 1601 1481 1664; baseline 0.002 -17"><span class='ocrx_word' id='word_1_190' title='bbox 95 1601 280 1662; x_wconf 88' lang='lat' dir='ltr'>amplius</span> <span class='ocrx_word' id='word_1_191' title='bbox 298 1603 461 1657; x_wconf 75' lang='lat' dir='ltr'>saevire,</span> <span class='ocrx_word' id='word_1_192' title='bbox 479 1619 612 1663; x_wconf 84' lang='lat' dir='ltr'>quam</span> <span class='ocrx_word' id='word_1_193' title='bbox 633 1604 846 1662; x_wconf 83' lang='lat' dir='ltr'>acceperit</span> <span class='ocrx_word' id='word_1_194' title='bbox 868 1613 1150 1662; x_wconf 82' lang='lat' dir='ltr'>potestatem3</span> <span class='ocrx_word' id='word_1_195' title='bbox 1174 1606 1397 1664; x_wconf 89' lang='lat' dir='ltr'>quomodo</span> <span class='ocrx_word' id='word_1_196' title='bbox 1416 1604 1481 1650; x_wconf 89' lang='lat' dir='ltr'>illi</span> 
     </span>
     <span class='ocr_line' id='line_1_23' title="bbox 95 1672 1481 1732; baseline 0.001 -14"><span class='ocrx_word' id='word_1_197' title='bbox 95 1672 375 1727; x_wconf 85' lang='lat' dir='ltr'>addiderunt,</span> <span class='ocrx_word' id='word_1_198' title='bbox 392 1682 467 1716; x_wconf 85' lang='lat' dir='ltr'>aut</span> <span class='ocrx_word' id='word_1_199' title='bbox 482 1689 581 1732; x_wconf 81' lang='lat' dir='ltr'>quae</span> <span class='ocrx_word' id='word_1_200' title='bbox 598 1682 661 1716; x_wconf 88' lang='lat' dir='ltr'>est</span> <span class='ocrx_word' id='word_1_201' title='bbox 672 1673 750 1716; x_wconf 85' lang='lat' dir='ltr'>ista</span> <span class='ocrx_word' id='word_1_202' title='bbox 762 1673 980 1732; x_wconf 85' lang='lat' dir='ltr'>percussio</span> <span class='ocrx_word' id='word_1_203' title='bbox 994 1674 1415 1719; x_wconf 78' lang='lat' dir='ltr'>DominiPNimirum</span> <span class='ocrx_word' id='word_1_204' title='bbox 1430 1691 1481 1719; x_wconf 88' lang='lat' dir='ltr'>ex</span> 
     </span>
     <span class='ocr_line' id='line_1_24' title="bbox 95 1742 1478 1802; baseline 0.001 -15"><span class='ocrx_word' id='word_1_205' title='bbox 95 1758 279 1802; x_wconf 83' lang='lat' dir='ltr'>persona</span> <span class='ocrx_word' id='word_1_206' title='bbox 295 1742 468 1786; x_wconf 86' lang='lat' dir='ltr'>locutus</span> <span class='ocrx_word' id='word_1_207' title='bbox 483 1752 546 1786; x_wconf 86' lang='lat' dir='ltr'>est</span> <span class='ocrx_word' id='word_1_208' title='bbox 558 1743 595 1802; x_wconf 90' lang='lat' dir='ltr'>ej</span> <span class='ocrx_word' id='word_1_209' title='bbox 603 1757 650 1785; x_wconf 90' lang='lat' dir='ltr'>us</span> <span class='ocrx_word' id='word_1_210' title='bbox 667 1742 786 1785; x_wconf 90' lang='lat' dir='ltr'>unde</span> <span class='ocrx_word' id='word_1_211' title='bbox 806 1756 962 1801; x_wconf 87' lang='lat' dir='ltr'>corpus</span> <span class='ocrx_word' id='word_1_212' title='bbox 984 1752 1230 1802; x_wconf 78' lang='lat' dir='ltr'>acceperat,</span> <span class='ocrx_word' id='word_1_213' title='bbox 1249 1745 1369 1787; x_wconf 90' lang='lat' dir='ltr'>unde</span> <span class='ocrx_word' id='word_1_214' title='bbox 1382 1760 1478 1788; x_wconf 87' lang='lat' dir='ltr'>car—</span> 
     </span>
     <span class='ocr_line' id='line_1_25' title="bbox 96 1812 1478 1875; baseline 0.002 -19"><span class='ocrx_word' id='word_1_215' title='bbox 96 1827 198 1857; x_wconf 92' lang='lat' dir='ltr'>nem</span> <span class='ocrx_word' id='word_1_216' title='bbox 212 1821 513 1872; x_wconf 79' lang='lat' dir='ltr'>assumpserat,</span> <span class='ocrx_word' id='word_1_217' title='bbox 529 1812 575 1856; x_wconf 91' lang='lat' dir='ltr'>id</span> <span class='ocrx_word' id='word_1_218' title='bbox 594 1821 678 1866; x_wconf 86' lang='lat' dir='ltr'>est,</span> <span class='ocrx_word' id='word_1_219' title='bbox 697 1813 864 1870; x_wconf 83' lang='lat' dir='ltr'>generis</span> <span class='ocrx_word' id='word_1_220' title='bbox 876 1813 1079 1868; x_wconf 81' lang='lat' dir='ltr'>humani,</span> <span class='ocrx_word' id='word_1_221' title='bbox 1097 1813 1230 1872; x_wconf 89' lang='lat' dir='ltr'>ipsius</span> <span class='ocrx_word' id='word_1_222' title='bbox 1248 1815 1376 1869; x_wconf 71' lang='lat' dir='ltr'>Adae,</span> <span class='ocrx_word' id='word_1_223' title='bbox 1401 1817 1478 1875; x_wconf 93' lang='lat' dir='ltr'>qui</span> 
     </span>
     <span class='ocr_line' id='line_1_26' title="bbox 95 1883 1482 1942; baseline 0.002 -16"><span class='ocrx_word' id='word_1_224' title='bbox 95 1898 321 1942; x_wconf 86' lang='lat' dir='ltr'>percussus</span> <span class='ocrx_word' id='word_1_225' title='bbox 334 1892 396 1926; x_wconf 89' lang='lat' dir='ltr'>est</span> <span class='ocrx_word' id='word_1_226' title='bbox 414 1883 552 1942; x_wconf 87' lang='lat' dir='ltr'>primo</span> <span class='ocrx_word' id='word_1_227' title='bbox 575 1892 714 1927; x_wconf 91' lang='lat' dir='ltr'>morte</span> <span class='ocrx_word' id='word_1_228' title='bbox 731 1891 908 1942; x_wconf 88' lang='lat' dir='ltr'>propter</span> <span class='ocrx_word' id='word_1_229' title='bbox 925 1892 1153 1942; x_wconf 85' lang='lat' dir='ltr'>peccatum</span> <span class='ocrx_word' id='word_1_230' title='bbox 1173 1884 1341 1928; x_wconf 46' lang='lat' dir='ltr'>suum&amp;</span> <span class='ocrx_word' id='word_1_231' title='bbox 1361 1887 1482 1929; x_wconf 90' lang='lat' dir='ltr'>Mor-</span> 
     </span>
     <span class='ocr_line' id='line_1_27' title="bbox 97 1953 1481 2013; baseline 0.001 -16"><span class='ocrx_word' id='word_1_232' title='bbox 97 1953 203 1997; x_wconf 86' lang='lat' dir='ltr'>tales</span> <span class='ocrx_word' id='word_1_233' title='bbox 225 1969 325 2011; x_wconf 81' lang='lat' dir='ltr'>ergo</span> <span class='ocrx_word' id='word_1_234' title='bbox 346 1954 418 1997; x_wconf 92' lang='lat' dir='ltr'>hic</span> <span class='ocrx_word' id='word_1_235' title='bbox 436 1953 632 1997; x_wconf 90' lang='lat' dir='ltr'>homines</span> <span class='ocrx_word' id='word_1_236' title='bbox 653 1968 754 1996; x_wconf 93' lang='lat' dir='ltr'>cum</span> <span class='ocrx_word' id='word_1_237' title='bbox 773 1968 905 2012; x_wconf 84' lang='lat' dir='ltr'>poena</span> <span class='ocrx_word' id='word_1_238' title='bbox 918 1961 1166 1997; x_wconf 57' lang='lat' dir='ltr'>‘nascuntur</span> <span class='ocrx_word' id='word_1_239' title='bbox 1187 1972 1197 1998; x_wconf 71' lang='grc' dir='ltr'>ι</span> <span class='ocrx_word' id='word_1_240' title='bbox 1217 1953 1319 1998; x_wconf 90' lang='lat' dir='ltr'>huic</span> <span class='ocrx_word' id='word_1_241' title='bbox 1335 1969 1481 2013; x_wconf 84' lang='lat' dir='ltr'>poenae</span> 
     </span>
    </p>
   </div>
   <div class='ocr_carea' id='block_1_5' title="bbox 72 2021 1481 2084">
    <p class='ocr_par' dir='ltr' id='par_1_6' title="bbox 72 2021 1481 2084">
     <span class='ocr_line' id='line_1_28' title="bbox 72 2021 1481 2084; baseline 0.001 -16"><span class='ocrx_word' id='word_1_242' title='bbox 72 2029 84 2041; x_wconf 31' lang='grc' dir='ltr'>χ</span> <span class='ocrx_word' id='word_1_243' title='bbox 97 2023 288 2078; x_wconf 85' lang='lat' dir='ltr'>addunt,</span> <span class='ocrx_word' id='word_1_244' title='bbox 314 2023 584 2084; x_wconf 84' lang='lat' dir='ltr'>quicumque</span> <span class='ocrx_word' id='word_1_245' title='bbox 601 2023 799 2068; x_wconf 88' lang='lat' dir='ltr'>homines</span> <span class='ocrx_word' id='word_1_246' title='bbox 816 2021 979 2066; x_wconf 88' lang='lat' dir='ltr'>fuerint</span> <span class='ocrx_word' id='word_1_247' title='bbox 998 2023 1228 2082; x_wconf 89' lang='lat' dir='ltr'>persecuti.</span> <span class='ocrx_word' id='word_1_248' title='bbox 1249 2025 1274 2067; x_wconf 87' lang='lat' dir='ltr'><strong>J</strong></span> <span class='ocrx_word' id='word_1_249' title='bbox 1278 2038 1347 2068; x_wconf 84' lang='lat' dir='ltr'>am</span> <span class='ocrx_word' id='word_1_250' title='bbox 1364 2026 1481 2069; x_wconf 91' lang='lat' dir='ltr'>enim</span> 
     </span>
    </p>
   </div>
   <div class='ocr_carea' id='block_1_6' title="bbox 97 2093 1484 2506">
    <p class='ocr_par' dir='ltr' id='par_1_7' title="bbox 97 2093 1484 2506">
     <span class='ocr_line' id='line_1_29' title="bbox 97 2093 1482 2153; baseline -0.001 -15"><span class='ocrx_word' id='word_1_251' title='bbox 97 2094 231 2139; x_wconf 92' lang='lat' dir='ltr'>homo</span> <span class='ocrx_word' id='word_1_252' title='bbox 247 2094 316 2138; x_wconf 91' lang='lat' dir='ltr'>hic</span> <span class='ocrx_word' id='word_1_253' title='bbox 329 2094 564 2138; x_wconf 85' lang='lat' dir='ltr'>moriturus</span> <span class='ocrx_word' id='word_1_254' title='bbox 578 2109 666 2138; x_wconf 90' lang='lat' dir='ltr'>non</span> <span class='ocrx_word' id='word_1_255' title='bbox 677 2102 802 2148; x_wconf 85' lang='lat' dir='ltr'>esset,</span> <span class='ocrx_word' id='word_1_256' title='bbox 818 2093 899 2137; x_wconf 87' lang='lat' dir='ltr'>nisi</span> <span class='ocrx_word' id='word_1_257' title='bbox 912 2093 1037 2136; x_wconf 80' lang='lat' dir='ltr'>illum</span> <span class='ocrx_word' id='word_1_258' title='bbox 1050 2096 1164 2137; x_wconf 91' lang='lat' dir='ltr'>Deus</span> <span class='ocrx_word' id='word_1_259' title='bbox 1179 2094 1482 2153; x_wconf 79' lang='lat' dir='ltr'>percussisset?</span> 
     </span>
     <span class='ocr_line' id='line_1_30' title="bbox 98 2164 1481 2226; baseline -0.001 -17"><span class='ocrx_word' id='word_1_260' title='bbox 98 2165 208 2226; x_wconf 89' lang='lat' dir='ltr'>quid</span> <span class='ocrx_word' id='word_1_261' title='bbox 230 2179 332 2222; x_wconf 85' lang='lat' dir='ltr'>ergo</span> <span class='ocrx_word' id='word_1_262' title='bbox 355 2174 406 2208; x_wconf 94' lang='lat' dir='ltr'>tu</span> <span class='ocrx_word' id='word_1_263' title='bbox 420 2165 553 2209; x_wconf 90' lang='lat' dir='ltr'>homo</span> <span class='ocrx_word' id='word_1_264' title='bbox 573 2164 695 2209; x_wconf 82' lang='lat' dir='ltr'>saevis</span> <span class='ocrx_word' id='word_1_265' title='bbox 716 2164 926 2224; x_wconf 78' lang='lat' dir='ltr'>amplius?</span> <span class='ocrx_word' id='word_1_266' title='bbox 943 2167 1181 2208; x_wconf 81' lang='lat' dir='ltr'>Parum-ne</span> <span class='ocrx_word' id='word_1_267' title='bbox 1201 2164 1368 2208; x_wconf 87' lang='lat' dir='ltr'>homini</span> <span class='ocrx_word' id='word_1_268' title='bbox 1396 2173 1481 2219; x_wconf 84' lang='lat' dir='ltr'>est,</span> 
     </span>
     <span class='ocr_line' id='line_1_31' title="bbox 97 2234 1482 2296; baseline -0.001 -18"><span class='ocrx_word' id='word_1_269' title='bbox 97 2234 220 2296; x_wconf 89' lang='lat' dir='ltr'>quod</span> <span class='ocrx_word' id='word_1_270' title='bbox 235 2234 471 2295; x_wconf 81' lang='lat' dir='ltr'>aliquando</span> <span class='ocrx_word' id='word_1_271' title='bbox 499 2235 735 2278; x_wconf 88' lang='lat' dir='ltr'>moriturus</span> <span class='ocrx_word' id='word_1_272' title='bbox 765 2235 860 2278; x_wconf 80' lang='lat' dir='ltr'>est?</span> <span class='ocrx_word' id='word_1_273' title='bbox 883 2237 1031 2278; x_wconf 84' lang='lat' dir='ltr'>Portat</span> <span class='ocrx_word' id='word_1_274' title='bbox 1054 2248 1154 2292; x_wconf 85' lang='lat' dir='ltr'>ergo</span> <span class='ocrx_word' id='word_1_275' title='bbox 1184 2234 1482 2294; x_wconf 88' lang='lat' dir='ltr'>unusquisque</span> 
     </span>
     <span class='ocr_line' id='line_1_32' title="bbox 99 2304 1483 2365; baseline -0.001 -15"><span class='ocrx_word' id='word_1_276' title='bbox 99 2315 294 2350; x_wconf 89' lang='lat' dir='ltr'>nostrum</span> <span class='ocrx_word' id='word_1_277' title='bbox 313 2319 491 2364; x_wconf 86' lang='lat' dir='ltr'>poenam</span> <span class='ocrx_word' id='word_1_278' title='bbox 513 2321 635 2349; x_wconf 83' lang='lat' dir='ltr'>suam</span> <span class='ocrx_word' id='word_1_279' title='bbox 653 2325 662 2350; x_wconf 91' lang='lat'>:</span> <span class='ocrx_word' id='word_1_280' title='bbox 677 2304 780 2349; x_wconf 84' lang='lat' dir='ltr'>huic</span> <span class='ocrx_word' id='word_1_281' title='bbox 796 2321 940 2364; x_wconf 87' lang='lat' dir='ltr'>poenae</span> <span class='ocrx_word' id='word_1_282' title='bbox 955 2304 1110 2349; x_wconf 90' lang='lat' dir='ltr'>volunt</span> <span class='ocrx_word' id='word_1_283' title='bbox 1124 2304 1291 2349; x_wconf 81' lang='lat' dir='ltr'>-addere</span> <span class='ocrx_word' id='word_1_284' title='bbox 1309 2305 1385 2365; x_wconf 90' lang='lat' dir='ltr'>qui</span> <span class='ocrx_word' id='word_1_285' title='bbox 1406 2320 1483 2348; x_wconf 91' lang='lat' dir='ltr'>nos</span> 
     </span>
     <span class='ocr_line' id='line_1_33' title="bbox 101 2376 1484 2435; baseline -0.001 -16"><span class='ocrx_word' id='word_1_286' title='bbox 101 2385 435 2435; x_wconf 90' lang='lat' dir='ltr'>persequuntur.</span> <span class='ocrx_word' id='word_1_287' title='bbox 458 2379 562 2420; x_wconf 82' lang='lat' dir='ltr'>Haec</span> <span class='ocrx_word' id='word_1_288' title='bbox 582 2391 712 2435; x_wconf 86' lang='lat' dir='ltr'>poena</span> <span class='ocrx_word' id='word_1_289' title='bbox 734 2376 951 2435; x_wconf 88' lang='lat' dir='ltr'>percussio</span> <span class='ocrx_word' id='word_1_290' title='bbox 975 2385 1038 2419; x_wconf 83' lang='lat' dir='ltr'>est</span> <span class='ocrx_word' id='word_1_291' title='bbox 1061 2376 1249 2420; x_wconf 88' lang='lat' dir='ltr'>Domini.</span> <span class='ocrx_word' id='word_1_292' title='bbox 1276 2376 1484 2420; x_wconf 88' lang='lat' dir='ltr'>Dominus</span> 
     </span>
     <span class='ocr_line' id='line_1_34' title="bbox 99 2444 1478 2506; baseline -0.001 -17"><span class='ocrx_word' id='word_1_293' title='bbox 99 2446 263 2506; x_wconf 90' lang='lat' dir='ltr'>quippe</span> <span class='ocrx_word' id='word_1_294' title='bbox 279 2444 490 2490; x_wconf 87' lang='lat' dir='ltr'>sententia</span> <span class='ocrx_word' id='word_1_295' title='bbox 510 2447 719 2505; x_wconf 79' lang='lat' dir='ltr'>percussit</span> <span class='ocrx_word' id='word_1_296' title='bbox 740 2447 985 2490; x_wconf 85' lang='lat' dir='ltr'>hominem:</span> <span class='ocrx_word' id='word_1_297' title='bbox 1009 2464 1025 2485; x_wconf 86' lang='lat'>«</span> <span class='ocrx_word' id='word_1_298' title='bbox 1046 2449 1139 2498; x_wconf 79' lang='lat' dir='ltr'>Qua</span> <span class='ocrx_word' id='word_1_299' title='bbox 1152 2445 1221 2489; x_wconf 87' lang='lat' dir='ltr'>die</span> <span class='ocrx_word' id='word_1_300' title='bbox 1241 2445 1478 2503; x_wconf 79' lang='lat' dir='ltr'>tetigeritis,</span> 
     </span>
    </p>
   </div>
   <div class='ocr_carea' id='block_1_7' title="bbox 102 2539 1475 2637">
    <p class='ocr_par' dir='ltr' id='par_1_8' title="bbox 102 2539 1475 2637">
     <span class='ocr_line' id='line_1_35' title="bbox 151 2539 1475 2583; baseline -0.002 -11"><span class='ocrx_word' id='word_1_301' title='bbox 151 2548 159 2563; x_wconf 87' lang='lat'>¹</span> <span class='ocrx_word' id='word_1_302' title='bbox 179 2541 292 2572; x_wconf 79' lang='lat' dir='ltr'>Matth.</span> <span class='ocrx_word' id='word_1_303' title='bbox 314 2551 412 2581; x_wconf 84' lang='lat' dir='ltr'>xxm,</span> <span class='ocrx_word' id='word_1_304' title='bbox 433 2541 471 2582; x_wconf 82' lang='lat'>37</span> <span class='ocrx_word' id='word_1_305' title='bbox 486 2566 494 2581; x_wconf 89' lang='lat'>‚</span> <span class='ocrx_word' id='word_1_306' title='bbox 520 2541 573 2574; x_wconf 75' lang='lat'>38.</span> <span class='ocrx_word' id='word_1_307' title='bbox 593 2559 635 2564; x_wconf 97' lang='lat'><strong>—</strong></span> <span class='ocrx_word' id='word_1_308' title='bbox 659 2549 671 2564; x_wconf 81' lang='lat'><strong>²</strong></span> <span class='ocrx_word' id='word_1_309' title='bbox 691 2542 770 2574; x_wconf 67' lang='lat' dir='ltr'>Psal.</span> <span class='ocrx_word' id='word_1_310' title='bbox 804 2553 915 2582; x_wconf 70' lang='lat' dir='ltr'>vain,</span> <span class='ocrx_word' id='word_1_311' title='bbox 937 2551 988 2583; x_wconf 79' lang='lat'>27.</span> <span class='ocrx_word' id='word_1_312' title='bbox 1024 2559 1064 2564; x_wconf 88' lang='lat'><em>-</em></span> <span class='ocrx_word' id='word_1_313' title='bbox 1086 2540 1098 2563; x_wconf 81' lang='lat'>3</span> <span class='ocrx_word' id='word_1_314' title='bbox 1124 2541 1233 2572; x_wconf 71' lang='lat' dir='ltr'>Matth.</span> <span class='ocrx_word' id='word_1_315' title='bbox 1257 2550 1362 2579; x_wconf 72' lang='lat' dir='ltr'>nvn,</span> <span class='ocrx_word' id='word_1_316' title='bbox 1383 2539 1414 2570; x_wconf 87' lang='lat'>5.</span> <span class='ocrx_word' id='word_1_317' title='bbox 1436 2556 1475 2561; x_wconf 87' lang='lat'>--</span> 
     </span>
     <span class='ocr_line' id='line_1_36' title="bbox 102 2596 336 2637; baseline 0.004 -11"><span class='ocrx_word' id='word_1_318' title='bbox 102 2596 117 2626; x_wconf 71' lang='lat'>4</span> <span class='ocrx_word' id='word_1_319' title='bbox 138 2598 216 2628; x_wconf 86' lang='lat' dir='ltr'>Gen.</span> <span class='ocrx_word' id='word_1_320' title='bbox 241 2607 285 2637; x_wconf 80' lang='lat' dir='ltr'>nl,</span> <span class='ocrx_word' id='word_1_321' title='bbox 305 2597 336 2628; x_wconf 90' lang='lat'>6.</span> 
     </span>
    </p>
   </div>
  </div>
 </body>
</html>
