1889 3285
462 252 700 281 ENARRATlo
734 255 777 280 m
813 254 1013 281 I’SALMUM
1047 255 1150 279 LVII.
1396 242 1449 279 33

70 328 329 378 conceptum
350 327 488 361 mater
510 319 708 362 excussit.
737 317 844 361 Inde
867 317 1058 361 haeretici
1089 315 1278 360 clamant
1300 325 1450 360 contra

69 389 353 447 Evangelium
377 407 384 432 :
406 392 481 443 (ut
504 387 558 432 de
585 388 650 432 his
675 388 818 447 potius
835 386 1068 447 loquamur
1085 421 1096 440 ,
1122 402 1231 445 quos
1253 386 1451 430 dolemus

70 460 314 514 excussos.)
336 458 583 502 Recitamus
601 457 660 501 eis
682 477 690 501 2
717 461 829 501 Ecce
849 457 1044 502 Christus
1066 456 1172 500 dixit
1194 475 1203 500 :
1234 476 1253 497 «
1274 458 1455 515 Oporte-

73 547 93 570 »
127 529 203 573 bat
224 529 444 574 Christum
466 529 582 587 pati,
603 537 644 571 et
663 545 686 572 a
708 530 889 573 mortuis
912 543 1134 586 resurgere
1156 528 1281 572 tertia
1305 528 1375 571 die
1390 530 1449 570 ¹.»

69 598 268 658 A'gnosco
299 599 360 643 ibi
392 608 523 658 caput
555 609 775 654 nostrum,
812 615 998 658 agnosco
1026 599 1088 642 ibi
1120 613 1325 656 sponsum
1354 614 1454 642 nos-

70 680 186 716 trum
204 691 212 716 :
233 686 416 729 agnosce
439 680 481 714 et
504 680 552 714 tu
570 686 741 714 mecum
756 686 972 730 sponsam,
992 668 1090 713 vide
1113 668 1219 729 quid
1237 670 1451 728 sequitur:

76 762 96 785 «
131 741 359 786 Praedicari
385 742 430 785 in
456 741 632 785 nomine
655 743 745 801 ejus
768 741 1072 800 poenitentiam
1092 748 1136 782 et
1162 739 1457 783 remissionem

16 835 17 838 ¹
74 830 95 854 »
129 821 405 871 peccatorum
435 827 512 871 per
535 827 683 856 omnes
716 821 887 869 gentes,
918 809 1226 869 incipientibus
1251 809 1304 853 ab
1328 812 1457 853 Jeru-

73 901 94 924 »
129 882 261 927 salem
275 886 308 926 ².
337 902 356 924 η
389 885 485 926 Huc
505 883 605 927 veni
621 918 631 937 ,
657 883 744 925 huc
767 881 911 924 veni³.
937 883 1049 924 Ecce
1074 879 1263 924 Ecclesia
1285 899 1292 923 :
1324 898 1343 920 «
1378 884 1458 924 Per

6 976 16 1011 3
77 972 94 994 »
130 968 279 997 omnes
297 961 468 1010 gentes,
488 951 796 1010 incipientibus
817 951 872 994 ab
896 949 1158 1006 Jerusalem3
1179 969 1197 990 »
1220 965 1308 993 non
1330 948 1427 994 dico
1446 969 1455 994 ;

12 1029 16 1048 1
73 1026 169 1068 Huc
191 1023 316 1079 veni3
341 1023 429 1082 ipsa
451 1022 507 1066 ad
531 1032 573 1066 te
595 1022 730 1066 venit.
749 1020 818 1064 llli
842 1029 987 1065 autem
1007 1021 1364 1064 obsurdescentes
1386 1019 1460 1063 ad-

71 1109 218 1137 versus
241 1092 522 1150 Evangelium
537 1128 546 1145 ,
573 1101 616 1136 et
637 1107 726 1136 non
753 1106 830 1134 nos
848 1090 1145 1149 permittentes
1161 1089 1305 1149 legere
1326 1090 1457 1134 verba

6 1201 8 1209 ,
72 1164 175 1218 Dei,
197 1180 296 1223 quae
318 1179 361 1207 se
385 1165 553 1223 jactant
575 1161 810 1206 custodisse
833 1177 855 1205 a
878 1161 1052 1204 flamma
1075 1170 1117 1204 et
1138 1160 1293 1204 volunt
1314 1159 1460 1204 delere

72 1233 244 1292 lingua,
269 1232 514 1293 loquuntur
540 1248 616 1276 sua
632 1267 642 1287 ,
667 1231 910 1292 loquuntur
932 1231 1076 1274 inania
1103 1250 1111 1275 :
1145 1230 1224 1275 Ille
1247 1229 1454 1286 tradidit,

11 1323 13 1327 ·
75 1313 117 1348 et
144 1303 215 1347 ille
236 1302 428 1348 tradidit.
457 1306 550 1346 Imo
574 1311 617 1346 et
638 1317 718 1361 ego
741 1301 839 1345 dico
874 1321 882 1346 :
915 1304 972 1344 Et
992 1300 1065 1344 ille
1086 1300 1288 1355 tradidit,
1314 1310 1357 1344 et
1386 1300 1460 1344 ille

8 1397 14 1420 2
75 1373 252 1418 tradidit
278 1393 286 1417 :
318 1382 360 1417 et
389 1388 537 1417 verum
568 1372 680 1416 dico.
721 1372 804 1417 Sed
832 1370 940 1431 quid
971 1369 1025 1414 ad
1047 1372 1149 1413 me?
1172 1373 1259 1415 Nec
1281 1381 1330 1415 tu
1353 1371 1458 1414 mihi

7 1482 11 1488 .
75 1460 183 1504 quos
206 1443 401 1488 nominas
432 1459 482 1486 ex
508 1441 746 1500 Evangelio
768 1441 898 1499 legis,
935 1456 1014 1484 nec
1042 1456 1122 1498 ego
1149 1456 1257 1500 quos
1280 1441 1459 1485 nomino

8 1538 11 1556 >
73 1530 126 1557 ex
146 1512 384 1571 Evangelio
413 1513 526 1570 lego.
553 1510 819 1556 Auferantur
841 1511 896 1554 de
919 1509 1063 1554 medio
1085 1510 1244 1554 chartae
1267 1519 1426 1554 nostrae
1442 1546 1453 1565 ,

73 1583 280 1644 procedat
298 1583 344 1626 in
364 1582 558 1626 medium
580 1581 716 1626 codex
735 1581 811 1625 Dei
829 1600 837 1625 :
858 1581 955 1624 audi
976 1580 1196 1624 Christum
1220 1580 1454 1632 dicentem,

74 1655 174 1699 audi
193 1655 417 1698 veritatem
443 1652 696 1714 loquentem
720 1670 729 1695 ι
759 1670 778 1693 «
804 1650 1035 1694 Praedicari
1068 1649 1113 1692 in
1136 1651 1311 1693 nomine
1333 1651 1424 1710 ejus
1443 1686 1455 1705 ,

76 1743 97 1767 »
132 1724 295 1784 inquit,
329 1722 633 1782 poenitentiam
670 1730 714 1765 et
750 1719 1045 1764 remissionem
1080 1729 1357 1778 peccatorum
1379 1735 1459 1779 per

77 1813 98 1836 ³)
134 1809 282 1839 omnes
312 1802 459 1851 gentes
473 1828 483 1844 ,
504 1790 813 1850 incipientibus
835 1789 889 1832 ab
912 1787 1165 1832 Jerusalem.
1194 1807 1214 1829 »
1239 1792 1334 1834 Non
1357 1826 1368 1843 ⁷
1388 1790 1459 1833 in-

75 1866 234 1926 quiunt
256 1884 264 1908 ;
290 1862 365 1907 sed
391 1861 512 1922 quod
534 1877 612 1905 nos
636 1860 818 1904 dicimus
841 1859 987 1903 audite
1008 1878 1016 1903 ;
1048 1858 1168 1918 quod
1191 1859 1296 1903 dicit
1312 1863 1460 1904 Evan-

78 1935 235 1995 gelium
256 1932 460 1978 nolumus
474 1931 637 1975 audire.
659 1929 880 1974 «Alienati
897 1938 998 1973 sunt
1011 1938 1257 1987 peccatores
1275 1946 1297 1973 a
1310 1930 1456 1985 vulva,

26 2048 29 2050 .
79 2024 99 2048 »
134 2012 386 2049 erraverunt
408 2019 431 2047 a
452 2011 625 2056 ventre,
656 1999 792 2045 locuti
811 2008 913 2043 sunt
935 1998 1056 2042 falsa.
1086 2017 1106 2040 >›
1126 2001 1212 2043 Nos
1228 1999 1462 2059 loquamur

77 2091 191 2130 vera,
204 2075 304 2135 quia
328 2072 569 2118 audivimus
586 2086 685 2115 vera
702 2087 713 2122 3
730 2069 848 2130 quod
863 2068 1071 2113 Dominus
1092 2067 1211 2123 dicit,
1237 2085 1326 2113 non
1342 2070 1462 2130 quod

78 2147 210 2191 homo
238 2144 358 2189 dicit.
384 2147 532 2187 Potest
563 2141 657 2186 fieri
689 2150 738 2185 ut
759 2141 891 2184 homo
913 2139 1149 2182 mentiatur
1175 2158 1183 2183 :
1210 2155 1299 2184 non
1320 2151 1466 2199 potest

78 2216 170 2260 fieri
197 2224 247 2258 ut
268 2213 424 2258 veritas
446 2212 698 2256 mentiatur.
725 2213 790 2254 Ex
811 2209 1003 2254 veritatis
1021 2224 1094 2253 ore
1112 2224 1297 2267 agnosco
1319 2211 1467 2254 Chris-

78 2295 189 2340 tum,
208 2286 343 2344 ipsam
364 2283 589 2327 veritatem
606 2301 614 2325 :
632 2297 682 2325 ex
702 2279 893 2325 veritatis
912 2294 984 2323 ore
1002 2294 1187 2338 agnosco
1205 2279 1460 2336 Ecclesiam,

79 2357 332 2416 participem
352 2353 557 2399 veritatis.
582 2354 721 2398 Nemo
744 2350 850 2394 mihi
874 2349 979 2393 falsa
997 2349 1227 2409 loquatur,
1254 2351 1329 2410 qui
1347 2367 1465 2396 erra-

79 2427 142 2471 vit
169 2427 223 2470 ab
252 2434 377 2469 utero
397 2423 444 2467 in
465 2422 698 2467 visceribus
720 2419 923 2465 Ecclesiae
940 2455 951 2473 ,
984 2419 1123 2478 primo
1144 2419 1336 2464 viderem
1360 2422 1467 2481 quid

83 2512 151 2541 me
171 2496 304 2541 vellet
319 2495 490 2539 docere.
520 2491 660 2537 Video
683 2490 921 2535 alienatum
945 2506 967 2533 3
990 2489 1141 2545 vulva,
1161 2491 1289 2536 video
1312 2507 1471 2536 errasse

136 2587 144 2603 ¹
161 2582 237 2612 Luc,
256 2589 344 2619 xmv,
369 2577 423 2619 46.
448 2594 486 2600 -
506 2583 519 2600 ²
538 2575 619 2608 Ibid.
643 2574 696 2617 [17.
721 2591 762 2597 —
783 2572 796 2597 3
811 2576 878 2606 Vox
890 2573 1136 2606 Donatistarum.

274 2641 397 2672 CXVL
1259 2627 1283 2666 3
