1889 3285
403 245 643 275 munaum
674 248 718 275 m
751 244 954 276 PsALMUM
986 247 1109 276 Lxur.
1362 240 1446 278 189

70 320 120 355 ut
141 310 361 355 noveritis.
387 310 471 364 Qui
485 320 585 356 sunt
601 311 705 356 recti
722 312 880 357 corde?
897 313 980 366 Qui
995 311 1139 357 omnia
1157 327 1448 374 quaecumque

69 380 115 425 in
135 381 217 425 hac
242 381 330 425 vita
357 381 599 441 patiuntur,
626 397 715 426 non
750 397 800 427 ea
829 382 1029 427 tribuunt
1058 382 1314 442 insipientiae
1331 418 1342 438 ,
1373 382 1450 428 sed

69 450 249 495 consilio
265 450 344 494 Dei
357 449 414 494 ad
434 450 693 496 medicinam
709 467 830 497 suam
848 473 859 511 3
881 467 960 497 nec
976 460 1248 511 praesumunt
1271 451 1326 496 de
1352 454 1450 511 jus-

69 519 164 563 titia
191 535 295 575 sua,
322 529 374 564 ut
402 529 560 580 putent
583 536 627 565 se
655 521 812 582 injuste
842 522 932 582 pati
958 520 1078 582 quod
1097 520 1341 581 patiuntur,
1375 531 1452 566 aut

69 588 168 634 ideo
191 605 281 634 esse
302 593 439 635 Deum
462 591 687 651 injustum,
707 592 809 652 quia
825 608 915 638 non
931 591 1056 652 plura
1072 592 1237 652 patitur
1257 591 1334 652 qui
1353 590 1452 652 plus

69 668 235 719 peccat.
262 659 416 705 Videte
431 695 442 716 ,
467 659 618 706 fratres
633 696 644 716 ,
669 662 764 706 haec
780 677 894 723 saepe
915 661 1096 707 dicimus
1117 680 1127 706 ε
1151 660 1330 722 Aliquid
1350 676 1452 705 sen-

71 730 145 783 tis,
170 729 259 775 sive
291 729 533 775 secundum
567 747 748 792 corpus,
782 733 871 777 sive
900 731 1138 778 secundum
1174 730 1454 792 dispendium

70 801 131 845 rei
151 799 372 846 familiaris
385 837 396 856 ‚
437 802 524 847 sive
543 818 622 862 per
643 804 871 848 orbitatem
893 803 1082 864 aliquam
1106 802 1455 848 charissimorum

70 880 246 918 tuorum
269 891 279 918 :
303 873 393 917 noli
413 874 623 933 respicere
644 890 716 920 eos
733 891 842 936 quos
864 875 976 920 nosti
997 875 1232 935 iniquiores
1249 883 1314 930 te,
1338 876 1455 932 (non

70 943 184 987 enim
208 942 320 988 forte
337 943 468 988 audes
490 945 633 990 dicere
654 946 821 1006 justum
838 954 882 989 te
897 980 909 1001 ,
934 944 1011 990 sed
1032 945 1145 990 nosti
1166 946 1332 1005 pejores
1353 953 1397 989 te
1411 946 1456 1002 ‚)

71 1022 115 1058 et
135 1014 289 1058 florere
305 1014 351 1058 in
371 1014 460 1059 istis
478 1050 488 1071 ‚
514 1025 558 1060 et
578 1032 667 1061 non
687 1015 923 1074 flagellari3
947 1024 998 1060 ut
1019 1014 1243 1076 displiceat
1260 1015 1338 1060 tibi
1354 1030 1459 1060 con-

70 1083 213 1128 silium
235 1083 328 1139 Dei,
345 1093 387 1128 et
404 1084 520 1129 dicas
536 1105 544 1130 z
559 1089 671 1130 Ecce
689 1096 796 1146 puta
820 1095 1022 1146 peccator
1038 1100 1149 1140 sum,
1166 1095 1210 1130 et
1226 1094 1457 1145 propterea

71 1153 282 1213 flagellor,
316 1170 451 1214 quare
472 1154 545 1199 ille
568 1171 657 1200 non
682 1155 940 1213 flagellatur,
967 1157 1090 1215 cujus
1111 1155 1214 1200 novi
1231 1164 1350 1200 tanta
1375 1155 1457 1200 ssa-

73 1224 206 1283 gitia?
230 1227 644 1285 Quantumcumque
666 1225 769 1269 mali
793 1225 971 1270 fecerim
996 1240 1074 1284 ego
1089 1260 1100 1280 ,
1128 1225 1346 1286 numquid
1381 1239 1459 1283 ego

71 1303 242 1339 tantum
261 1294 345 1339 seci
361 1304 577 1355 quantum
592 1294 691 1338 ille?
705 1296 945 1340 Distortum
967 1304 1031 1340 est
1047 1311 1121 1340 cor
1134 1305 1275 1340 tuum.
1286 1315 1306 1338 «
1318 1298 1459 1349 Quam

74 1383 96 1407 »
130 1366 272 1411 bonus
296 1369 410 1411 Deus
439 1366 599 1421 Israel,
630 1365 706 1410 sed
739 1367 865 1411 rectis
894 1366 1038 1412 corde.
1062 1385 1083 1408 »
1112 1367 1193 1413 Tui
1225 1377 1372 1412 autem
1393 1366 1461 1410 la-

72 1436 239 1480 buntur
256 1436 403 1496 pedes,
429 1437 528 1497 quia
551 1436 717 1481 zelasin
732 1446 994 1496 peccatores,
1015 1453 1165 1497 pacem
1180 1447 1460 1496 peccatorum

72 1505 245 1550 intuens
260 1509 290 1549 1.
319 1506 419 1551 Sine
441 1523 591 1551 curare
609 1525 618 1551 :
638 1507 760 1551 novit
778 1506 885 1566 quid
902 1516 1015 1565 agat,
1040 1507 1116 1566 qui
1139 1507 1298 1550 vulnus
1320 1507 1458 1551 novit.

72 1579 170 1622 Non
184 1586 351 1621 secatur
369 1578 502 1622 alius?
524 1577 660 1632 Quid,
686 1579 720 1622 si
742 1577 1026 1637 desperatur?
1047 1576 1155 1637 quid
1183 1577 1217 1621 si
1234 1586 1463 1637 propterea

73 1657 122 1693 tu
144 1649 318 1703 secaris,
339 1649 440 1708 quia
456 1665 545 1693 non
567 1649 835 1708 desperaris?
857 1654 1009 1694 Patere
1026 1666 1128 1708 ergo
1149 1650 1366 1710 quidquid
1382 1665 1464 1710 pa·-

7 1727 10 1784 ÷
73 1719 173 1764 teris
195 1727 313 1763 recto
336 1717 467 1764 corde
497 1738 505 1763 ;
534 1719 657 1763 novit
677 1722 792 1764 Deus
822 1720 930 1779 quid
956 1720 1039 1764 tibi
1066 1720 1225 1775 donet,
1251 1720 1356 1780 quid
1381 1720 1464 1764 tibi

75 1790 316 1835 subtrahat.
342 1789 473 1843 Quod
494 1790 574 1833 tibi
596 1789 746 1844 donat,
763 1789 818 1833 ad
838 1789 1179 1834 consolationem
1200 1790 1356 1844 valeat,
1373 1804 1465 1835 non

8 1882 9 1888 ¹
77 1860 133 1906 ad
154 1860 477 1919 corruptionem
497 1879 505 1904 :
528 1869 571 1904 et
594 1859 714 1920 quod
736 1859 816 1903 tibi
837 1859 1077 1914 subtrahit,
1111 1859 1166 1903 ad
1188 1859 1464 1904 tolerantiam

76 1930 238 1985 valeat,
279 1946 368 1974 non
396 1930 451 1974 ad
479 1929 808 1989 blasphemiam.
852 1930 894 1974 Si
923 1938 1069 1973 autem
1098 1929 1394 1989 blasphemas,
1420 1939 1465 1974 et

78 2000 275 2061 displicet
305 2001 386 2045 tibi
409 2004 547 2055 Deus,
579 2010 622 2045 et
654 2010 703 2044 tu
726 2000 806 2044 tibi
833 1999 1002 2059 places,
1031 2014 1235 2059 perverso
1263 2000 1393 2045 corde
1421 2010 1465 2045 et

78 2072 260 2116 distorto
283 2086 350 2116 es:
374 2079 417 2115 et
432 2071 517 2115 hoc
539 2071 676 2131 pejus,
697 2071 798 2131 quia
819 2085 893 2114 cor
909 2071 985 2114 Dei
1006 2070 1067 2114 vis
1083 2071 1297 2130 corrigere
1319 2070 1370 2115 ad
1391 2086 1467 2115 cor

80 2151 230 2198 tuum,
255 2152 306 2186 ut
327 2142 412 2186 hoc
433 2141 505 2185 ille
527 2140 658 2185 faciat
679 2140 799 2201 quod
830 2149 880 2184 tu
907 2140 991 2195 vis,
1018 2156 1118 2184 cum
1141 2149 1189 2184 tu
1217 2141 1377 2186 debeas
1398 2140 1466 2186 fa-

80 2227 176 2257 cere
204 2211 324 2273 quod
345 2212 418 2256 ille
452 2210 561 2256 vult.
588 2210 704 2264 Quid
726 2212 860 2269 ergo?
893 2210 967 2253 Vis
996 2210 1256 2271 detorquere
1293 2227 1367 2256 cor
1387 2211 1466 2256 Dei

80 2282 199 2342 quod
217 2297 386 2342 semper
406 2291 575 2326 rectum
593 2290 671 2335 est,
690 2281 744 2325 ad
758 2280 1012 2340 pravitatem
1031 2280 1170 2324 cordis
1188 2281 1277 2325 tui?
1292 2283 1467 2334 Quanto

7 2376 10 2389 »
80 2353 233 2397 melius
255 2352 308 2396 ad
330 2353 635 2397 rectitudinem
653 2356 730 2396 Dei
747 2352 923 2410 corrigis
941 2367 1015 2395 cor
1037 2354 1189 2396 tuum?
1210 2354 1365 2397 Nonne
1382 2354 1466 2397 hoc

81 2433 124 2467 te
146 2422 295 2467 docuit
316 2423 525 2466 Dominus
546 2432 664 2477 tuus,
685 2423 739 2466 de
762 2423 884 2482 cujus
901 2423 1095 2481 passione
1112 2422 1243 2467 modo
1255 2423 1467 2483 loqueba-

83 2495 212 2537 mur?
241 2494 395 2538 Nonne
415 2492 714 2538 infirmitatem
735 2501 856 2537 tuam
878 2492 1101 2552 portabat,
1125 2491 1302 2553 quando
1324 2492 1431 2536 dixit
1452 2511 1462 2537 ι

132 2585 139 2600 ¹
161 2578 239 2610 Psal.
264 2589 360 2619 mxu,
381 2579 446 2610 1-3.
