1889 3285
420 185 504 223 398
847 195 881 222 s.
916 192 1148 222 Aucus-nm
1179 194 1361 221 E1>1scor1

419 259 497 305 sed
517 260 648 304 corde
667 259 846 304 extincti
870 269 987 304 sunt.
1015 259 1095 313 Qui
1120 269 1268 305 autem
1295 258 1474 304 suscitat
1495 266 1721 303 mortuum
1742 272 1810 304 se-

419 328 617 373 cundum
642 344 825 388 corpus,
852 328 996 373 reddit
1016 344 1119 372 eum
1139 328 1227 372 luci
1243 329 1345 373 huic
1369 326 1571 372 videndae
1587 362 1598 382 ‚
1636 336 1680 371 et
1706 327 1811 372 huic

420 398 509 443 aeri
531 397 734 443 ducendo
757 417 766 444 :
791 413 882 443 non
902 407 1049 443 autem
1074 398 1302 443 suscitator
1329 399 1420 458 ejus
1456 398 1547 457 ipse
1578 396 1644 441 illi
1669 396 1744 442 lux
1768 405 1813 441 et

421 472 494 513 aer
520 478 615 528 est3
654 469 808 529 incipit
841 468 1013 524 videre,
1044 468 1416 529 quemadmodum
1449 467 1627 512 videbat
1667 476 1810 513 antea.

421 540 579 585 Anima
591 556 682 584 non
690 541 748 585 sic
762 541 1063 585 exsuscitatur.
1079 540 1235 585 Anima
1247 540 1363 583 enim
1376 539 1660 584 exsuscitatur
1672 554 1695 582 a
1704 542 1810 583 Deo:

422 627 690 672 quamquam
712 621 756 656 et
777 627 933 672 corpus
955 612 1238 657 exsuscitetur
1252 627 1276 655 a
1294 614 1384 655 Deo
1401 630 1410 655 :
1427 610 1503 655 sed
1512 614 1626 655 Deus
1637 608 1816 670 quando

423 683 652 727 exsuscitat
674 699 831 742 corpus
847 719 859 739 ,
884 683 1051 728 mundo
1074 683 1221 727 reddit
1239 703 1251 741 3
1271 682 1448 742 quando
1471 681 1701 726 exsuscitat
1719 680 1816 725 ani-

423 769 562 809 mam,
597 754 678 798 sibi
708 754 866 799 reddit.
888 755 949 799 Si
981 754 1155 799 recedat
1186 758 1258 799 aer
1287 753 1441 797 mundi
1462 753 1582 797 istius
1601 788 1612 810 ‚
1634 752 1818 796 moritur

424 840 582 884 corpus
611 844 619 869 :
645 826 679 869 si
700 825 874 869 recedat
901 829 1038 880 Deus,
1065 826 1249 870 moritur
1277 825 1434 868 anima.
1463 825 1577 868 Cum
1599 838 1702 882 ergo
1723 822 1819 867 ani-

425 910 542 939 mam
555 896 734 939 suscitat
755 899 893 958 Deus,
917 895 998 940 nisi
1021 895 1133 940 adsit
1152 895 1229 955 qui
1245 894 1466 939 suscitavit
1480 929 1491 949 ‚
1511 894 1713 938 suscitata
1729 907 1821 936 non

426 966 545 1009 vivit.
574 968 671 1011 Non
704 966 821 1010 enim
858 965 1064 1021 suscitat,
1091 975 1134 1009 et
1153 965 1334 1009 dimittit
1356 974 1406 1009 ut
1426 964 1544 1009 vivat
1565 964 1648 1008 sibi
1675 983 1684 1008 z
1709 963 1822 1007 sicut
1885 983 1889 999 ι

427 1038 614 1080 Lazarus
641 1035 820 1096 quando
853 1037 1132 1080 resuscitatus
1161 1045 1225 1079 est
1249 1034 1566 1095 quatriduanus
1594 1042 1817 1087 mortuu5,

427 1107 659 1151 suscitatus
677 1116 740 1150 est
758 1122 939 1166 corpore
952 1121 1029 1166 per
1047 1106 1221 1150 Domini
1235 1105 1504 1166 corporalem
1527 1103 1817 1164 praesentiam.

427 1176 619 1220 Accessit
640 1177 756 1220 enirn
779 1176 1059 1235 corporaliter
1087 1176 1142 1220 ad
1158 1176 1406 1236 sepulcrum
1422 1211 1434 1231 ,
1458 1175 1681 1220 clamavit:
1700 1194 1721 1216 «
1740 1177 1824 1217 La-

434 1262 454 1285 »
491 1262 610 1299 zare,
642 1248 743 1291 veni
775 1247 890 1292 foras
917 1268 926 1292 :
955 1266 975 1289 »
1002 1257 1045 1292 et
1076 1249 1260 1291 surrexit
1289 1251 1474 1289 Lazarus
1493 1280 1505 1300 ,
1534 1244 1741 1304 processit
1767 1244 1823 1288 de
1887 1300 1889 1308 A

431 1314 632 1374 sepulcro
654 1314 839 1373 ligatus,
873 1314 1032 1359 deinde
1065 1315 1232 1359 solutus
1260 1315 1500 1360 discessit¹.
1531 1316 1824 1360 Resuscitatus

430 1394 495 1429 est
516 1385 704 1430 Domino
726 1395 961 1444 praesente,
988 1384 1063 1429 sed
1075 1385 1181 1431 vixit
1195 1394 1239 1429 et
1253 1385 1438 1430 Domino
1452 1386 1643 1431 absente.
1674 1389 1825 1440 Quan-

431 1471 566 1515 quam
587 1471 689 1499 eum
711 1457 921 1499 Dominus
949 1455 1230 1515 corporaliter
1269 1457 1585 1512 resuscitasset,
1609 1467 1825 1517 quantum

432 1526 486 1569 ad
508 1525 691 1570 visibilia
704 1527 891 1585 pertinet
920 1545 928 1570 ;
952 1536 1158 1570 eaeterum
1174 1528 1398 1586 praesentia
1413 1529 1645 1588 majestatis
1668 1544 1758 1573 suae
1776 1526 1827 1572 il-

431 1595 524 1639 lum
540 1596 776 1650 suscitavit,
788 1610 873 1655 qua
895 1597 1122 1655 praesentia
1138 1613 1354 1656 nusquam
1368 1597 1545 1641 recedit.
1563 1598 1743 1641 Interim
1764 1606 1827 1642 ta-

433 1681 532 1709 men
547 1665 600 1709 ad
617 1667 890 1724 praesentiam
906 1667 1118 1711 visibilem
1134 1670 1343 1712 Dominus
1355 1668 1576 1712 suscitavit
1589 1672 1824 1727 Lazarum3

432 1735 627 1779 discessit
649 1736 703 1779 de
724 1736 815 1795 ipsa
838 1737 1011 1781 civitate
1033 1738 1244 1782 Dominus
1259 1773 1270 1793 ‚
1290 1738 1361 1782 vel
1377 1738 1432 1783 de
1454 1738 1531 1783 illo
1553 1738 1672 1794 loco,
1693 1753 1826 1783 num-

431 1806 540 1866 quid
557 1810 746 1851 Lazarus
768 1823 858 1852 non
874 1808 982 1853 vixit
1000 1810 1018 1852 Ξ)
1039 1811 1135 1854 Non
1159 1809 1218 1853 sic
1237 1809 1379 1852 anima
1401 1810 1632 1852 suscitatur
1657 1828 1666 1854 z
1690 1810 1827 1853 susci-

431 1886 495 1920 tat
520 1876 639 1921 illam
673 1881 814 1931 Deus,
841 1879 1026 1921 moritur
1047 1879 1081 1921 si
1117 1877 1357 1922 discesserit
1384 1881 1514 1923 Deus.
1540 1880 1689 1924 Dicam
1709 1879 1827 1923 enim

406 1998 409 1999 ⁷
433 1947 652 2001 audacter,
678 1946 853 2001 fratres,
878 1946 953 1990 sed
972 1957 1117 1992 tamen
1139 1963 1308 1993 verum.
1336 1952 1442 1993 Duae
1459 1949 1561 1993 vitae
1582 1958 1685 1993 sunt
1697 1984 1713 2004 ,
1736 1964 1826 1993 una

432 2017 622 2076 corporis
637 2052 647 2071 ,
668 2016 804 2061 altera
822 2018 978 2061 animae
998 2037 1006 2062 2
1025 2018 1136 2062 sicut
1157 2019 1243 2062 vita
1266 2018 1456 2077 corporis
1478 2017 1620 2062 anima
1635 2053 1646 2074 ,
1667 2019 1726 2063 sic
1740 2019 1826 2064 vita

432 2089 588 2132 animae
611 2091 724 2132 Deus
752 2107 760 2133 ε
786 2088 1009 2148 quomodo
1021 2089 1218 2132 'siauima
1231 2088 1400 2133 deserat
1416 2124 1426 2144 ,
1447 2090 1631 2134 moritur
1643 2106 1823 2150 corpu33

431 2158 491 2202 sic
527 2158 669 2202 anima
706 2160 909 2214 moritur,
944 2159 977 2202 si
1001 2158 1169 2203 deserat
1189 2165 1312 2203 Deus.
1348 2162 1444 2218 Ipsa
1466 2169 1529 2204 est
1553 2176 1656 2219 ergo
1693 2162 1826 2219 gratia

433 2231 524 2290 ejus
540 2265 550 2283 ‚
571 2239 621 2273 ut
641 2231 819 2274 suscitet
837 2265 848 2284 ,
874 2239 917 2273 et
934 2230 989 2274 sit
1009 2230 1251 2274 nobiscum.
1279 2230 1409 2283 Quod
1425 2246 1526 2288 ergo
1542 2247 1621 2275 nos
1649 2231 1827 2276 suscitat

433 2316 457 2344 a
474 2309 613 2344 morte
633 2310 775 2344 nostra
799 2301 1042 2360 praeterita‚
1069 2310 1110 2344 et
1125 2301 1308 2345 innovat
1321 2301 1514 2361 quodam
1535 2301 1666 2346 modo
1687 2302 1824 2346 vitam

433 2380 647 2425 nostram,
687 2370 871 2415 dicimus
905 2371 942 2415 ei
969 2391 977 2416 :
1013 2391 1034 2414 «
1065 2374 1190 2426 Deus,
1212 2370 1396 2415 docuisti
1421 2387 1490 2415 me
1521 2387 1572 2415 ex
1595 2373 1825 2432 juventute

440 2460 461 2484 »
495 2457 607 2486 mea.
635 2459 655 2483 »
682 2442 794 2494 Quia
814 2457 917 2487 vero
948 2457 1040 2487 non
1076 2441 1242 2486 recedit
1261 2441 1316 2486 ab
1336 2442 1396 2488 eis
1415 2457 1525 2502 quos
1544 2443 1747 2498 suscitat,
1769 2456 1824 2486 ne

485 2533 494 2551 ¹
514 2528 607 2559 Joan.
627 2524 808 2568 x1‚41-44.
