1889 3285
405 239 648 271 ENARRA'no
678 243 725 271 m
754 239 959 271 PSALMUM
989 243 1140 272 Lxxlv.
1365 229 1453 271 499

72 321 262 368 cumque
282 320 384 366 ergo
401 306 651 366 fugeris,ibi
672 316 750 352 est.
766 311 825 352 Te
846 308 989 368 ipsum
1000 323 1090 368 quo
1110 305 1279 366 fugies?
1298 308 1455 353 Nonne

70 391 352 438 quocumque
365 376 524 436 fugeris
537 412 548 433 ,
573 387 615 422 te
632 377 847 437 sequeris?
871 375 1056 431 Quando
1073 385 1219 421 autem
1240 385 1284 420 et
1299 385 1342 421 te
1362 377 1456 436 ipso

71 448 251 493 interior
267 457 345 503 est,
370 464 461 493 non
483 458 547 494 est
564 464 652 509 quo
674 446 812 506 fugias
834 463 858 491 a
874 451 964 492 Deo
982 447 1114 502 irato,
1138 447 1221 491 nisi
1242 446 1298 491 ad.
1314 449 1454 491 Deum

69 518 306 578 placatum.
332 522 510 565 Prorsus
531 535 622 567 non
639 528 702 564 est
723 535 810 580 quo
825 517 980 577 fugias.
996 519 1071 562 Vis
1092 517 1244 577 fugere
1266 517 1320 562 ab
1342 518 1457 577 ipso?

71 592 194 648 Fuge
216 589 271 635 ad
291 590 447 649 ipsum.
480 592 596 648 Ergo
625 605 680 633 ne
706 589 947 649 loquamini
972 587 1178 633 adversus
1200 591 1341 632 Deum
1371 587 1456 631 ini-

69 660 304 719 quitatem,
334 676 415 705 nec
437 660 525 705 illic
552 660 628 705 ubi
647 659 892 720 loquimini.
911 659 1227 719 «Iniquitatem
1247 691 1258 713 ,
1282 657 1454 717 inquit,

75 748 94 771 »
127 728 362 775 meditatus
393 739 456 775 est
478 730 524 773 in
546 729 680 774 cubili
701 745 779 774 suo
796 732 829 774 1.
850 748 870 772 »
903 728 1017 782 Quid
1054 728 1286 773 meditatus
1325 735 1389 772 est
1414 727 1461 771 in

70 799 204 844 cubili
225 801 334 845 suo?
355 799 512 846 Cubile
534 817 609 846 cor
631 802 722 861 ejus
740 836 750 855 ,
774 800 922 845 dicens
949 819 959 846 ε
988 818 1010 843 ι(
1036 799 1280 844 Sacrificate
1295 798 1460 843 sacrifi-

72 887 94 912 »
129 870 245 915 cium
257 871 438 931 justitiae
454 906 466 926 ‚
491 880 535 916 et
556 881 724 931 sperate
745 871 792 930 in
813 871 1014 916 Domino.
1035 890 1053 912 »
1075 869 1160 916 Sed
1171 885 1300 929 supra
1322 868 1456 914 dixit:

74 959 93 982 «
128 941 265 987 Dicite
286 941 333 985 in
360 941 565 987 cordibus
590 942 739 986 vestris
754 976 765 997 ‚
791 950 834 986 et
854 942 900 988 in
921 940 1140 987 cubilibus
1162 940 1312 987 vestris
1334 953 1458 984 com-

76 1027 97 1051 »
131 1011 376 1069 pungimini
389 1015 422 1054 ².
448 1031 466 1054 »
493 1016 609 1065 Quot
642 1012 776 1056 habes
809 1011 871 1055 ibi
903 1010 1161 1070 punctiones
1189 1009 1455 1064 facinorum,

72 1089 139 1125 tot
159 1080 273 1124 habe
294 1080 382 1126 illic
405 1082 764 1141 compunctiones
781 1080 1117 1126 confessionum.
1140 1080 1224 1125 Ubi
1257 1094 1357 1138 crgo
1389 1078 1459 1124 lo-

72 1151 216 1210 queris
245 1150 448 1197 adversus
478 1155 614 1197 Deum
640 1152 914 1212 iniquitatem
932 1187 943 1207 ,
974 1152 1034 1195 ibi
1073 1161 1115 1195 te
1144 1149 1313 1211 judicat
1338 1168 1347 1194 :
1368 1164 1459 1193 non

66 1218 282 1279 judicium
310 1219 486 1275 differt,
526 1221 602 1265 sed
632 1236 824 1280 poenam.
863 1224 962 1266 Jam
983 1220 1172 1280 judicat,
1192 1220 1282 1279 jam
1305 1217 1428 1263 novit
1444 1251 1457 1273 ,

66 1290 156 1349 jaim
172 1288 270 1333 vide
294 1309 303 1334 ;
323 1306 455 1349 poena
471 1299 602 1334 restat
622 1311 632 1347 3
654 1306 755 1334 cum
770 1289 900 1334 fuerit
917 1299 1173 1349 praesentata
1185 1324 1197 1345 ,
1222 1288 1404 1334 habebis
1416 1296 1462 1332 et

71 1375 272 1419 poenam,
299 1376 401 1405 cum
422 1361 670 1420 apparuerit
691 1358 820 1405 facies
844 1359 960 1404 illius
977 1360 1187 1415 hominis,
1212 1359 1289 1419 qui
1311 1358 1382 1402 hic
1404 1357 1461 1401 ir-

71 1432 180 1476 risus
216 1441 303 1487 est,
339 1431 415 1492 qui
438 1431 658 1492 judicatus
675 1466 686 1486 ‚
722 1431 798 1492 qui
832 1431 1061 1476 crucifixus
1076 1465 1088 1487 ,
1113 1430 1190 1491 qui
1210 1429 1292 1474 sub
1309 1427 1459 1490 judice

70 1502 189 1549 stetit
212 1523 223 1560 3
248 1518 348 1546 cum
375 1502 624 1562 apparuerit
646 1500 849 1562 judicans
877 1503 923 1545 in
954 1501 1182 1560 praesentia
1211 1515 1289 1545 sua
1305 1533 1317 1556 ‚
1353 1508 1460 1543 tunc

71 1573 252 1619 habebis
280 1589 480 1633 poenam,
511 1573 544 1618 si
578 1581 619 1617 te
651 1588 740 1617 non
771 1572 1018 1619 correxeris.
1050 1571 1163 1626 Quid
1187 1586 1290 1630 ergo
1325 1569 1460 1615 modo

70 1641 313 1689 faciemus?
345 1661 366 1686 ι(
394 1642 713 1688 Praeveniamus
757 1641 914 1686 faciem
940 1642 1035 1701 ejus
1068 1649 1099 1683 ἐν
1135 1643 1396 1697 ἐξιμομγτῑσειῖ
1433 1660 1455 1684 n

72 1714 268 1762 Praeveni
283 1714 607 1761 inconfessione
633 1732 643 1758 z
666 1712 811 1757 veniet
828 1712 941 1756 mitis
958 1726 1091 1772 quem
1108 1711 1269 1758 feceras
1279 1714 1454 1761 iratum.

74 1804 94 1826 «
128 1786 280 1844 Neque
309 1800 332 1828 a
359 1783 537 1829 desertis
562 1783 800 1838 montium,
825 1783 1033 1842 quoniam
1045 1785 1158 1827 Deus
1172 1783 1307 1842 judex
1322 1794 1412 1839 est:
1432 1803 1453 1828 »

69 1869 161 1899 non
180 1854 235 1900 ab
256 1855 455 1909 Oriente,
479 1869 570 1901 non
591 1853 646 1898 ab
662 1852 899 1897 Occidente
913 1888 925 1908 ,
956 1867 1047 1898 non
1073 1867 1098 1897 a
1126 1852 1306 1900 desertis
1326 1871 1456 1902 mon-

69 1923 196 1968 tium.
216 1926 386 1977 Quare?
409 1943 427 1965 «
453 1924 668 1978 Quoniam
691 1926 806 1967 Deus
833 1921 969 1982 judex
995 1931 1074 1967 est.
1102 1940 1122 1964 »
1155 1923 1199 1968 Si
1231 1924 1277 1968 in
1310 1924 1457 1986 aliquo

69 1993 168 2042 loco
199 2003 335 2049 esset,
378 2009 469 2038 non
495 2003 604 2039 esset
631 2000 740 2039 Deus
772 2013 781 2042 ;
814 1993 916 2054 quia
936 2008 1039 2038 vero
1071 1995 1186 2038 Deus
1204 1994 1340 2054 judex
1361 2005 1455 2053 est,

71 2080 162 2111 non
181 2064 315 2108 homo
331 2098 344 2119 ,
378 2063 470 2108 noli
491 2062 617 2106 illum
638 2072 863 2122 expectare
884 2063 939 2108 de
960 2062 1081 2108 locis.
1113 2066 1255 2110 Locus
1279 2065 1372 2126 ejus
1406 2075 1457 2112 tu

69 2135 176 2189 eris,
195 2134 230 2181 si
246 2135 389 2179 bonus
403 2168 415 2188 ,
439 2132 475 2177 si
491 2131 712 2178 confessus
728 2132 991 2178 invocaveris
1012 2149 1130 2178 eum.

129 2206 186 2250 X.
212 2223 234 2247 «
256 2206 386 2250 Hunc
403 2202 629 2258 humiliat,
653 2211 698 2246 et
717 2202 836 2247 hunc
855 2202 1063 2247 exaltat.»
1080 2208 1217 2258 Quem
1229 2204 1454 2263 humiliat,

71 2289 204 2335 quem
237 2273 396 2318 exaltat
410 2272 545 2334 judex
569 2272 674 2317 ille?
695 2271 920 2319 Attendite
939 2271 1049 2318 duos
1076 2272 1172 2319 illos
1193 2274 1239 2320 in
1260 2277 1454 2336 templo,

72 2353 118 2389 et
136 2342 290 2389 videtis
311 2358 443 2404 quem
460 2342 682 2399 humiliat,
704 2351 747 2387 et
767 2357 899 2402 quem
917 2341 1090 2388 exaltat.
1115 2361 1135 2386 «
1154 2345 1458 2392 Ascenderunt

76 2433 96 2456 »
131 2415 178 2458 in
198 2413 362 2474 templo
384 2428 505 2458 orare
520 2448 532 2469 ,
556 2413 636 2468 ait,
664 2428 777 2457 unus
798 2412 1036 2457 Pharisaeus
1056 2421 1102 2459 et
1122 2413 1232 2458 alter
1249 2415 1454 2461 Publica-

76 2502 96 2526 »
130 2500 213 2529 nus
233 2505 245 2543 3
269 2484 507 2529 Pharisaeus
525 2484 717 2528 dicebat:
732 2484 897 2529 Gratias
914 2482 996 2526 tibi
1012 2498 1109 2543 ago,
1134 2484 1235 2544 quia
1249 2501 1339 2532 non
1353 2501 1451 2535 sum

122 2575 131 2592 ¹
153 2568 233 2602 Psal.
256 2580 352 2612 xxxv,
377 2568 410 2602 5.
430 2586 472 2593 —-
489 2569 628 2611 ²1d.1V,
655 2569 685 2602 5.
708 2586 749 2591 —
768 2567 781 2592 3
799 2569 845 2602 Id.
872 2579 957 2609 item,
977 2576 1009 2601 2.

1171 2623 1237 2662 32.
