<?xml version="1.0" encoding="UTF-8"?>
<!DOCTYPE html PUBLIC "-//W3C//DTD XHTML 1.0 Transitional//EN"
    "http://www.w3.org/TR/xhtml1/DTD/xhtml1-transitional.dtd">
<html xmlns="http://www.w3.org/1999/xhtml" xml:lang="en" lang="en">
 <head>
  <title>
</title>
<meta http-equiv="Content-Type" content="text/html;charset=utf-8" />
  <meta name='ocr-system' content='tesseract 3.04.00' />
  <meta name='ocr-capabilities' content='ocr_page ocr_carea ocr_par ocr_line ocrx_word'/>
</head>
<body>
  <div class='ocr_page' id='page_1' title='image "./operaomniaaccura09auguuoft_0091.png"; bbox 0 0 1889 3285; ppageno 0'>
   <div class='ocr_carea' id='block_1_1' title="bbox 230 249 1436 297">
    <p class='ocr_par' dir='ltr' id='par_1_1' title="bbox 230 249 1436 297">
     <span class='ocr_line' id='line_1_1' title="bbox 230 249 1436 297; baseline -0.003 -9"><span class='ocrx_word' id='word_1_1' title='bbox 230 260 469 289; x_wconf 69' lang='lat' dir='ltr'>ENAunAno</span> <span class='ocrx_word' id='word_1_2' title='bbox 503 262 534 288; x_wconf 87' lang='lat'>11</span> <span class='ocrx_word' id='word_1_3' title='bbox 568 262 611 288; x_wconf 70' lang='lat' dir='ltr'>nv</span> <span class='ocrx_word' id='word_1_4' title='bbox 646 262 846 288; x_wconf 63' lang='lat' dir='ltr'>I‘SALMUM</span> <span class='ocrx_word' id='word_1_5' title='bbox 879 262 1007 297; x_wconf 74' lang='lat' dir='ltr'>Lvnt,</span> <span class='ocrx_word' id='word_1_6' title='bbox 1043 259 1180 287; x_wconf 74' lang='lat' dir='ltr'>SERMO</span> <span class='ocrx_word' id='word_1_7' title='bbox 1214 261 1261 286; x_wconf 87' lang='lat'>11.</span> <span class='ocrx_word' id='word_1_8' title='bbox 1387 249 1436 285; x_wconf 81' lang='lat'>81</span> 
     </span>
    </p>
   </div>
   <div class='ocr_carea' id='block_1_2' title="bbox 6 323 1452 450">
    <p class='ocr_par' dir='ltr' id='par_1_2' title="bbox 6 323 1452 450">
     <span class='ocr_line' id='line_1_2' title="bbox 7 323 1452 385; baseline -0.003 -15"><span class='ocrx_word' id='word_1_9' title='bbox 7 328 9 337; x_wconf 76' lang='lat'><strong>²</strong></span> <span class='ocrx_word' id='word_1_10' title='bbox 66 334 264 370; x_wconf 83' lang='lat' dir='ltr'>runtesse</span> <span class='ocrx_word' id='word_1_11' title='bbox 276 324 394 385; x_wconf 87' lang='lat' dir='ltr'>quod</span> <span class='ocrx_word' id='word_1_12' title='bbox 407 334 530 368; x_wconf 82' lang='lat' dir='ltr'>erant</span> <span class='ocrx_word' id='word_1_13' title='bbox 548 325 616 369; x_wconf 90' lang='lat' dir='ltr'>:id</span> <span class='ocrx_word' id='word_1_14' title='bbox 633 333 696 368; x_wconf 86' lang='lat' dir='ltr'>est</span> <span class='ocrx_word' id='word_1_15' title='bbox 713 359 723 379; x_wconf 85' lang='lat'><strong>‚</strong></span> <span class='ocrx_word' id='word_1_16' title='bbox 740 340 844 383; x_wconf 89' lang='lat' dir='ltr'>gens</span> <span class='ocrx_word' id='word_1_17' title='bbox 859 325 939 369; x_wconf 89' lang='lat' dir='ltr'>ista</span> <span class='ocrx_word' id='word_1_18' title='bbox 955 340 1043 368; x_wconf 90' lang='lat' dir='ltr'>non</span> <span class='ocrx_word' id='word_1_19' title='bbox 1064 324 1123 367; x_wconf 85' lang='lat' dir='ltr'>ita</span> <span class='ocrx_word' id='word_1_20' title='bbox 1143 323 1268 367; x_wconf 82' lang='lat' dir='ltr'>cessit</span> <span class='ocrx_word' id='word_1_21' title='bbox 1290 324 1333 366; x_wconf 89' lang='lat' dir='ltr'>in</span> <span class='ocrx_word' id='word_1_22' title='bbox 1353 323 1452 382; x_wconf 80' lang='lat' dir='ltr'>jura</span> 
     </span>
     <span class='ocr_line' id='line_1_3' title="bbox 6 392 1451 450; baseline -0.003 -11"><span class='ocrx_word' id='word_1_23' title='bbox 6 398 7 409; x_wconf 66' lang='lat'>³</span> <span class='ocrx_word' id='word_1_24' title='bbox 64 398 377 450; x_wconf 88' lang='lat' dir='ltr'>Romanorum,</span> <span class='ocrx_word' id='word_1_25' title='bbox 400 404 450 438; x_wconf 86' lang='lat' dir='ltr'>ut</span> <span class='ocrx_word' id='word_1_26' title='bbox 468 395 655 438; x_wconf 85' lang='lat' dir='ltr'>amiserit</span> <span class='ocrx_word' id='word_1_27' title='bbox 671 393 856 438; x_wconf 84' lang='lat' dir='ltr'>formam</span> <span class='ocrx_word' id='word_1_28' title='bbox 877 397 901 438; x_wconf 91' lang='lat' dir='ltr'>J</span> <span class='ocrx_word' id='word_1_29' title='bbox 906 394 1127 438; x_wconf 86' lang='lat' dir='ltr'>udaeorum</span> <span class='ocrx_word' id='word_1_30' title='bbox 1145 410 1156 444; x_wconf 80' lang='lat'>3</span> <span class='ocrx_word' id='word_1_31' title='bbox 1182 392 1257 437; x_wconf 91' lang='lat' dir='ltr'>sed</span> <span class='ocrx_word' id='word_1_32' title='bbox 1278 392 1451 436; x_wconf 84' lang='lat' dir='ltr'>subdita</span> 
     </span>
    </p>
   </div>
   <div class='ocr_carea' id='block_1_3' title="bbox 65 463 1454 523">
    <p class='ocr_par' dir='ltr' id='par_1_3' title="bbox 65 463 1454 523">
     <span class='ocr_line' id='line_1_4' title="bbox 65 463 1454 523; baseline -0.003 -14"><span class='ocrx_word' id='word_1_33' title='bbox 65 466 270 510; x_wconf 85' lang='lat' dir='ltr'>Romanis</span> <span class='ocrx_word' id='word_1_34' title='bbox 292 474 378 519; x_wconf 84' lang='lat' dir='ltr'>est,</span> <span class='ocrx_word' id='word_1_35' title='bbox 407 474 457 508; x_wconf 90' lang='lat' dir='ltr'>ut</span> <span class='ocrx_word' id='word_1_36' title='bbox 480 465 611 508; x_wconf 86' lang='lat' dir='ltr'>etiam</span> <span class='ocrx_word' id='word_1_37' title='bbox 631 464 748 523; x_wconf 84' lang='lat' dir='ltr'>leges</span> <span class='ocrx_word' id='word_1_38' title='bbox 769 480 864 508; x_wconf 87' lang='lat' dir='ltr'>suas</span> <span class='ocrx_word' id='word_1_39' title='bbox 898 473 1039 508; x_wconf 85' lang='lat' dir='ltr'>teneat</span> <span class='ocrx_word' id='word_1_40' title='bbox 1054 499 1064 518; x_wconf 75' lang='lat'>‚</span> <span class='ocrx_word' id='word_1_41' title='bbox 1091 479 1190 523; x_wconf 87' lang='lat' dir='ltr'>quae</span> <span class='ocrx_word' id='word_1_42' title='bbox 1210 463 1326 521; x_wconf 86' lang='lat' dir='ltr'>leges</span> <span class='ocrx_word' id='word_1_43' title='bbox 1352 470 1454 506; x_wconf 85' lang='lat' dir='ltr'>sunt</span> 
     </span>
    </p>
   </div>
   <div class='ocr_carea' id='block_1_4' title="bbox 7 533 1454 595">
    <p class='ocr_par' dir='ltr' id='par_1_4' title="bbox 7 533 1454 595">
     <span class='ocr_line' id='line_1_5' title="bbox 7 533 1454 595; baseline -0.003 -16"><span class='ocrx_word' id='word_1_44' title='bbox 7 541 9 579; x_wconf 76' lang='grc' dir='ltr'>ἶ</span> <span class='ocrx_word' id='word_1_45' title='bbox 65 535 157 579; x_wconf 87' lang='lat' dir='ltr'>Dei.</span> <span class='ocrx_word' id='word_1_46' title='bbox 187 535 271 580; x_wconf 91' lang='lat' dir='ltr'>Sed</span> <span class='ocrx_word' id='word_1_47' title='bbox 291 534 400 595; x_wconf 91' lang='lat' dir='ltr'>quid</span> <span class='ocrx_word' id='word_1_48' title='bbox 420 535 465 578; x_wconf 93' lang='lat' dir='ltr'>in</span> <span class='ocrx_word' id='word_1_49' title='bbox 480 534 562 578; x_wconf 87' lang='lat' dir='ltr'>illis</span> <span class='ocrx_word' id='word_1_50' title='bbox 585 534 747 578; x_wconf 81' lang='lat' dir='ltr'>factum</span> <span class='ocrx_word' id='word_1_51' title='bbox 763 537 856 578; x_wconf 80' lang='lat' dir='ltr'>cst?</span> <span class='ocrx_word' id='word_1_52' title='bbox 875 553 895 575; x_wconf 84' lang='lat'>»</span> <span class='ocrx_word' id='word_1_53' title='bbox 919 534 1149 578; x_wconf 80' lang='lat' dir='ltr'>Decimatis</span> <span class='ocrx_word' id='word_1_54' title='bbox 1168 533 1391 577; x_wconf 75' lang='lat' dir='ltr'>mentham</span> <span class='ocrx_word' id='word_1_55' title='bbox 1410 541 1454 575; x_wconf 87' lang='lat' dir='ltr'>et</span> 
     </span>
    </p>
   </div>
   <div class='ocr_carea' id='block_1_5' title="bbox 9 728 15 1281">
    <p class='ocr_par' dir='ltr' id='par_1_5' title="bbox 9 728 15 1281">
     <span class='ocr_line' id='line_1_6' title="bbox 9 728 15 1281; baseline 0 0"><span class='ocrx_word' id='word_1_56' title='bbox 9 728 15 1281; x_wconf 95' lang='lat' dir='ltr'> </span> 
     </span>
    </p>
   </div>
   <div class='ocr_carea' id='block_1_6' title="bbox 68 603 1456 944">
    <p class='ocr_par' dir='ltr' id='par_1_6' title="bbox 68 603 1456 944">
     <span class='ocr_line' id='line_1_7' title="bbox 69 603 1451 664; baseline -0.001 -18"><span class='ocrx_word' id='word_1_57' title='bbox 69 623 89 646; x_wconf 92' lang='lat'>»</span> <span class='ocrx_word' id='word_1_58' title='bbox 114 605 337 662; x_wconf 83' lang='lat' dir='ltr'>cyminum</span> <span class='ocrx_word' id='word_1_59' title='bbox 354 640 364 660; x_wconf 87' lang='lat'>‚</span> <span class='ocrx_word' id='word_1_60' title='bbox 379 613 422 649; x_wconf 88' lang='lat' dir='ltr'>et</span> <span class='ocrx_word' id='word_1_61' title='bbox 434 603 663 664; x_wconf 82' lang='lat' dir='ltr'>reliquistis</span> <span class='ocrx_word' id='word_1_62' title='bbox 686 620 785 664; x_wconf 83' lang='lat' dir='ltr'>quae</span> <span class='ocrx_word' id='word_1_63' title='bbox 802 605 994 663; x_wconf 84' lang='lat' dir='ltr'>graviora</span> <span class='ocrx_word' id='word_1_64' title='bbox 1019 613 1120 647; x_wconf 87' lang='lat' dir='ltr'>sunt</span> <span class='ocrx_word' id='word_1_65' title='bbox 1141 604 1265 661; x_wconf 83' lang='lat' dir='ltr'>Legis</span> <span class='ocrx_word' id='word_1_66' title='bbox 1283 603 1451 646; x_wconf 89' lang='lat' dir='ltr'>miseri-</span> 
     </span>
     <span class='ocr_line' id='line_1_8' title="bbox 69 673 1452 735; baseline 0.001 -20"><span class='ocrx_word' id='word_1_67' title='bbox 69 693 90 716; x_wconf 87' lang='lat'>»</span> <span class='ocrx_word' id='word_1_68' title='bbox 126 674 318 719; x_wconf 82' lang='lat' dir='ltr'>cordiam</span> <span class='ocrx_word' id='word_1_69' title='bbox 358 683 401 718; x_wconf 89' lang='lat' dir='ltr'>et</span> <span class='ocrx_word' id='word_1_70' title='bbox 430 673 646 735; x_wconf 71' lang='lat' dir='ltr'>judiciium</span> <span class='ocrx_word' id='word_1_71' title='bbox 676 695 686 731; x_wconf 83' lang='lat'>3</span> <span class='ocrx_word' id='word_1_72' title='bbox 730 673 945 734; x_wconf 81' lang='lat' dir='ltr'>liquantes</span> <span class='ocrx_word' id='word_1_73' title='bbox 982 673 1165 718; x_wconf 81' lang='lat' dir='ltr'>culicem</span> <span class='ocrx_word' id='word_1_74' title='bbox 1190 709 1200 727; x_wconf 82' lang='lat'>‚</span> <span class='ocrx_word' id='word_1_75' title='bbox 1237 673 1452 717; x_wconf 85' lang='lat' dir='ltr'>camelum</span> 
     </span>
     <span class='ocr_line' id='line_1_9' title="bbox 70 742 1454 802; baseline 0.001 -17"><span class='ocrx_word' id='word_1_76' title='bbox 70 763 90 785; x_wconf 88' lang='lat'>»</span> <span class='ocrx_word' id='word_1_77' title='bbox 113 753 256 788; x_wconf 84' lang='lat' dir='ltr'>autem</span> <span class='ocrx_word' id='word_1_78' title='bbox 277 743 555 802; x_wconf 82' lang='lat' dir='ltr'>glutientcs¹.</span> <span class='ocrx_word' id='word_1_79' title='bbox 580 747 720 801; x_wconf 35' lang='lat' dir='ltr'>»·Hoc</span> <span class='ocrx_word' id='word_1_80' title='bbox 754 744 812 787; x_wconf 90' lang='lat' dir='ltr'>eis</span> <span class='ocrx_word' id='word_1_81' title='bbox 843 743 1052 787; x_wconf 88' lang='lat' dir='ltr'>Dominus</span> <span class='ocrx_word' id='word_1_82' title='bbox 1079 742 1197 787; x_wconf 87' lang='lat' dir='ltr'>dicit.</span> <span class='ocrx_word' id='word_1_83' title='bbox 1226 746 1281 786; x_wconf 89' lang='lat' dir='ltr'>Et</span> <span class='ocrx_word' id='word_1_84' title='bbox 1307 758 1454 787; x_wconf 76' lang='lat' dir='ltr'>revera</span> 
     </span>
     <span class='ocr_line' id='line_1_10' title="bbox 68 814 1452 874; baseline -0.001 -16"><span class='ocrx_word' id='word_1_85' title='bbox 68 814 126 859; x_wconf 84' lang='lat' dir='ltr'>ita</span> <span class='ocrx_word' id='word_1_86' title='bbox 143 823 245 858; x_wconf 88' lang='lat' dir='ltr'>sunt</span> <span class='ocrx_word' id='word_1_87' title='bbox 261 835 271 872; x_wconf 79' lang='lat'><em>3</em></span> <span class='ocrx_word' id='word_1_88' title='bbox 288 823 440 858; x_wconf 83' lang='lat' dir='ltr'>tenent</span> <span class='ocrx_word' id='word_1_89' title='bbox 461 818 636 873; x_wconf 81' lang='lat' dir='ltr'>Legem,</span> <span class='ocrx_word' id='word_1_90' title='bbox 660 823 811 858; x_wconf 87' lang='lat' dir='ltr'>tenent</span> <span class='ocrx_word' id='word_1_91' title='bbox 829 815 1089 874; x_wconf 80' lang='lat' dir='ltr'>Prophetas3</span> <span class='ocrx_word' id='word_1_92' title='bbox 1109 814 1260 872; x_wconf 85' lang='lat' dir='ltr'>legunt</span> <span class='ocrx_word' id='word_1_93' title='bbox 1284 814 1452 868; x_wconf 82' lang='lat' dir='ltr'>onmia,</span> 
     </span>
     <span class='ocr_line' id='line_1_11' title="bbox 69 884 1456 944; baseline -0.001 -16"><span class='ocrx_word' id='word_1_94' title='bbox 69 893 245 929; x_wconf 80' lang='lat' dir='ltr'>cantant</span> <span class='ocrx_word' id='word_1_95' title='bbox 267 885 409 928; x_wconf 85' lang='lat' dir='ltr'>omnia</span> <span class='ocrx_word' id='word_1_96' title='bbox 433 904 441 929; x_wconf 90' lang='lat'>:</span> <span class='ocrx_word' id='word_1_97' title='bbox 466 884 608 928; x_wconf 89' lang='lat' dir='ltr'>lucem</span> <span class='ocrx_word' id='word_1_98' title='bbox 636 885 950 944; x_wconf 75' lang='lat' dir='ltr'>Prophetarum</span> <span class='ocrx_word' id='word_1_99' title='bbox 980 901 1068 929; x_wconf 87' lang='lat' dir='ltr'>non</span> <span class='ocrx_word' id='word_1_100' title='bbox 1090 885 1151 928; x_wconf 89' lang='lat' dir='ltr'>ibi</span> <span class='ocrx_word' id='word_1_101' title='bbox 1179 884 1328 929; x_wconf 84' lang='lat' dir='ltr'>vident</span> <span class='ocrx_word' id='word_1_102' title='bbox 1344 920 1354 939; x_wconf 69' lang='lat'>7</span> <span class='ocrx_word' id='word_1_103' title='bbox 1380 885 1456 944; x_wconf 89' lang='lat' dir='ltr'>qui</span> 
     </span>
    </p>
   </div>
   <div class='ocr_carea' id='block_1_7' title="bbox 10 954 1459 1225">
    <p class='ocr_par' dir='ltr' id='par_1_7' title="bbox 10 954 1459 1225">
     <span class='ocr_line' id='line_1_12' title="bbox 10 954 1457 1007; baseline 0 -9"><span class='ocrx_word' id='word_1_104' title='bbox 10 958 12 963; x_wconf 69' lang='grc'><strong>“</strong></span> <span class='ocrx_word' id='word_1_105' title='bbox 70 964 133 999; x_wconf 85' lang='grc' dir='ltr'>θεῖ</span> <span class='ocrx_word' id='word_1_106' title='bbox 149 954 344 1000; x_wconf 88' lang='lat' dir='ltr'>Christus</span> <span class='ocrx_word' id='word_1_107' title='bbox 366 957 502 998; x_wconf 88' lang='lat' dir='ltr'>Jesus.</span> <span class='ocrx_word' id='word_1_108' title='bbox 528 957 625 999; x_wconf 92' lang='lat' dir='ltr'>Non</span> <span class='ocrx_word' id='word_1_109' title='bbox 648 954 787 998; x_wconf 87' lang='lat' dir='ltr'>solum</span> <span class='ocrx_word' id='word_1_110' title='bbox 803 970 901 998; x_wconf 89' lang='lat' dir='ltr'>eum</span> <span class='ocrx_word' id='word_1_111' title='bbox 921 970 1038 998; x_wconf 89' lang='lat' dir='ltr'>nunc</span> <span class='ocrx_word' id='word_1_112' title='bbox 1053 971 1141 998; x_wconf 88' lang='lat' dir='ltr'>non</span> <span class='ocrx_word' id='word_1_113' title='bbox 1155 954 1330 1007; x_wconf 88' lang='lat' dir='ltr'>vident,</span> <span class='ocrx_word' id='word_1_114' title='bbox 1356 970 1457 998; x_wconf 87' lang='lat' dir='ltr'>cum</span> 
     </span>
     <span class='ocr_line' id='line_1_13' title="bbox 71 1024 1457 1085; baseline 0.001 -15.958"><span class='ocrx_word' id='word_1_115' title='bbox 71 1025 190 1070; x_wconf 87' lang='lat' dir='ltr'>sedet</span> <span class='ocrx_word' id='word_1_116' title='bbox 210 1025 256 1068; x_wconf 91' lang='lat' dir='ltr'>in</span> <span class='ocrx_word' id='word_1_117' title='bbox 277 1024 391 1069; x_wconf 88' lang='lat' dir='ltr'>eoelo</span> <span class='ocrx_word' id='word_1_118' title='bbox 418 1024 518 1069; x_wconf 90' lang='lat' dir='ltr'>:scd</span> <span class='ocrx_word' id='word_1_119' title='bbox 540 1041 619 1068; x_wconf 85' lang='lat' dir='ltr'>nec</span> <span class='ocrx_word' id='word_1_120' title='bbox 641 1035 746 1069; x_wconf 85' lang='lat' dir='ltr'>tunc</span> <span class='ocrx_word' id='word_1_121' title='bbox 780 1024 1006 1079; x_wconf 83' lang='lat' dir='ltr'>viderunt,</span> <span class='ocrx_word' id='word_1_122' title='bbox 1030 1024 1207 1085; x_wconf 86' lang='lat' dir='ltr'>quando</span> <span class='ocrx_word' id='word_1_123' title='bbox 1227 1025 1340 1068; x_wconf 88' lang='lat' dir='ltr'>inter</span> <span class='ocrx_word' id='word_1_124' title='bbox 1362 1024 1457 1070; x_wconf 85' lang='lat' dir='ltr'>illos</span> 
     </span>
     <span class='ocr_line' id='line_1_14' title="bbox 10 1093 1459 1154; baseline 0.002 -18"><span class='ocrx_word' id='word_1_125' title='bbox 10 1093 13 1136; x_wconf 73' lang='grc' dir='ltr'>ἶ</span> <span class='ocrx_word' id='word_1_126' title='bbox 71 1094 245 1139; x_wconf 90' lang='lat' dir='ltr'>humilis</span> <span class='ocrx_word' id='word_1_127' title='bbox 268 1093 542 1150; x_wconf 82' lang='lat' dir='ltr'>ambulabat,</span> <span class='ocrx_word' id='word_1_128' title='bbox 569 1104 612 1139; x_wconf 89' lang='lat' dir='ltr'>et</span> <span class='ocrx_word' id='word_1_129' title='bbox 633 1094 737 1139; x_wconf 85' lang='lat' dir='ltr'>facti</span> <span class='ocrx_word' id='word_1_130' title='bbox 753 1104 854 1139; x_wconf 90' lang='lat' dir='ltr'>sunt</span> <span class='ocrx_word' id='word_1_131' title='bbox 876 1095 937 1138; x_wconf 85' lang='lat' dir='ltr'>rei</span> <span class='ocrx_word' id='word_1_132' title='bbox 957 1094 1186 1139; x_wconf 83' lang='lat' dir='ltr'>fundendo</span> <span class='ocrx_word' id='word_1_133' title='bbox 1200 1096 1459 1154; x_wconf 81' lang='lat' dir='ltr'>sanguinem</span> 
     </span>
     <span class='ocr_line' id='line_1_15' title="bbox 11 1165 1459 1225; baseline 0.001 -15"><span class='ocrx_word' id='word_1_134' title='bbox 11 1166 13 1203; x_wconf 73' lang='grc' dir='ltr'>ἶ</span> <span class='ocrx_word' id='word_1_135' title='bbox 71 1166 202 1225; x_wconf 90' lang='lat' dir='ltr'>ipsius</span> <span class='ocrx_word' id='word_1_136' title='bbox 221 1187 231 1223; x_wconf 80' lang='lat'>3</span> <span class='ocrx_word' id='word_1_137' title='bbox 252 1165 328 1209; x_wconf 91' lang='lat' dir='ltr'>sed</span> <span class='ocrx_word' id='word_1_138' title='bbox 349 1181 438 1209; x_wconf 86' lang='lat' dir='ltr'>non</span> <span class='ocrx_word' id='word_1_139' title='bbox 461 1181 625 1210; x_wconf 88' lang='lat' dir='ltr'>omnes.</span> <span class='ocrx_word' id='word_1_140' title='bbox 654 1169 745 1210; x_wconf 90' lang='lat' dir='ltr'>Hoc</span> <span class='ocrx_word' id='word_1_141' title='bbox 768 1175 811 1209; x_wconf 88' lang='lat' dir='ltr'>et</span> <span class='ocrx_word' id='word_1_142' title='bbox 826 1166 957 1210; x_wconf 89' lang='lat' dir='ltr'>hodie</span> <span class='ocrx_word' id='word_1_143' title='bbox 975 1166 1331 1211; x_wconf 83' lang='lat' dir='ltr'>commendamus</span> <span class='ocrx_word' id='word_1_144' title='bbox 1349 1168 1459 1211; x_wconf 86' lang='lat' dir='ltr'>Cha-</span> 
     </span>
    </p>
   </div>
   <div class='ocr_carea' id='block_1_8' title="bbox 73 1235 1461 1296">
    <p class='ocr_par' dir='ltr' id='par_1_8' title="bbox 73 1235 1461 1296">
     <span class='ocr_line' id='line_1_16' title="bbox 73 1235 1461 1296; baseline 0.001 -16"><span class='ocrx_word' id='word_1_145' title='bbox 73 1236 186 1280; x_wconf 86' lang='lat' dir='ltr'>ritati</span> <span class='ocrx_word' id='word_1_146' title='bbox 207 1238 384 1279; x_wconf 84' lang='lat' dir='ltr'>Vestrae.</span> <span class='ocrx_word' id='word_1_147' title='bbox 410 1238 507 1280; x_wconf 87' lang='lat' dir='ltr'>Non</span> <span class='ocrx_word' id='word_1_148' title='bbox 529 1251 677 1279; x_wconf 90' lang='lat' dir='ltr'>omnes</span> <span class='ocrx_word' id='word_1_149' title='bbox 700 1255 708 1280; x_wconf 91' lang='lat'><strong>:</strong></span> <span class='ocrx_word' id='word_1_150' title='bbox 734 1236 835 1296; x_wconf 83' lang='lat' dir='ltr'>quia</span> <span class='ocrx_word' id='word_1_151' title='bbox 868 1235 995 1280; x_wconf 77' lang='lat' dir='ltr'>multi</span> <span class='ocrx_word' id='word_1_152' title='bbox 1015 1252 1165 1280; x_wconf 89' lang='lat' dir='ltr'>corum</span> <span class='ocrx_word' id='word_1_153' title='bbox 1193 1237 1386 1281; x_wconf 86' lang='lat' dir='ltr'>conversi</span> <span class='ocrx_word' id='word_1_154' title='bbox 1405 1236 1461 1282; x_wconf 85' lang='lat' dir='ltr'>ad</span> 
     </span>
    </p>
   </div>
   <div class='ocr_carea' id='block_1_9' title="bbox 59 1305 1462 1437">
    <p class='ocr_par' dir='ltr' id='par_1_9' title="bbox 12 1297 1462 1437">
     <span class='ocr_line' id='line_1_17' title="bbox 74 1305 1462 1365; baseline 0 -14"><span class='ocrx_word' id='word_1_155' title='bbox 74 1322 173 1351; x_wconf 90' lang='lat' dir='ltr'>eum</span> <span class='ocrx_word' id='word_1_156' title='bbox 201 1321 332 1365; x_wconf 86' lang='lat' dir='ltr'>quem</span> <span class='ocrx_word' id='word_1_157' title='bbox 367 1305 642 1360; x_wconf 78' lang='lat' dir='ltr'>occiderunt,</span> <span class='ocrx_word' id='word_1_158' title='bbox 668 1316 712 1350; x_wconf 89' lang='grc' dir='ltr'>θῖ</span> <span class='ocrx_word' id='word_1_159' title='bbox 746 1306 790 1349; x_wconf 89' lang='lat' dir='ltr'>in</span> <span class='ocrx_word' id='word_1_160' title='bbox 814 1321 914 1349; x_wconf 87' lang='lat' dir='ltr'>eum</span> <span class='ocrx_word' id='word_1_161' title='bbox 948 1307 1192 1361; x_wconf 72' lang='lat' dir='ltr'>credendo,</span> <span class='ocrx_word' id='word_1_162' title='bbox 1225 1307 1394 1351; x_wconf 81' lang='lat' dir='ltr'>veniam</span> <span class='ocrx_word' id='word_1_163' title='bbox 1417 1316 1462 1351; x_wconf 87' lang='lat' dir='ltr'>et</span> 
     </span>
     <span class='ocr_line' id='line_1_18' title="bbox 59 1375 1459 1437; baseline 0 -16"><span class='ocrx_word' id='word_1_164' title='bbox 59 1376 127 1421; x_wconf 64' lang='lat' dir='ltr'>vde</span> <span class='ocrx_word' id='word_1_165' title='bbox 144 1376 284 1420; x_wconf 83' lang='lat' dir='ltr'>effuso</span> <span class='ocrx_word' id='word_1_166' title='bbox 306 1375 438 1435; x_wconf 89' lang='lat' dir='ltr'>ipsius</span> <span class='ocrx_word' id='word_1_167' title='bbox 457 1376 666 1435; x_wconf 85' lang='lat' dir='ltr'>sanguine</span> <span class='ocrx_word' id='word_1_168' title='bbox 687 1386 942 1420; x_wconf 85' lang='lat' dir='ltr'>meruerunt</span> <span class='ocrx_word' id='word_1_169' title='bbox 959 1397 970 1433; x_wconf 73' lang='lat'><em>3</em></span> <span class='ocrx_word' id='word_1_170' title='bbox 986 1376 1320 1437; x_wconf 80' lang='lat' dir='ltr'>exemplumque</span> <span class='ocrx_word' id='word_1_171' title='bbox 1342 1393 1459 1437; x_wconf 72' lang='lat' dir='ltr'>prae-</span> 
     </span>
    </p>
   </div>
   <div class='ocr_carea' id='block_1_10' title="bbox 74 1445 1462 1505">
    <p class='ocr_par' dir='ltr' id='par_1_10' title="bbox 74 1445 1462 1505">
     <span class='ocr_line' id='line_1_19' title="bbox 74 1445 1462 1505; baseline 0.001 -15"><span class='ocrx_word' id='word_1_172' title='bbox 74 1447 265 1490; x_wconf 86' lang='lat' dir='ltr'>buerunt</span> <span class='ocrx_word' id='word_1_173' title='bbox 289 1445 539 1490; x_wconf 86' lang='lat' dir='ltr'>hominibus</span> <span class='ocrx_word' id='word_1_174' title='bbox 568 1461 700 1505; x_wconf 82' lang='lat' dir='ltr'>quam</span> <span class='ocrx_word' id='word_1_175' title='bbox 732 1462 821 1490; x_wconf 85' lang='lat' dir='ltr'>non</span> <span class='ocrx_word' id='word_1_176' title='bbox 854 1445 1043 1490; x_wconf 87' lang='lat' dir='ltr'>debeant</span> <span class='ocrx_word' id='word_1_177' title='bbox 1069 1446 1267 1490; x_wconf 82' lang='lat' dir='ltr'>diffidere</span> <span class='ocrx_word' id='word_1_178' title='bbox 1302 1447 1462 1492; x_wconf 88' lang='lat' dir='ltr'>dimitti</span> 
     </span>
    </p>
   </div>
   <div class='ocr_carea' id='block_1_11' title="bbox 12 1508 1464 1644">
    <p class='ocr_par' dir='ltr' id='par_1_11' title="bbox 12 1508 1464 1644">
     <span class='ocr_line' id='line_1_20' title="bbox 12 1508 1464 1575; baseline 0 -15"><span class='ocrx_word' id='word_1_179' title='bbox 12 1508 15 1570; x_wconf 41' lang='lat' dir='ltr'>s</span> <span class='ocrx_word' id='word_1_180' title='bbox 74 1516 154 1560; x_wconf 89' lang='lat' dir='ltr'>sibi</span> <span class='ocrx_word' id='word_1_181' title='bbox 177 1515 496 1575; x_wconf 85' lang='lat' dir='ltr'>qualecumque</span> <span class='ocrx_word' id='word_1_182' title='bbox 511 1524 736 1574; x_wconf 85' lang='lat' dir='ltr'>peccatum</span> <span class='ocrx_word' id='word_1_183' title='bbox 752 1550 761 1564; x_wconf 78' lang='grc'>,</span> <span class='ocrx_word' id='word_1_184' title='bbox 779 1515 956 1575; x_wconf 84' lang='lat' dir='ltr'>quando</span> <span class='ocrx_word' id='word_1_185' title='bbox 973 1525 1015 1558; x_wconf 90' lang='grc' dir='ltr'>θῖ</span> <span class='ocrx_word' id='word_1_186' title='bbox 1036 1515 1279 1560; x_wconf 81' lang='lat' dir='ltr'>interfectio</span> <span class='ocrx_word' id='word_1_187' title='bbox 1300 1517 1464 1562; x_wconf 85' lang='lat' dir='ltr'>Christi</span> 
     </span>
     <span class='ocr_line' id='line_1_21' title="bbox 13 1585 1464 1644; baseline 0.002 -15"><span class='ocrx_word' id='word_1_188' title='bbox 13 1598 15 1638; x_wconf 59' lang='grc' dir='ltr'>ξ</span> <span class='ocrx_word' id='word_1_189' title='bbox 76 1586 246 1629; x_wconf 89' lang='lat' dir='ltr'>dimissa</span> <span class='ocrx_word' id='word_1_190' title='bbox 281 1594 344 1629; x_wconf 87' lang='lat' dir='ltr'>est</span> <span class='ocrx_word' id='word_1_191' title='bbox 366 1585 686 1629; x_wconf 82' lang='lat' dir='ltr'>confitentibus.</span> <span class='ocrx_word' id='word_1_192' title='bbox 718 1585 825 1629; x_wconf 86' lang='lat' dir='ltr'>Inde</span> <span class='ocrx_word' id='word_1_193' title='bbox 857 1601 960 1644; x_wconf 84' lang='lat' dir='ltr'>ergo</span> <span class='ocrx_word' id='word_1_194' title='bbox 990 1585 1157 1630; x_wconf 82' lang='lat' dir='ltr'>dictum</span> <span class='ocrx_word' id='word_1_195' title='bbox 1186 1596 1272 1641; x_wconf 85' lang='lat' dir='ltr'>est⁷</span> <span class='ocrx_word' id='word_1_196' title='bbox 1308 1607 1327 1628; x_wconf 83' lang='lat'>«</span> <span class='ocrx_word' id='word_1_197' title='bbox 1353 1588 1464 1640; x_wconf 86' lang='lat' dir='ltr'>Quia</span> 
     </span>
    </p>
   </div>
   <div class='ocr_carea' id='block_1_12' title="bbox 5 1655 1464 1716">
    <p class='ocr_par' dir='ltr' id='par_1_12' title="bbox 5 1655 1464 1716">
     <span class='ocr_line' id='line_1_22' title="bbox 5 1655 1464 1716; baseline 0.003 -20"><span class='ocrx_word' id='word_1_198' title='bbox 5 1668 15 1676; x_wconf 53' lang='lat'>‘¹</span> <span class='ocrx_word' id='word_1_199' title='bbox 80 1673 99 1696; x_wconf 90' lang='lat'>»</span> <span class='ocrx_word' id='word_1_200' title='bbox 125 1658 238 1699; x_wconf 90' lang='lat' dir='ltr'>Deus</span> <span class='ocrx_word' id='word_1_201' title='bbox 255 1664 477 1714; x_wconf 85' lang='lat' dir='ltr'>susceptor</span> <span class='ocrx_word' id='word_1_202' title='bbox 498 1670 620 1698; x_wconf 88' lang='lat' dir='ltr'>meus</span> <span class='ocrx_word' id='word_1_203' title='bbox 643 1670 685 1699; x_wconf 88' lang='lat' dir='ltr'>es</span> <span class='ocrx_word' id='word_1_204' title='bbox 706 1675 717 1712; x_wconf 78' lang='lat'><em>3</em></span> <span class='ocrx_word' id='word_1_205' title='bbox 745 1658 857 1699; x_wconf 87' lang='lat' dir='ltr'>Deus</span> <span class='ocrx_word' id='word_1_206' title='bbox 877 1670 997 1698; x_wconf 87' lang='lat' dir='ltr'>meus</span> <span class='ocrx_word' id='word_1_207' title='bbox 1013 1690 1023 1709; x_wconf 78' lang='lat'>‚</span> <span class='ocrx_word' id='word_1_208' title='bbox 1050 1655 1340 1700; x_wconf 83' lang='lat' dir='ltr'>misericordia</span> <span class='ocrx_word' id='word_1_209' title='bbox 1374 1658 1464 1716; x_wconf 80' lang='lat' dir='ltr'>ejus</span> 
     </span>
    </p>
   </div>
   <div class='ocr_carea' id='block_1_13' title="bbox 14 1725 1464 1785">
    <p class='ocr_par' dir='ltr' id='par_1_13' title="bbox 14 1725 1464 1785">
     <span class='ocr_line' id='line_1_23' title="bbox 14 1725 1464 1785; baseline 0.003 -19"><span class='ocrx_word' id='word_1_210' title='bbox 14 1773 16 1775; x_wconf 66' lang='lat'>‚</span> <span class='ocrx_word' id='word_1_211' title='bbox 80 1725 354 1785; x_wconf 78' lang='lat' dir='ltr'>»praeveniet</span> <span class='ocrx_word' id='word_1_212' title='bbox 375 1740 443 1769; x_wconf 92' lang='lat' dir='ltr'>me</span> <span class='ocrx_word' id='word_1_213' title='bbox 469 1744 478 1769; x_wconf 73' lang='grc' dir='ltr'>ε</span> <span class='ocrx_word' id='word_1_214' title='bbox 506 1743 526 1766; x_wconf 90' lang='lat'>»</span> <span class='ocrx_word' id='word_1_215' title='bbox 552 1725 636 1768; x_wconf 89' lang='lat' dir='ltr'>hoc</span> <span class='ocrx_word' id='word_1_216' title='bbox 653 1733 740 1779; x_wconf 85' lang='lat' dir='ltr'>est,</span> <span class='ocrx_word' id='word_1_217' title='bbox 768 1734 868 1769; x_wconf 86' lang='lat' dir='ltr'>ante</span> <span class='ocrx_word' id='word_1_218' title='bbox 890 1725 1035 1769; x_wconf 83' lang='lat' dir='ltr'>onmia</span> <span class='ocrx_word' id='word_1_219' title='bbox 1057 1726 1209 1770; x_wconf 86' lang='lat' dir='ltr'>merita</span> <span class='ocrx_word' id='word_1_220' title='bbox 1235 1742 1328 1770; x_wconf 84' lang='lat' dir='ltr'>mea</span> <span class='ocrx_word' id='word_1_221' title='bbox 1347 1727 1464 1771; x_wconf 79' lang='lat' dir='ltr'>bona</span> 
     </span>
    </p>
   </div>
   <div class='ocr_carea' id='block_1_14' title="bbox 77 1794 1462 1855">
    <p class='ocr_par' dir='ltr' id='par_1_14' title="bbox 77 1794 1462 1855">
     <span class='ocr_line' id='line_1_24' title="bbox 77 1794 1462 1855; baseline 0.001 -16"><span class='ocrx_word' id='word_1_222' title='bbox 77 1795 286 1855; x_wconf 84' lang='lat' dir='ltr'>praevenit</span> <span class='ocrx_word' id='word_1_223' title='bbox 316 1810 385 1839; x_wconf 91' lang='lat' dir='ltr'>me</span> <span class='ocrx_word' id='word_1_224' title='bbox 432 1794 721 1839; x_wconf 83' lang='lat' dir='ltr'>misericordia</span> <span class='ocrx_word' id='word_1_225' title='bbox 754 1794 907 1853; x_wconf 84' lang='lat' dir='ltr'>ipsius:</span> <span class='ocrx_word' id='word_1_226' title='bbox 944 1794 1022 1837; x_wconf 89' lang='lat' dir='ltr'>etsi</span> <span class='ocrx_word' id='word_1_227' title='bbox 1045 1795 1155 1838; x_wconf 88' lang='lat' dir='ltr'>nihil</span> <span class='ocrx_word' id='word_1_228' title='bbox 1181 1795 1226 1839; x_wconf 89' lang='lat' dir='ltr'>in</span> <span class='ocrx_word' id='word_1_229' title='bbox 1258 1812 1328 1839; x_wconf 87' lang='lat' dir='ltr'>me</span> <span class='ocrx_word' id='word_1_230' title='bbox 1356 1797 1462 1841; x_wconf 80' lang='lat' dir='ltr'>boni</span> 
     </span>
    </p>
   </div>
   <div class='ocr_carea' id='block_1_15' title="bbox 16 1864 1462 1924">
    <p class='ocr_par' dir='ltr' id='par_1_15' title="bbox 16 1864 1462 1924">
     <span class='ocr_line' id='line_1_25' title="bbox 16 1864 1462 1924; baseline 0.002 -16"><span class='ocrx_word' id='word_1_231' title='bbox 16 1888 17 1893; x_wconf 64' lang='lat'><em>=</em></span> <span class='ocrx_word' id='word_1_232' title='bbox 77 1865 291 1910; x_wconf 86' lang='lat' dir='ltr'>invenerit</span> <span class='ocrx_word' id='word_1_233' title='bbox 306 1900 318 1920; x_wconf 81' lang='grc'>,</span> <span class='ocrx_word' id='word_1_234' title='bbox 347 1866 436 1924; x_wconf 88' lang='lat' dir='ltr'>ipse</span> <span class='ocrx_word' id='word_1_235' title='bbox 458 1880 527 1908; x_wconf 92' lang='lat' dir='ltr'>me</span> <span class='ocrx_word' id='word_1_236' title='bbox 546 1864 647 1908; x_wconf 83' lang='lat' dir='ltr'>facit</span> <span class='ocrx_word' id='word_1_237' title='bbox 666 1865 830 1908; x_wconf 87' lang='lat' dir='ltr'>bonum</span> <span class='ocrx_word' id='word_1_238' title='bbox 845 1899 855 1918; x_wconf 81' lang='lat'><strong>‚</strong></span> <span class='ocrx_word' id='word_1_239' title='bbox 877 1873 919 1908; x_wconf 87' lang='lat' dir='ltr'>et</span> <span class='ocrx_word' id='word_1_240' title='bbox 941 1864 1031 1923; x_wconf 81' lang='lat' dir='ltr'>ipse</span> <span class='ocrx_word' id='word_1_241' title='bbox 1051 1865 1258 1923; x_wconf 74' lang='lat' dir='ltr'>justificat</span> <span class='ocrx_word' id='word_1_242' title='bbox 1277 1881 1462 1911; x_wconf 79' lang='lat' dir='ltr'>conver-</span> 
     </span>
    </p>
   </div>
   <div class='ocr_carea' id='block_1_16' title="bbox 21 2671 29 3251">
    <p class='ocr_par' dir='ltr' id='par_1_16' title="bbox 21 2671 29 3251">
     <span class='ocr_line' id='line_1_26' title="bbox 21 2671 29 3251; baseline 0 0"><span class='ocrx_word' id='word_1_243' title='bbox 21 2671 29 3251; x_wconf 95' lang='lat' dir='ltr'> </span> 
     </span>
    </p>
   </div>
   <div class='ocr_carea' id='block_1_17' title="bbox 79 1935 1465 2344">
    <p class='ocr_par' dir='ltr' id='par_1_17' title="bbox 79 1935 1465 2344">
     <span class='ocr_line' id='line_1_27' title="bbox 79 1935 1460 1994; baseline 0.002 -16"><span class='ocrx_word' id='word_1_244' title='bbox 79 1949 189 1989; x_wconf 84' lang='lat' dir='ltr'>sum,</span> <span class='ocrx_word' id='word_1_245' title='bbox 210 1935 354 1994; x_wconf 86' lang='lat' dir='ltr'>etipse</span> <span class='ocrx_word' id='word_1_246' title='bbox 368 1935 574 1978; x_wconf 85' lang='lat' dir='ltr'>admonet</span> <span class='ocrx_word' id='word_1_247' title='bbox 592 1943 642 1977; x_wconf 88' lang='lat' dir='ltr'>ut</span> <span class='ocrx_word' id='word_1_248' title='bbox 661 1943 938 1978; x_wconf 86' lang='lat' dir='ltr'>convertatur</span> <span class='ocrx_word' id='word_1_249' title='bbox 953 1949 1138 1977; x_wconf 84' lang='lat' dir='ltr'>aversus.</span> <span class='ocrx_word' id='word_1_250' title='bbox 1163 1953 1182 1976; x_wconf 89' lang='lat'>«</span> <span class='ocrx_word' id='word_1_251' title='bbox 1208 1938 1320 1979; x_wconf 89' lang='lat' dir='ltr'>Deus</span> <span class='ocrx_word' id='word_1_252' title='bbox 1340 1953 1460 1982; x_wconf 85' lang='lat' dir='ltr'>meus</span> 
     </span>
     <span class='ocr_line' id='line_1_28' title="bbox 82 2003 1463 2064; baseline 0.004 -18"><span class='ocrx_word' id='word_1_253' title='bbox 82 2023 101 2046; x_wconf 89' lang='lat'>»</span> <span class='ocrx_word' id='word_1_254' title='bbox 124 2005 266 2064; x_wconf 86' lang='lat' dir='ltr'>inquit</span> <span class='ocrx_word' id='word_1_255' title='bbox 287 2004 445 2048; x_wconf 88' lang='lat' dir='ltr'>iterum</span> <span class='ocrx_word' id='word_1_256' title='bbox 461 2039 471 2059; x_wconf 89' lang='lat'>‚</span> <span class='ocrx_word' id='word_1_257' title='bbox 489 2003 800 2048; x_wconf 85' lang='lat' dir='ltr'>demonstravit</span> <span class='ocrx_word' id='word_1_258' title='bbox 819 2004 925 2047; x_wconf 87' lang='lat' dir='ltr'>mihi</span> <span class='ocrx_word' id='word_1_259' title='bbox 947 2004 991 2046; x_wconf 90' lang='lat' dir='ltr'>in</span> <span class='ocrx_word' id='word_1_260' title='bbox 1012 2004 1196 2048; x_wconf 89' lang='lat' dir='ltr'>inimicis</span> <span class='ocrx_word' id='word_1_261' title='bbox 1214 2006 1318 2050; x_wconf 88' lang='lat' dir='ltr'>meis</span> <span class='ocrx_word' id='word_1_262' title='bbox 1341 2026 1349 2051; x_wconf 90' lang='lat'>:</span> <span class='ocrx_word' id='word_1_263' title='bbox 1369 2026 1388 2048; x_wconf 75' lang='lat'>&gt;›</span> <span class='ocrx_word' id='word_1_264' title='bbox 1417 2008 1463 2051; x_wconf 86' lang='lat' dir='ltr'>id</span> 
     </span>
     <span class='ocr_line' id='line_1_29' title="bbox 81 2073 1463 2134; baseline 0.003 -16"><span class='ocrx_word' id='word_1_265' title='bbox 81 2083 169 2129; x_wconf 87' lang='lat' dir='ltr'>est,</span> <span class='ocrx_word' id='word_1_266' title='bbox 195 2083 409 2134; x_wconf 80' lang='lat' dir='ltr'>quantum</span> <span class='ocrx_word' id='word_1_267' title='bbox 432 2089 500 2117; x_wconf 91' lang='lat' dir='ltr'>me</span> <span class='ocrx_word' id='word_1_268' title='bbox 532 2073 706 2133; x_wconf 77' lang='lat' dir='ltr'>diligat,</span> <span class='ocrx_word' id='word_1_269' title='bbox 731 2083 1034 2134; x_wconf 84' lang='lat' dir='ltr'>quantumque</span> <span class='ocrx_word' id='word_1_270' title='bbox 1055 2074 1161 2118; x_wconf 90' lang='lat' dir='ltr'>mihi</span> <span class='ocrx_word' id='word_1_271' title='bbox 1183 2074 1391 2134; x_wconf 80' lang='lat' dir='ltr'>largiatur</span> <span class='ocrx_word' id='word_1_272' title='bbox 1408 2078 1463 2123; x_wconf 87' lang='lat' dir='ltr'>de</span> 
     </span>
     <span class='ocr_line' id='line_1_30' title="bbox 82 2144 1465 2203; baseline 0.003 -15"><span class='ocrx_word' id='word_1_273' title='bbox 82 2145 275 2189; x_wconf 84' lang='lat' dir='ltr'>bonitate</span> <span class='ocrx_word' id='word_1_274' title='bbox 295 2160 392 2199; x_wconf 86' lang='lat' dir='ltr'>sua,</span> <span class='ocrx_word' id='word_1_275' title='bbox 419 2160 469 2188; x_wconf 82' lang='lat' dir='ltr'>ex</span> <span class='ocrx_word' id='word_1_276' title='bbox 493 2144 815 2203; x_wconf 87' lang='lat' dir='ltr'>comparatione</span> <span class='ocrx_word' id='word_1_277' title='bbox 839 2144 1114 2188; x_wconf 85' lang='lat' dir='ltr'>inimicorum</span> <span class='ocrx_word' id='word_1_278' title='bbox 1138 2160 1334 2190; x_wconf 85' lang='lat' dir='ltr'>meorum</span> <span class='ocrx_word' id='word_1_279' title='bbox 1357 2149 1465 2192; x_wconf 88' lang='lat' dir='ltr'>mihi</span> 
     </span>
     <span class='ocr_line' id='line_1_31' title="bbox 83 2214 1463 2274; baseline 0.004 -15"><span class='ocrx_word' id='word_1_280' title='bbox 83 2214 296 2265; x_wconf 83' lang='lat' dir='ltr'>ostendit3</span> <span class='ocrx_word' id='word_1_281' title='bbox 321 2214 424 2274; x_wconf 85' lang='lat' dir='ltr'>quia</span> <span class='ocrx_word' id='word_1_282' title='bbox 453 2229 553 2258; x_wconf 88' lang='lat' dir='ltr'>cum</span> <span class='ocrx_word' id='word_1_283' title='bbox 586 2214 671 2258; x_wconf 87' lang='lat' dir='ltr'>sint</span> <span class='ocrx_word' id='word_1_284' title='bbox 697 2228 747 2257; x_wconf 83' lang='lat' dir='ltr'>ex</span> <span class='ocrx_word' id='word_1_285' title='bbox 776 2229 861 2257; x_wconf 84' lang='lat' dir='ltr'>una</span> <span class='ocrx_word' id='word_1_286' title='bbox 884 2229 1020 2258; x_wconf 83' lang='lat' dir='ltr'>massa</span> <span class='ocrx_word' id='word_1_287' title='bbox 1055 2230 1154 2259; x_wconf 84' lang='lat' dir='ltr'>vasa</span> <span class='ocrx_word' id='word_1_288' title='bbox 1183 2215 1258 2259; x_wconf 82' lang='lat' dir='ltr'>irae</span> <span class='ocrx_word' id='word_1_289' title='bbox 1291 2226 1334 2261; x_wconf 85' lang='lat' dir='ltr'>et</span> <span class='ocrx_word' id='word_1_290' title='bbox 1363 2234 1463 2264; x_wconf 85' lang='lat' dir='ltr'>vasa</span> 
     </span>
     <span class='ocr_line' id='line_1_32' title="bbox 82 2284 1463 2344; baseline 0.004 -16"><span class='ocrx_word' id='word_1_291' title='bbox 82 2284 438 2340; x_wconf 80' lang='lat' dir='ltr'>misericordiae2,</span> <span class='ocrx_word' id='word_1_292' title='bbox 463 2300 541 2344; x_wconf 84' lang='lat' dir='ltr'>per</span> <span class='ocrx_word' id='word_1_293' title='bbox 573 2300 672 2329; x_wconf 87' lang='lat' dir='ltr'>vasa</span> <span class='ocrx_word' id='word_1_294' title='bbox 703 2285 777 2328; x_wconf 80' lang='lat' dir='ltr'>irae</span> <span class='ocrx_word' id='word_1_295' title='bbox 812 2284 985 2329; x_wconf 88' lang='lat' dir='ltr'>discunt</span> <span class='ocrx_word' id='word_1_296' title='bbox 1023 2301 1121 2329; x_wconf 85' lang='lat' dir='ltr'>vasa</span> <span class='ocrx_word' id='word_1_297' title='bbox 1158 2287 1463 2333; x_wconf 58' lang='lat' dir='ltr'>misericordiae</span> 
     </span>
    </p>
   </div>
   <div class='ocr_carea' id='block_1_18' title="bbox 67 2354 1464 2415">
    <p class='ocr_par' dir='ltr' id='par_1_18' title="bbox 67 2354 1464 2415">
     <span class='ocr_line' id='line_1_33' title="bbox 67 2354 1464 2415; baseline 0.005 -17"><span class='ocrx_word' id='word_1_298' title='bbox 67 2364 295 2415; x_wconf 80' lang='lat' dir='ltr'>quantum</span> <span class='ocrx_word' id='word_1_299' title='bbox 314 2354 396 2399; x_wconf 89' lang='lat' dir='ltr'>illis</span> <span class='ocrx_word' id='word_1_300' title='bbox 416 2358 528 2400; x_wconf 88' lang='lat' dir='ltr'>Deus</span> <span class='ocrx_word' id='word_1_301' title='bbox 550 2355 759 2414; x_wconf 84' lang='lat' dir='ltr'>largiatur</span> <span class='ocrx_word' id='word_1_302' title='bbox 777 2355 896 2399; x_wconf 89' lang='lat' dir='ltr'>boni.</span> <span class='ocrx_word' id='word_1_303' title='bbox 920 2358 975 2398; x_wconf 89' lang='lat' dir='ltr'>Et</span> <span class='ocrx_word' id='word_1_304' title='bbox 1004 2355 1187 2411; x_wconf 81' lang='lat' dir='ltr'>deinde,</span> <span class='ocrx_word' id='word_1_305' title='bbox 1217 2376 1236 2398; x_wconf 90' lang='lat'>«</span> <span class='ocrx_word' id='word_1_306' title='bbox 1261 2360 1325 2403; x_wconf 90' lang='lat' dir='ltr'>Ne</span> <span class='ocrx_word' id='word_1_307' title='bbox 1347 2361 1464 2404; x_wconf 90' lang='lat' dir='ltr'>occi-</span> 
     </span>
    </p>
   </div>
   <div class='ocr_carea' id='block_1_19' title="bbox 86 2425 1465 2558">
    <p class='ocr_par' dir='ltr' id='par_1_19' title="bbox 86 2425 1465 2558">
     <span class='ocr_line' id='line_1_34' title="bbox 87 2425 1463 2486; baseline 0.006 -20"><span class='ocrx_word' id='word_1_308' title='bbox 87 2442 108 2466; x_wconf 89' lang='lat'>»</span> <span class='ocrx_word' id='word_1_309' title='bbox 131 2425 243 2470; x_wconf 87' lang='lat' dir='ltr'>deris</span> <span class='ocrx_word' id='word_1_310' title='bbox 267 2441 365 2479; x_wconf 85' lang='lat' dir='ltr'>eos,</span> <span class='ocrx_word' id='word_1_311' title='bbox 399 2441 453 2469; x_wconf 93' lang='lat' dir='ltr'>ne</span> <span class='ocrx_word' id='word_1_312' title='bbox 484 2425 660 2486; x_wconf 88' lang='lat' dir='ltr'>quando</span> <span class='ocrx_word' id='word_1_313' title='bbox 693 2425 1003 2470; x_wconf 83' lang='lat' dir='ltr'>obliviscantur</span> <span class='ocrx_word' id='word_1_314' title='bbox 1033 2425 1138 2483; x_wconf 85' lang='lat' dir='ltr'>legis</span> <span class='ocrx_word' id='word_1_315' title='bbox 1170 2436 1257 2471; x_wconf 77' lang='lat' dir='ltr'>tuae</span> <span class='ocrx_word' id='word_1_316' title='bbox 1282 2445 1293 2472; x_wconf 91' lang='grc'>.·</span> <span class='ocrx_word' id='word_1_317' title='bbox 1328 2448 1347 2471; x_wconf 86' lang='lat'>»</span> <span class='ocrx_word' id='word_1_318' title='bbox 1379 2432 1463 2476; x_wconf 87' lang='lat' dir='ltr'>hoc</span> 
     </span>
     <span class='ocr_line' id='line_1_35' title="bbox 86 2494 1465 2558; baseline 0.006 -20"><span class='ocrx_word' id='word_1_319' title='bbox 86 2494 248 2540; x_wconf 85' lang='lat' dir='ltr'>dictum</span> <span class='ocrx_word' id='word_1_320' title='bbox 267 2504 331 2540; x_wconf 87' lang='lat' dir='ltr'>est</span> <span class='ocrx_word' id='word_1_321' title='bbox 347 2494 401 2539; x_wconf 87' lang='lat' dir='ltr'>de</span> <span class='ocrx_word' id='word_1_322' title='bbox 422 2498 446 2539; x_wconf 88' lang='lat' dir='ltr'>J</span> <span class='ocrx_word' id='word_1_323' title='bbox 451 2495 599 2540; x_wconf 87' lang='lat' dir='ltr'>udaeis.</span> <span class='ocrx_word' id='word_1_324' title='bbox 623 2496 706 2540; x_wconf 91' lang='lat' dir='ltr'>Sed</span> <span class='ocrx_word' id='word_1_325' title='bbox 720 2495 827 2555; x_wconf 86' lang='lat' dir='ltr'>quid</span> <span class='ocrx_word' id='word_1_326' title='bbox 843 2495 925 2539; x_wconf 90' lang='lat' dir='ltr'>illis</span> <span class='ocrx_word' id='word_1_327' title='bbox 949 2495 1105 2540; x_wconf 75' lang='lat' dir='ltr'>facies?</span> <span class='ocrx_word' id='word_1_328' title='bbox 1131 2516 1150 2539; x_wconf 92' lang='lat'>«</span> <span class='ocrx_word' id='word_1_329' title='bbox 1176 2498 1377 2558; x_wconf 81' lang='lat' dir='ltr'>Disperge</span> <span class='ocrx_word' id='word_1_330' title='bbox 1394 2516 1465 2546; x_wconf 85' lang='lat' dir='ltr'>eos</span> 
     </span>
    </p>
   </div>
   <div class='ocr_carea' id='block_1_20' title="bbox 134 2578 1305 2675">
    <p class='ocr_par' dir='ltr' id='par_1_20' title="bbox 134 2578 1305 2675">
     <span class='ocr_line' id='line_1_36' title="bbox 134 2578 847 2621; baseline -0.003 -9"><span class='ocrx_word' id='word_1_331' title='bbox 134 2586 141 2602; x_wconf 91' lang='lat'><strong>¹</strong></span> <span class='ocrx_word' id='word_1_332' title='bbox 164 2582 254 2612; x_wconf 79' lang='lat' dir='ltr'>Matt.</span> <span class='ocrx_word' id='word_1_333' title='bbox 274 2591 363 2621; x_wconf 84' lang='lat' dir='ltr'>xxm,</span> <span class='ocrx_word' id='word_1_334' title='bbox 381 2580 436 2621; x_wconf 83' lang='lat'>23,</span> <span class='ocrx_word' id='word_1_335' title='bbox 457 2578 510 2621; x_wconf 64' lang='lat'>24.</span> <span class='ocrx_word' id='word_1_336' title='bbox 533 2595 573 2602; x_wconf 87' lang='lat'>—-</span> <span class='ocrx_word' id='word_1_337' title='bbox 590 2585 602 2602; x_wconf 88' lang='lat'>²</span> <span class='ocrx_word' id='word_1_338' title='bbox 622 2581 712 2612; x_wconf 79' lang='lat' dir='ltr'>Rom.</span> <span class='ocrx_word' id='word_1_339' title='bbox 733 2589 778 2621; x_wconf 81' lang='lat' dir='ltr'>lx,</span> <span class='ocrx_word' id='word_1_340' title='bbox 794 2589 847 2611; x_wconf 82' lang='lat'>21.</span> 
     </span>
     <span class='ocr_line' id='line_1_37' title="bbox 275 2637 1305 2675; baseline 0.003 -3"><span class='ocrx_word' id='word_1_341' title='bbox 275 2643 395 2672; x_wconf 79' lang='lat' dir='ltr'>cxvi.</span> <span class='ocrx_word' id='word_1_342' title='bbox 1282 2637 1305 2675; x_wconf 87' lang='grc'>6</span> 
     </span>
    </p>
   </div>
  </div>
 </body>
</html>
