1889 3285
477 230 716 259 mnam-10
748 233 790 260 nv
827 232 1025 261 PsALMUM
1058 235 1187 261 Lxxv.
1411 226 1492 264 5⁶25

113 295 334 356 proposito
356 288 473 340 bono
508 314 516 339 :
542 298 599 339 Et
621 295 714 339 talis
736 297 798 340 vis
820 312 929 351 esse,
967 296 1105 356 qualis
1136 296 1233 341 illc?
1256 297 1494 358 Objicimus

112 366 198 410 illis
220 365 432 426 quosdam
453 365 527 425 qui
551 375 666 409 retro
684 376 975 425 respexerunt.
999 367 1070 410 Illi
1092 365 1199 410 fatui
1221 377 1321 411 sunt
1351 369 1396 411 in
1424 384 1491 423 se,

114 435 191 481 sed
213 435 317 480 alios
338 433 550 479 condiunt
565 469 577 489 ‚
602 436 778 494 quando
800 446 1196 480 commemorantur
1213 471 1224 492 ,
1254 446 1304 480 ut
1320 437 1496 482 illorum

115 504 362 564 exemplum
384 504 584 548 timentes
605 504 675 548 isti
695 514 808 549 retro
831 520 920 549 non
947 505 1188 564 respiciant.
1225 525 1246 548 «
1269 508 1433 551 Vovete
1454 517 1498 552 et

119 596 136 619 »
171 575 339 620 reddite
365 575 549 620 Domino
582 578 672 620 Deo
706 585 868 620 nostro.
897 595 917 617 »
950 576 1060 629 Quia
1085 576 1159 621 issa
1189 592 1295 621 uxor
1328 581 1409 623 Lot
1443 579 1498 623 ad

51 703 55 706 .
115 661 264 698 omnes
287 645 488 705 pertinet.
509 646 712 689 Maritata
734 646 890 690 mulier
903 646 1042 691 voluit
1062 647 1204 691 facere
1220 646 1495 703 adulterium,

114 717 281 763 deloco
304 732 381 761 suo
400 732 488 776 quo
508 727 765 776 pervenerat
784 727 898 762 retro
920 718 1118 777 respexit.
1142 718 1283 762 Vidua
1296 735 1393 778 quae
1410 720 1500 778 jam

114 788 174 832 sic
203 802 457 847 premanere
480 796 656 831 voverat
671 823 682 842 ‚
711 787 850 832 voluit
872 788 1039 832 nubere
1054 823 1065 843 ,
1101 789 1184 833 hoc
1207 787 1347 833 voluit
1381 788 1501 849 quod

113 857 239 902 licuit
257 858 297 901 ei
320 873 418 918 quae
443 856 589 916 nupsit
606 878 617 914 3
633 856 708 901 sed
729 857 792 901 illi
809 873 898 902 non
926 857 1050 902 licuit
1065 893 1075 913 ‚
1095 859 1196 918 quia
1217 858 1271 902 de
1299 858 1396 904 loco
1423 874 1501 904 suo

115 938 232 973 retro
267 928 464 988 respexit.
485 929 617 986 Virgo
651 938 715 973 est
747 928 1076 984 castimonialis,
1096 930 1186 989 jam
1215 929 1356 973 dicata
1387 933 1499 987 De03

116 999 309 1044 habebat
349 1008 393 1042 et
426 1007 608 1053 caetera,
654 1015 753 1058 quae
777 1014 877 1043 vere
912 1008 1070 1043 ornant
1108 999 1244 1059 ipsam
1280 1000 1501 1057 virginita-

118 1078 237 1123 tem,
277 1078 320 1112 et
355 1068 446 1112 sine
481 1068 640 1128 quibus
673 1068 746 1112 illa
777 1069 1000 1127 virginitas
1036 1069 1174 1128 turpis
1208 1078 1284 1112 est.
1322 1069 1435 1121 Quid
1470 1069 1504 1113 si

119 1139 234 1183 enim
267 1139 321 1183 sit
354 1154 534 1197 corpore
567 1138 734 1197 integra
752 1174 762 1193 ,
788 1148 832 1183 et
867 1148 1012 1183 mente
1033 1141 1272 1198 corrupta?
1307 1139 1419 1192 Quid
1441 1148 1504 1183 est

119 1209 240 1270 quod
261 1209 376 1254 dixi?
409 1207 525 1262 Quid
557 1209 591 1252 si
616 1208 762 1252 nullus
795 1209 986 1267 tetigerit
1013 1225 1190 1269 corpus,
1225 1208 1300 1253 sed
1332 1210 1364 1253 si
1392 1207 1504 1252 forte

119 1281 286 1325 ebriosa
307 1280 386 1335 sit,
412 1279 599 1339 superba
633 1280 708 1335 sit,
745 1280 927 1338 iitigiosa
952 1281 1029 1334 sit,
1061 1280 1259 1339 linguosa
1294 1281 1377 1324 sit?
1402 1283 1504 1324 Haec

119 1351 265 1395 omnia
287 1349 465 1394 damnat
486 1353 615 1394 Deus.
640 1349 681 1393 Si
699 1359 932 1409 antequam
952 1350 1135 1393 vovisset
1156 1350 1394 1408 nupsisset,
1416 1365 1505 1393 non

120 1422 401 1466 damnaretur
428 1440 436 1465 :
463 1420 593 1478 elegit
614 1419 779 1480 aliquid
804 1420 957 1464 melius
973 1456 982 1474 ‚
1009 1421 1226 1479 superavit
1248 1420 1368 1479 quod
1390 1420 1429 1463 ei
1449 1419 1506 1463 ii-

119 1492 270 1549 cebat3
301 1491 498 1551 superbit
518 1526 528 1545 ‚
563 1500 604 1534 et
632 1490 782 1534 illicita
812 1500 930 1534 tanta
967 1491 1210 1534 committit.
1255 1494 1347 1534 Hoc
1380 1491 1503 1543 dico,

118 1562 294 1608 Nubere
315 1560 418 1604 licet
440 1569 675 1618 antequam
690 1569 865 1612 voveat,
889 1560 1112 1616 superbire
1138 1575 1364 1620 nunquam
1386 1559 1505 1604 licet.

121 1633 158 1676 Ο
178 1640 227 1675 tu
250 1630 372 1688 virgo
390 1629 484 1683 Dei,
510 1628 677 1671 nubere
699 1627 901 1681 noluisti,
938 1627 1178 1687 quodlicet
1204 1648 1212 1672 2
1245 1627 1413 1672 extoliis
1435 1638 1476 1672 te
1493 1664 1504 1683 ,

119 1701 241 1763 quod
257 1716 347 1745 non
361 1699 477 1743 licet.
505 1697 659 1743 Melior
688 1698 808 1755 virgo
832 1698 1004 1741 humilis
1022 1733 1032 1753 ‚
1051 1714 1183 1758 quam
1205 1699 1403 1743 maritata
1422 1700 1508 1742 hu-

122 1771 257 1829 milis;
281 1770 355 1814 sed
378 1768 529 1826 melior
555 1768 753 1812 maritata
775 1767 950 1811 humilis
968 1803 978 1822 ‚
1005 1783 1137 1827 quam
1163 1768 1283 1825 virgo
1301 1769 1503 1827 superba.

125 1844 234 1895 Quae
249 1849 395 1885 autem
412 1838 596 1898 respexit
609 1837 664 1881 ad
682 1838 851 1896 nuptias
869 1873 879 1892 ‚
916 1853 1006 1882 non
1028 1838 1129 1898 quia
1156 1837 1294 1882 voluit
1316 1839 1479 1882 nubere
1495 1873 1506 1893 ‚

125 1911 356 1955 damnatur
376 1928 384 1953 z
418 1908 493 1952 sed
521 1908 623 1967 quia
640 1909 730 1967 jam
747 1916 1054 1961 antecesserat,
1073 1918 1116 1951 et
1136 1908 1185 1951 fit
1201 1924 1310 1951 uxor
1330 1911 1412 1952 Lot
1427 1923 1512 1952 res-

125 1979 328 2041 piciendo
352 1988 602 2023 retrorsum.
634 1980 732 2023 Non
763 1978 852 2021 sitis
874 1977 981 2036 pigri
1011 1977 1086 2038 qui
1123 1978 1298 2036 potestis
1317 2013 1327 2032 ,
1352 1978 1510 2038 quibus

126 2052 283 2111 aspirat
315 2054 429 2095 Deus
472 2048 796 2109 apprehendere
816 2048 973 2107 gradus
1011 2048 1207 2092 meliores
1241 2068 1249 2093 :
1292 2049 1393 2108 quia
1422 2064 1512 2093 non

128 2123 208 2167 ista
238 2121 337 2166 ideo
375 2121 598 2181 loquimur
620 2155 631 2174 ‚
666 2128 716 2163 ut
752 2135 841 2163 non
878 2119 1092 2173 voveatis,
1132 2119 1207 2163 scd
1239 2129 1287 2163 ut
1324 2120 1512 2164 voveatis

129 2202 174 2236 et
199 2191 387 2236 reddatis
414 2210 423 2235 ε
451 2210 471 2233 ‹<
493 2192 658 2234 Vovetc
687 2198 729 2233 et
761 2188 928 2232 reddite
964 2188 1147 2233 Domino
1180 2192 1270 2233 Deo
1299 2199 1460 2233 nostro.
1491 2208 1510 2230 »

130 2265 227 2306 Jam
245 2262 347 2322 quia
368 2261 446 2305 ista
460 2260 760 2314 tractavimus,
785 2259 896 2303 forte
914 2258 1087 2302 volebas
1114 2274 1270 2302 vovere
1285 2294 1296 2313 ,
1319 2268 1362 2302 et
1384 2258 1514 2303 modo

130 2348 220 2376 non
241 2332 304 2376 vis
338 2347 508 2375 vovere.
535 2330 619 2375 Sed
643 2328 751 2389 quid
773 2329 852 2372 tibi
888 2328 1043 2372 dixerit
1075 2328 1293 2382 psalmus,
1320 2328 1510 2372 attende.

85 2451 93 2457 ,
131 2405 229 2448 Non
247 2401 372 2456 dixit,
386 2401 528 2446 Nolite
540 2399 826 2457 vovere3sed,
848 2418 864 2438 «
884 2401 1064 2453 Vovete,
1082 2408 1126 2442 et
1147 2398 1346 2442 Reddite.
1370 2420 1386 2440 »
1406 2399 1517 2452 Quia

135 2473 291 2516 audisti
306 2507 318 2527 ‚
347 2492 367 2513 «
394 2470 560 2514 reddite
573 2506 583 2526 ‚
605 2492 622 2511 »
640 2485 729 2514 non
743 2470 804 2514 vis
825 2470 1007 2513 vovere?
1023 2471 1138 2528 Ergo
1150 2484 1306 2514 vovere
1322 2467 1514 2524 volebas,

137 2553 182 2588 et
204 2559 292 2588 non
323 2541 531 2586 reddere?
554 2544 647 2586 imo
669 2551 904 2601 utrumque
928 2538 1008 2585 fac.
1043 2543 1187 2585 Unum
1209 2540 1262 2585 sit
1280 2556 1328 2584 ex
1352 2538 1517 2600 profes-
