1889 3285
404 247 427 287 4
834 258 868 284 s·
904 254 1132 283 AUGUSTINI
1164 255 1344 284 Eplscorl

403 325 482 381 ait3
507 344 523 365 «
541 325 750 383 Illa-iorem
772 323 853 366 hac
875 322 1127 367 charitatem
1151 339 1278 366 nemo
1294 322 1425 366 habet
1440 356 1450 375 ‚
1479 336 1610 381 quam
1624 329 1674 364 ut
1695 318 1789 363 ani-

404 413 424 436 »
450 411 564 438 niam
596 410 715 438 suam
742 394 837 453 quis
870 401 1003 452 ponat
1034 408 1112 451 pro
1146 393 1291 436 amicis
1324 392 1450 435 suisl.
1479 410 1498 432 n
1544 391 1665 434 Fecit
1698 389 1788 448 ipsc

401 464 522 524 quod
544 464 694 508 docuit
711 499 721 517 ‚
748 463 943 506 fecerunt
960 461 1157 520 Apostoli
1178 461 1299 522 quod
1327 462 1381 505 al)
1404 460 1480 505 illo
1509 459 1785 513 didicerunt,

401 545 444 579 et
465 535 591 579 nobis
610 533 859 578 faciendum
880 533 1239 593 praedicaverunt.
1264 533 1489 576 Faciamus
1507 541 1550 575 et
1567 547 1667 589 nos3
1687 530 1790 590 quia

402 606 482 649 etsi
505 622 593 650 non
614 620 761 649 sumus
779 603 899 664 quod
929 603 1000 647 ille
1026 604 1267 647 secundum
1289 603 1335 646 id
1356 603 1476 663 quod
1498 602 1657 646 creavit
1686 616 1786 655 nos,

400 676 520 735 quod
542 675 615 719 ille
637 684 781 719 tamen
807 689 953 718 sumus
973 673 1213 718 secundum
1232 673 1277 717 id
1292 672 1411 733 quod
1429 672 1567 717 sactus
1584 680 1646 716 est
1662 686 1792 731 prop-

399 754 466 790 ter
490 761 581 790 nos.
608 748 664 789 Et
685 744 720 788 si
745 743 860 788 solus
877 743 1047 787 fecisset
1062 778 1072 798 ,
1099 742 1210 787 forte
1231 758 1359 787 nemo
1383 752 1579 787 nostrum
1612 741 1792 785 deberet

399 814 560 860 audere
581 813 735 858 imitari
754 835 765 871 3
790 815 846 857 ita
861 813 977 857 enim
994 813 1065 857 ille
1086 814 1219 858 homo
1237 823 1353 869 erat,
1379 823 1429 858 ut
1451 823 1493 857 et
1512 817 1628 858 Deus
1649 821 1758 856 esset
1778 831 1787 857 :

399 884 475 930 sed
499 885 545 928 in
563 900 613 928 eo
636 884 756 943 quod
785 884 916 927 homo
939 892 1054 938 erat,
1082 883 1239 927 imitati
1267 893 1368 928 sunt
1391 884 1501 928 servi
1525 882 1758 927 Dominum
1776 916 1787 938 ‚

401 964 445 999 et
468 953 669 1013 discipuli
686 953 970 1012 Magistrum3
996 963 1039 997 et
1059 952 1257 997 fecerunt
1279 955 1355 1013 qui
1379 969 1455 998 nos
1478 960 1794 1013 praecesserunt

401 1025 449 1069 in
471 1023 633 1068 familia
657 1024 814 1083 ipsius,
840 1032 982 1082 patres
1012 1023 1191 1083 quidem
1216 1024 1375 1079 nostri,
1407 1023 1482 1067 sed
1516 1032 1660 1066 tamen
1687 1037 1792 1067 con-

403 1095 513 1140 servi
532 1094 665 1138 nostri
693 1113 700 1138 2
727 1109 869 1154 neque
893 1094 1124 1153 imperaret
1141 1095 1223 1138 hoc
1247 1097 1360 1138 Deus
1385 1103 1434 1137 ut
1469 1093 1732 1149 faceremus,
1758 1093 1793 1137 si

400 1165 897 1226 impossibilejudicaret
913 1200 923 1220 ,
958 1173 1007 1208 ut
1030 1166 1112 1209 hoc
1135 1165 1188 1209 ab
1213 1165 1389 1209 homine
1413 1165 1550 1209 fieret.
1580 1164 1664 1209 Sed
1686 1180 1792 1209 con-

402 1237 595 1281 siderans
624 1237 920 1280 infirmitatem
949 1245 1067 1279 tuam
1082 1271 1092 1291 ‚
1119 1234 1265 1279 deficis
1288 1237 1369 1279 suh
1390 1237 1639 1295 praecepto?
1672 1237 1791 1280 Con-

402 1304 562 1352 fortare
593 1308 637 1350 in
660 1306 872 1366 exemplo.
906 1306 990 1350 Sed
1015 1307 1144 1350 etiam
1181 1306 1429 1366 exemplum
1453 1306 1507 1350 ad
1538 1316 1578 1350 te
1599 1306 1790 1350 multum

402 1382 494 1423 est?
517 1379 637 1422 adest
658 1377 731 1422 ille
754 1378 828 1438 qui
851 1377 1040 1437 praebuit
1062 1377 1331 1437 exemplum,
1358 1388 1406 1422 ut
1428 1379 1623 1437 praebeat
1645 1388 1687 1422 et
1716 1394 1795 1422 au—

402 1450 572 1494 xilium.
590 1449 831 1494 Audiamus
853 1464 956 1508 ergo
978 1449 1117 1494 inisto
1133 1449 1302 1493 Psalmo
1316 1469 1324 1494 z
1340 1460 1586 1510 opportune
1601 1465 1793 1510 namque

403 1521 581 1575 accidit,
605 1529 648 1564 et
664 1519 736 1564 illo
760 1529 1019 1579 procurante
1036 1555 1046 1574 ⁷
1068 1529 1118 1563 ut
1140 1520 1176 1563 ei
1193 1530 1450 1564 consonaret
1472 1520 1756 1578 Evangelium
1777 1556 1788 1577 ‚

402 1590 713 1636 commendans
729 1591 854 1635 nobis
876 1590 1155 1635 dilectionem
1168 1591 1326 1635 Christi
1345 1626 1355 1646 ⁷
1372 1592 1447 1651 qui
1467 1592 1654 1635 animam
1672 1607 1794 1636 suam

402 1663 548 1724 posuit
565 1678 642 1722 pio
666 1662 818 1717 nobis,
845 1671 895 1706 ut
917 1671 959 1706 et
976 1678 1052 1706 nos
1071 1662 1257 1705 animam
1281 1671 1470 1706 nostram
1490 1652 1794 1721 pro-fratribus

402 1736 665 1794 ponamus&
706 1731 999 1777 Concordavit
1033 1741 1076 1775 et
1107 1732 1339 1776 consonuit
1374 1733 1476 1776 huic
1516 1732 1713 1787 Psalmo,
1745 1742 1796 1777 ut

401 1803 626 1849 videamus
662 1802 884 1863 quomodo
917 1802 1005 1861 ipse
1028 1802 1238 1846 Dominus
1273 1812 1418 1846 noster
1453 1804 1640 1846 animam
1672 1819 1796 1847 suam

403 1877 548 1935 posuit
569 1889 647 1934 pro
669 1873 808 1917 nobis.
836 1872 1030 1916 Psalmus
1049 1873 1164 1916 enim
1180 1874 1257 1917 iste
1280 1873 1517 1930 passionem
1535 1874 1667 1934 ipsius
1689 1890 1796 1918 can-

401 1954 480 1990 tat.
509 1948 565 1988 Et
590 1943 796 2004 quoniam
817 1951 934 1986 totus
957 1943 1153 1987 Christus
1178 1953 1311 2002 caput
1330 1953 1393 1988 est
1411 1954 1454 1988 et
1471 1960 1651 2004 corpus,
1674 1944 1795 2004 quod

402 2017 516 2060 bene
538 2030 614 2059 vos
632 2030 720 2058 esse
744 2030 832 2057 non
850 2013 1005 2057 dubito
1032 2029 1040 2054 ε
1061 2024 1193 2072 caput
1215 2024 1277 2058 est
1291 2015 1381 2074 ipse
1406 2015 1601 2076 Salvator
1622 2025 1790 2072 noster,

403 2102 551 2148 passus
574 2086 654 2129 sub
676 2085 830 2129 Pontio
862 2084 1023 2139 Pilato,
1058 2085 1133 2144 qui
1155 2101 1272 2129 nunc
1295 2095 1581 2146 posteaquam
1603 2103 1795 2131 resurre-
1849 2100 1852 2110 ·

401 2158 464 2202 xit
480 2174 503 2201 a
520 2157 728 2211 mortuis,
759 2156 879 2200 sedet
901 2155 955 2200 ad
983 2154 1202 2199 dexteram
1228 2157 1364 2201 Patris
1383 2159 1398 2182 3
1432 2176 1440 2202 :
1467 2173 1623 2217 corpus
1648 2168 1794 2203 autem

403 2230 493 2289 ejus
514 2237 577 2272 est
593 2227 783 2271 Ecclesia
798 2228 812 2251 ⁴
829 2244 838 2275 3
859 2242 949 2270 non
965 2226 1043 2269 ista
1059 2262 1069 2281 ,
1089 2226 1268 2282 autina,
1288 2226 1363 2271 sed
1379 2236 1468 2271 toto
1481 2229 1586 2272 orbe
1609 2229 1791 2287 diffusa3

403 2315 484 2342 nec
508 2314 556 2342 ea
573 2314 671 2357 quse
698 2312 814 2341 nunc
837 2305 900 2340 est
922 2297 965 2339 in
992 2296 1242 2340 hominibus
1269 2297 1345 2356 qui
1377 2308 1634 2357 praesentem
1658 2300 1794 2343 vitam

404 2377 564 2426 agunt,
586 2367 660 2411 sed
692 2366 747 2411 ad
777 2381 872 2410 eam
900 2366 1219 2426 pertinentibus
1255 2367 1384 2410 ctiam
1417 2368 1480 2410 his
1509 2369 1585 2428 qui
1614 2368 1794 2413 fuerunt

403 2447 506 2483 ante
523 2453 623 2492 nos,
648 2446 691 2481 et
722 2437 786 2481 his
814 2437 890 2496 qui
915 2435 1051 2480 futuri
1071 2446 1173 2481 sunt
1201 2447 1298 2496 post
1330 2453 1408 2481 nos
1431 2454 1569 2498 usque
1594 2439 1638 2482 in
1661 2440 1791 2483 finem

452 2542 460 2558 ¹
482 2538 573 2567 Joan.
595 2546 651 2575 xv,
676 2544 723 2566 ιζ).
756 2552 796 2556 -ω
820 2541 831 2556 2
856 2545 865 2564 ι
901 2536 994 2565 Joan-
1024 2545 1083 2575 ιιι,
1108 2538 1155 2566 ιϋ.
1184 2551 1222 2555 --
1250 2532 1261 2555 '³³
1290 2534 1402 2565 Manli.
1425 2546 1533 2575 xxvii,
1555 2535 1615 2576 ’.ιὸ,
1643 2540 1672 2567 et
1691 2537 1789 2568 Maie-

409 2601 600 2633 xv=‚1ffl.>*-
627 2589 635 2619 ἰ
659 2589 889 2631 13.*¹···⁴-³.-'-‘-3·

1846 2114 1853 2344 Ξ

1841 2476 1846 2623 ι’

1838 2662 1843 2787 ι

1834 2776 1872 3080 Ξ

1834 3076 1873 3142 Ξ

1833 3104 1835 3137 Ξ

1828 3146 1873 3285 Ξ
