<?xml version="1.0" encoding="UTF-8"?>
<!DOCTYPE html PUBLIC "-//W3C//DTD XHTML 1.0 Transitional//EN"
    "http://www.w3.org/TR/xhtml1/DTD/xhtml1-transitional.dtd">
<html xmlns="http://www.w3.org/1999/xhtml" xml:lang="en" lang="en">
 <head>
  <title>
</title>
<meta http-equiv="Content-Type" content="text/html;charset=utf-8" />
  <meta name='ocr-system' content='tesseract 3.04.00' />
  <meta name='ocr-capabilities' content='ocr_page ocr_carea ocr_par ocr_line ocrx_word'/>
</head>
<body>
  <div class='ocr_page' id='page_1' title='image "./operaomniaaccura09auguuoft_0201.png"; bbox 0 0 1889 3285; ppageno 0'>
   <div class='ocr_carea' id='block_1_1' title="bbox 0 0 1433 2195">
    <p class='ocr_par' dir='ltr' id='par_1_1' title="bbox 0 0 5 208">
     <span class='ocr_line' id='line_1_1' title="bbox 0 0 5 208; baseline 0 -81"><span class='ocrx_word' id='word_1_1' title='bbox 0 0 5 208; x_wconf 61' lang='grc' dir='ltr'><strong>ξ</strong></span> 
     </span>
    </p>

    <p class='ocr_par' dir='ltr' id='par_1_2' title="bbox 1 216 1433 2195">
     <span class='ocr_line' id='line_1_2' title="bbox 2 216 1419 276; baseline 0.003 -8"><span class='ocrx_word' id='word_1_2' title='bbox 2 216 5 276; x_wconf 67' lang='lat' dir='ltr'>i</span> <span class='ocrx_word' id='word_1_3' title='bbox 371 238 612 270; x_wconf 70' lang='lat' dir='ltr'>ENARRA‘rro</span> <span class='ocrx_word' id='word_1_4' title='bbox 641 243 689 270; x_wconf 78' lang='lat' dir='ltr'>m</span> <span class='ocrx_word' id='word_1_5' title='bbox 708 240 923 271; x_wconf 75' lang='lat' dir='ltr'>-PsALMUM</span> <span class='ocrx_word' id='word_1_6' title='bbox 953 244 1079 272; x_wconf 78' lang='lat' dir='ltr'>Lx111.</span> <span class='ocrx_word' id='word_1_7' title='bbox 1340 233 1419 272; x_wconf 88' lang='lat'>191</span> 
     </span>
     <span class='ocr_line' id='line_1_3' title="bbox 1 278 1420 380; baseline 0.002 -31"><span class='ocrx_word' id='word_1_8' title='bbox 1 278 7 380; x_wconf 48' lang='lat' dir='ltr'>i</span> <span class='ocrx_word' id='word_1_9' title='bbox 48 308 202 350; x_wconf 91' lang='lat' dir='ltr'>Deum.</span> <span class='ocrx_word' id='word_1_10' title='bbox 225 308 449 350; x_wconf 84' lang='lat' dir='ltr'>Terremus</span> <span class='ocrx_word' id='word_1_11' title='bbox 471 307 572 366; x_wconf 82' lang='lat' dir='ltr'>quia</span> <span class='ocrx_word' id='word_1_12' title='bbox 601 307 804 351; x_wconf 84' lang='lat' dir='ltr'>timemus</span> <span class='ocrx_word' id='word_1_13' title='bbox 827 327 836 352; x_wconf 77' lang='lat'>2</span> <span class='ocrx_word' id='word_1_14' title='bbox 862 307 1014 352; x_wconf 89' lang='lat' dir='ltr'>docete</span> <span class='ocrx_word' id='word_1_15' title='bbox 1040 323 1118 352; x_wconf 92' lang='lat' dir='ltr'>nos</span> <span class='ocrx_word' id='word_1_16' title='bbox 1135 322 1225 352; x_wconf 89' lang='lat' dir='ltr'>non</span> <span class='ocrx_word' id='word_1_17' title='bbox 1247 307 1420 364; x_wconf 81' lang='lat' dir='ltr'>timere,</span> 
     </span>
     <span class='ocr_line' id='line_1_4' title="bbox 1 374 1426 437; baseline 0 -16"><span class='ocrx_word' id='word_1_18' title='bbox 1 382 7 428; x_wconf 71' lang='lat' dir='ltr'>l</span> <span class='ocrx_word' id='word_1_19' title='bbox 48 384 93 421; x_wconf 85' lang='lat' dir='ltr'>et</span> <span class='ocrx_word' id='word_1_20' title='bbox 111 390 202 419; x_wconf 91' lang='lat' dir='ltr'>non</span> <span class='ocrx_word' id='word_1_21' title='bbox 217 384 443 420; x_wconf 85' lang='lat' dir='ltr'>terremus.</span> <span class='ocrx_word' id='word_1_22' title='bbox 465 374 551 421; x_wconf 83' lang='lat' dir='ltr'>Sed</span> <span class='ocrx_word' id='word_1_23' title='bbox 566 375 720 420; x_wconf 85' lang='lat' dir='ltr'>melius</span> <span class='ocrx_word' id='word_1_24' title='bbox 736 392 814 421; x_wconf 92' lang='lat' dir='ltr'>nos</span> <span class='ocrx_word' id='word_1_25' title='bbox 836 380 946 421; x_wconf 87' lang='lat' dir='ltr'>Deus</span> <span class='ocrx_word' id='word_1_26' title='bbox 964 378 1092 421; x_wconf 88' lang='lat' dir='ltr'>docet</span> <span class='ocrx_word' id='word_1_27' title='bbox 1105 377 1272 432; x_wconf 84' lang='lat' dir='ltr'>timere,</span> <span class='ocrx_word' id='word_1_28' title='bbox 1289 392 1426 437; x_wconf 85' lang='lat' dir='ltr'>quam</span> 
     </span>
     <span class='ocr_line' id='line_1_5' title="bbox 2 430 1426 508; baseline 0.002 -19"><span class='ocrx_word' id='word_1_29' title='bbox 2 430 7 508; x_wconf 74' lang='grc' dir='ltr'>Ι</span> <span class='ocrx_word' id='word_1_30' title='bbox 46 446 277 506; x_wconf 83' lang='lat' dir='ltr'>quisquam</span> <span class='ocrx_word' id='word_1_31' title='bbox 309 446 538 490; x_wconf 88' lang='lat' dir='ltr'>hominum</span> <span class='ocrx_word' id='word_1_32' title='bbox 573 462 664 490; x_wconf 91' lang='lat' dir='ltr'>non</span> <span class='ocrx_word' id='word_1_33' title='bbox 690 447 856 491; x_wconf 88' lang='lat' dir='ltr'>timere.</span> <span class='ocrx_word' id='word_1_34' title='bbox 897 466 918 489; x_wconf 90' lang='lat'>«</span> <span class='ocrx_word' id='word_1_35' title='bbox 945 447 1106 491; x_wconf 88' lang='lat' dir='ltr'>Timuit</span> <span class='ocrx_word' id='word_1_36' title='bbox 1136 448 1251 491; x_wconf 89' lang='lat' dir='ltr'>enim</span> <span class='ocrx_word' id='word_1_37' title='bbox 1285 449 1426 492; x_wconf 90' lang='lat' dir='ltr'>omnis</span> 
     </span>
     <span class='ocr_line' id='line_1_6' title="bbox 3 515 1426 581; baseline 0.004 -24"><span class='ocrx_word' id='word_1_38' title='bbox 3 519 8 581; x_wconf 54' lang='lat' dir='ltr'><strong>ff</strong></span> <span class='ocrx_word' id='word_1_39' title='bbox 51 532 72 556; x_wconf 89' lang='lat'>»</span> <span class='ocrx_word' id='word_1_40' title='bbox 106 515 238 559; x_wconf 91' lang='lat' dir='ltr'>homo</span> <span class='ocrx_word' id='word_1_41' title='bbox 254 549 265 570; x_wconf 87' lang='lat'><strong><em>‚</em></strong></span> <span class='ocrx_word' id='word_1_42' title='bbox 290 524 334 559; x_wconf 90' lang='lat' dir='ltr'>et</span> <span class='ocrx_word' id='word_1_43' title='bbox 355 516 721 560; x_wconf 77' lang='lat' dir='ltr'>annuntiaverunt</span> <span class='ocrx_word' id='word_1_44' title='bbox 741 532 872 577; x_wconf 88' lang='lat' dir='ltr'>opera</span> <span class='ocrx_word' id='word_1_45' title='bbox 891 516 1010 561; x_wconf 83' lang='lat' dir='ltr'>Dei1.</span> <span class='ocrx_word' id='word_1_46' title='bbox 1035 534 1055 557; x_wconf 88' lang='lat'>»</span> <span class='ocrx_word' id='word_1_47' title='bbox 1081 519 1200 560; x_wconf 85' lang='lat' dir='ltr'><strong>Inter</strong></span> <span class='ocrx_word' id='word_1_48' title='bbox 1222 516 1319 562; x_wconf 86' lang='lat' dir='ltr'>illos</span> <span class='ocrx_word' id='word_1_49' title='bbox 1347 533 1426 562; x_wconf 87' lang='lat' dir='ltr'>nos</span> 
     </span>
     <span class='ocr_line' id='line_1_7' title="bbox 4 585 1426 646; baseline 0.001 -17"><span class='ocrx_word' id='word_1_50' title='bbox 4 585 8 644; x_wconf 61' lang='grc' dir='ltr'>Ι</span> <span class='ocrx_word' id='word_1_51' title='bbox 43 594 270 644; x_wconf 82' lang='lat' dir='ltr'>computet</span> <span class='ocrx_word' id='word_1_52' title='bbox 291 588 404 630; x_wconf 88' lang='lat' dir='ltr'>Deus</span> <span class='ocrx_word' id='word_1_53' title='bbox 420 620 432 641; x_wconf 81' lang='lat'><strong>‚</strong></span> <span class='ocrx_word' id='word_1_54' title='bbox 457 586 533 646; x_wconf 89' lang='lat' dir='ltr'>qui</span> <span class='ocrx_word' id='word_1_55' title='bbox 554 586 817 642; x_wconf 86' lang='lat' dir='ltr'>timuerunt,</span> <span class='ocrx_word' id='word_1_56' title='bbox 842 595 887 631; x_wconf 89' lang='lat' dir='ltr'>et</span> <span class='ocrx_word' id='word_1_57' title='bbox 906 587 1289 631; x_wconf 87' lang='lat' dir='ltr'>annuntiaverunt.</span> <span class='ocrx_word' id='word_1_58' title='bbox 1313 587 1426 640; x_wconf 85' lang='lat' dir='ltr'><strong>Quia</strong></span> 
     </span>
     <span class='ocr_line' id='line_1_8' title="bbox 47 655 1425 712; baseline 0.001 -13"><span class='ocrx_word' id='word_1_59' title='bbox 47 655 248 699; x_wconf 90' lang='lat' dir='ltr'>timemus</span> <span class='ocrx_word' id='word_1_60' title='bbox 262 690 273 711; x_wconf 88' lang='lat'>‚</span> <span class='ocrx_word' id='word_1_61' title='bbox 298 656 606 701; x_wconf 83' lang='lat' dir='ltr'>annuntiamus</span> <span class='ocrx_word' id='word_1_62' title='bbox 628 656 752 701; x_wconf 89' lang='lat' dir='ltr'>vobis</span> <span class='ocrx_word' id='word_1_63' title='bbox 767 691 779 712; x_wconf 81' lang='lat'>,</span> <span class='ocrx_word' id='word_1_64' title='bbox 804 655 970 701; x_wconf 85' lang='lat' dir='ltr'>fratres.</span> <span class='ocrx_word' id='word_1_65' title='bbox 996 655 1204 701; x_wconf 83' lang='lat' dir='ltr'>Videmus</span> <span class='ocrx_word' id='word_1_66' title='bbox 1226 656 1425 702; x_wconf 83' lang='lat' dir='ltr'>alacrita-</span> 
     </span>
     <span class='ocr_line' id='line_1_9' title="bbox 46 725 1425 785; baseline 0.001 -16"><span class='ocrx_word' id='word_1_67' title='bbox 46 734 133 770; x_wconf 89' lang='lat' dir='ltr'>tem</span> <span class='ocrx_word' id='word_1_68' title='bbox 162 735 347 770; x_wconf 86' lang='lat' dir='ltr'>vestram</span> <span class='ocrx_word' id='word_1_69' title='bbox 379 725 434 770; x_wconf 91' lang='lat' dir='ltr'>ad</span> <span class='ocrx_word' id='word_1_70' title='bbox 455 725 733 771; x_wconf 74' lang='lat' dir='ltr'>vaudiendum</span> <span class='ocrx_word' id='word_1_71' title='bbox 762 727 974 783; x_wconf 80' lang='lat' dir='ltr'>verbum,</span> <span class='ocrx_word' id='word_1_72' title='bbox 1002 735 1047 771; x_wconf 88' lang='lat' dir='ltr'>et</span> <span class='ocrx_word' id='word_1_73' title='bbox 1077 726 1134 771; x_wconf 90' lang='lat' dir='ltr'>ad</span> <span class='ocrx_word' id='word_1_74' title='bbox 1166 726 1425 785; x_wconf 86' lang='lat' dir='ltr'>exigendum</span> 
     </span>
     <span class='ocr_line' id='line_1_10' title="bbox 45 795 1427 852; baseline 0.001 -11"><span class='ocrx_word' id='word_1_75' title='bbox 45 795 243 841; x_wconf 87' lang='lat' dir='ltr'>videmus</span> <span class='ocrx_word' id='word_1_76' title='bbox 261 805 363 841; x_wconf 91' lang='lat' dir='ltr'>vota</span> <span class='ocrx_word' id='word_1_77' title='bbox 378 805 541 852; x_wconf 84' lang='lat' dir='ltr'>vestra,</span> <span class='ocrx_word' id='word_1_78' title='bbox 561 796 760 845; x_wconf 83' lang='lat' dir='ltr'>videmus</span> <span class='ocrx_word' id='word_1_79' title='bbox 780 797 960 844; x_wconf 82' lang='lat' dir='ltr'>affectus</span> <span class='ocrx_word' id='word_1_80' title='bbox 975 806 1153 842; x_wconf 87' lang='lat' dir='ltr'>vestros.</span> <span class='ocrx_word' id='word_1_81' title='bbox 1173 800 1291 842; x_wconf 88' lang='lat' dir='ltr'>Bene</span> <span class='ocrx_word' id='word_1_82' title='bbox 1309 813 1427 842; x_wconf 87' lang='lat' dir='ltr'>com-</span> 
     </span>
     <span class='ocr_line' id='line_1_11' title="bbox 45 865 1426 927; baseline 0.002 -18"><span class='ocrx_word' id='word_1_83' title='bbox 45 865 213 925; x_wconf 80' lang='lat' dir='ltr'>pluitur</span> <span class='ocrx_word' id='word_1_84' title='bbox 236 875 349 910; x_wconf 90' lang='lat' dir='ltr'>terra</span> <span class='ocrx_word' id='word_1_85' title='bbox 365 901 377 922; x_wconf 85' lang='lat'>,</span> <span class='ocrx_word' id='word_1_86' title='bbox 408 865 649 922; x_wconf 83' lang='lat' dir='ltr'>frumenta,</span> <span class='ocrx_word' id='word_1_87' title='bbox 673 882 764 912; x_wconf 92' lang='lat' dir='ltr'>non</span> <span class='ocrx_word' id='word_1_88' title='bbox 785 868 927 926; x_wconf 88' lang='lat' dir='ltr'>spinas</span> <span class='ocrx_word' id='word_1_89' title='bbox 948 876 1123 927; x_wconf 83' lang='lat' dir='ltr'>generet</span> <span class='ocrx_word' id='word_1_90' title='bbox 1154 886 1165 912; x_wconf 87' lang='lat'>:</span> <span class='ocrx_word' id='word_1_91' title='bbox 1196 865 1426 912; x_wconf 78' lang='lat' dir='ltr'>frumentis</span> 
     </span>
     <span class='ocr_line' id='line_1_12' title="bbox 43 936 1427 997; baseline 0 -15"><span class='ocrx_word' id='word_1_92' title='bbox 43 936 253 982; x_wconf 84' lang='lat' dir='ltr'>horreum</span> <span class='ocrx_word' id='word_1_93' title='bbox 280 945 475 996; x_wconf 78' lang='lat' dir='ltr'>paratur,</span> <span class='ocrx_word' id='word_1_94' title='bbox 499 936 611 996; x_wconf 85' lang='lat' dir='ltr'>ignis</span> <span class='ocrx_word' id='word_1_95' title='bbox 629 937 777 997; x_wconf 85' lang='lat' dir='ltr'>spinis.</span> <span class='ocrx_word' id='word_1_96' title='bbox 807 937 928 982; x_wconf 85' lang='lat' dir='ltr'>Nosti</span> <span class='ocrx_word' id='word_1_97' title='bbox 950 937 1059 997; x_wconf 89' lang='lat' dir='ltr'>quid</span> <span class='ocrx_word' id='word_1_98' title='bbox 1086 937 1219 982; x_wconf 85' lang='lat' dir='ltr'>facias</span> <span class='ocrx_word' id='word_1_99' title='bbox 1245 937 1302 982; x_wconf 89' lang='lat' dir='ltr'>de</span> <span class='ocrx_word' id='word_1_100' title='bbox 1322 953 1427 997; x_wconf 88' lang='lat' dir='ltr'>agro</span> 
     </span>
     <span class='ocr_line' id='line_1_13' title="bbox 45 1006 1428 1068; baseline -0.003 -12"><span class='ocrx_word' id='word_1_101' title='bbox 45 1015 122 1056; x_wconf 86' lang='lat' dir='ltr'>tuo</span> <span class='ocrx_word' id='word_1_102' title='bbox 138 1040 151 1062; x_wconf 84' lang='lat'>‚</span> <span class='ocrx_word' id='word_1_103' title='bbox 175 1016 219 1051; x_wconf 88' lang='lat' dir='ltr'>et</span> <span class='ocrx_word' id='word_1_104' title='bbox 239 1008 376 1053; x_wconf 85' lang='lat' dir='ltr'>nescit</span> <span class='ocrx_word' id='word_1_105' title='bbox 395 1011 509 1052; x_wconf 87' lang='lat' dir='ltr'>Deus</span> <span class='ocrx_word' id='word_1_106' title='bbox 529 1007 637 1068; x_wconf 88' lang='lat' dir='ltr'>quid</span> <span class='ocrx_word' id='word_1_107' title='bbox 657 1006 787 1053; x_wconf 85' lang='lat' dir='ltr'>faciat</span> <span class='ocrx_word' id='word_1_108' title='bbox 805 1007 861 1051; x_wconf 90' lang='lat' dir='ltr'>de</span> <span class='ocrx_word' id='word_1_109' title='bbox 882 1023 1007 1052; x_wconf 89' lang='lat' dir='ltr'>servo</span> <span class='ocrx_word' id='word_1_110' title='bbox 1028 1009 1134 1053; x_wconf 80' lang='lat' dir='ltr'>suo?</span> <span class='ocrx_word' id='word_1_111' title='bbox 1153 1008 1285 1063; x_wconf 88' lang='lat' dir='ltr'>Quod</span> <span class='ocrx_word' id='word_1_112' title='bbox 1312 1008 1428 1067; x_wconf 82' lang='lat' dir='ltr'>pluit</span> 
     </span>
     <span class='ocr_line' id='line_1_14' title="bbox 6 1074 1428 1158; baseline 0 -37"><span class='ocrx_word' id='word_1_113' title='bbox 6 1074 12 1158; x_wconf 43' lang='grc' dir='ltr'>ι</span> <span class='ocrx_word' id='word_1_114' title='bbox 43 1076 89 1122; x_wconf 87' lang='lat' dir='ltr'>in</span> <span class='ocrx_word' id='word_1_115' title='bbox 110 1091 261 1136; x_wconf 82' lang='lat' dir='ltr'>agrum</span> <span class='ocrx_word' id='word_1_116' title='bbox 287 1078 467 1122; x_wconf 87' lang='lat' dir='ltr'>uberem</span> <span class='ocrx_word' id='word_1_117' title='bbox 484 1112 496 1133; x_wconf 84' lang='lat'>‚</span> <span class='ocrx_word' id='word_1_118' title='bbox 520 1077 648 1122; x_wconf 78' lang='lat' dir='ltr'>dulce</span> <span class='ocrx_word' id='word_1_119' title='bbox 665 1086 746 1132; x_wconf 78' lang='lat' dir='ltr'>est,</span> <span class='ocrx_word' id='word_1_120' title='bbox 769 1086 813 1122; x_wconf 88' lang='lat' dir='ltr'>et</span> <span class='ocrx_word' id='word_1_121' title='bbox 833 1076 955 1137; x_wconf 90' lang='lat' dir='ltr'>quod</span> <span class='ocrx_word' id='word_1_122' title='bbox 974 1077 1088 1136; x_wconf 85' lang='lat' dir='ltr'>pluit</span> <span class='ocrx_word' id='word_1_123' title='bbox 1107 1078 1155 1121; x_wconf 91' lang='lat' dir='ltr'>in</span> <span class='ocrx_word' id='word_1_124' title='bbox 1171 1092 1324 1137; x_wconf 87' lang='lat' dir='ltr'>agrum</span> <span class='ocrx_word' id='word_1_125' title='bbox 1339 1078 1428 1137; x_wconf 87' lang='lat' dir='ltr'>spi-</span> 
     </span>
     <span class='ocr_line' id='line_1_15' title="bbox 7 1147 1428 1209; baseline -0.001 -14"><span class='ocrx_word' id='word_1_126' title='bbox 7 1163 12 1195; x_wconf 73' lang='lat'>1</span> <span class='ocrx_word' id='word_1_127' title='bbox 44 1163 224 1203; x_wconf 87' lang='lat' dir='ltr'>nosum,</span> <span class='ocrx_word' id='word_1_128' title='bbox 247 1147 376 1193; x_wconf 76' lang='lat' dir='ltr'>dulce</span> <span class='ocrx_word' id='word_1_129' title='bbox 398 1157 474 1193; x_wconf 87' lang='lat' dir='ltr'>est.</span> <span class='ocrx_word' id='word_1_130' title='bbox 495 1147 720 1209; x_wconf 84' lang='lat' dir='ltr'><strong>Numquid</strong></span> <span class='ocrx_word' id='word_1_131' title='bbox 736 1147 928 1208; x_wconf 85' lang='lat' dir='ltr'>pluviam</span> <span class='ocrx_word' id='word_1_132' title='bbox 954 1157 1151 1203; x_wconf 83' lang='lat' dir='ltr'>accusat,</span> <span class='ocrx_word' id='word_1_133' title='bbox 1176 1148 1254 1208; x_wconf 90' lang='lat' dir='ltr'>qui</span> <span class='ocrx_word' id='word_1_134' title='bbox 1283 1148 1428 1207; x_wconf 86' lang='lat' dir='ltr'>spinas</span> 
     </span>
     <span class='ocr_line' id='line_1_16' title="bbox 8 1198 1431 1282; baseline 0 -19"><span class='ocrx_word' id='word_1_135' title='bbox 8 1198 13 1282; x_wconf 57' lang='grc' dir='ltr'>ι</span> <span class='ocrx_word' id='word_1_136' title='bbox 46 1219 269 1277; x_wconf 81' lang='lat' dir='ltr'>genuerit?</span> <span class='ocrx_word' id='word_1_137' title='bbox 295 1221 449 1263; x_wconf 91' lang='lat' dir='ltr'>Nonne</span> <span class='ocrx_word' id='word_1_138' title='bbox 475 1218 556 1262; x_wconf 87' lang='lat' dir='ltr'>erit</span> <span class='ocrx_word' id='word_1_139' title='bbox 578 1217 724 1277; x_wconf 83' lang='lat' dir='ltr'>pluvia</span> <span class='ocrx_word' id='word_1_140' title='bbox 744 1217 819 1262; x_wconf 85' lang='lat' dir='ltr'>illa</span> <span class='ocrx_word' id='word_1_141' title='bbox 841 1219 959 1262; x_wconf 86' lang='lat' dir='ltr'>testis</span> <span class='ocrx_word' id='word_1_142' title='bbox 986 1219 1032 1262; x_wconf 90' lang='lat' dir='ltr'>in</span> <span class='ocrx_word' id='word_1_143' title='bbox 1053 1217 1219 1278; x_wconf 89' lang='lat' dir='ltr'>judicio</span> <span class='ocrx_word' id='word_1_144' title='bbox 1246 1219 1351 1274; x_wconf 89' lang='lat' dir='ltr'>Dei,</span> <span class='ocrx_word' id='word_1_145' title='bbox 1386 1228 1431 1263; x_wconf 92' lang='lat' dir='ltr'>et</span> 
     </span>
     <span class='ocr_line' id='line_1_17' title="bbox 8 1286 1430 1372; baseline 0 -38"><span class='ocrx_word' id='word_1_146' title='bbox 8 1286 13 1372; x_wconf 58' lang='grc' dir='ltr'>ἰ</span> <span class='ocrx_word' id='word_1_147' title='bbox 45 1288 162 1334; x_wconf 77' lang='lat' dir='ltr'>dicet</span> <span class='ocrx_word' id='word_1_148' title='bbox 178 1291 295 1347; x_wconf 88' lang='lat' dir='ltr'>:Ego</span> <span class='ocrx_word' id='word_1_149' title='bbox 309 1288 446 1333; x_wconf 87' lang='lat' dir='ltr'>duleis</span> <span class='ocrx_word' id='word_1_150' title='bbox 462 1303 590 1347; x_wconf 89' lang='lat' dir='ltr'>super</span> <span class='ocrx_word' id='word_1_151' title='bbox 612 1303 760 1332; x_wconf 89' lang='lat' dir='ltr'>omnes</span> <span class='ocrx_word' id='word_1_152' title='bbox 772 1289 889 1333; x_wconf 83' lang='lat' dir='ltr'>veni.</span> <span class='ocrx_word' id='word_1_153' title='bbox 912 1291 978 1333; x_wconf 90' lang='lat' dir='ltr'>Tu</span> <span class='ocrx_word' id='word_1_154' title='bbox 996 1304 1097 1347; x_wconf 87' lang='lat' dir='ltr'>ergo</span> <span class='ocrx_word' id='word_1_155' title='bbox 1111 1289 1220 1349; x_wconf 90' lang='lat' dir='ltr'>quid</span> <span class='ocrx_word' id='word_1_156' title='bbox 1235 1288 1430 1349; x_wconf 86' lang='lat' dir='ltr'>proferas</span> 
     </span>
     <span class='ocr_line' id='line_1_18' title="bbox 8 1357 1426 1422; baseline 0 -18"><span class='ocrx_word' id='word_1_157' title='bbox 8 1375 14 1422; x_wconf 58' lang='lat' dir='ltr'>q</span> <span class='ocrx_word' id='word_1_158' title='bbox 44 1358 166 1415; x_wconf 81' lang='lat' dir='ltr'>vide,</span> <span class='ocrx_word' id='word_1_159' title='bbox 186 1368 238 1404; x_wconf 85' lang='lat' dir='ltr'>ut</span> <span class='ocrx_word' id='word_1_160' title='bbox 257 1358 364 1420; x_wconf 93' lang='lat' dir='ltr'>quid</span> <span class='ocrx_word' id='word_1_161' title='bbox 386 1358 465 1403; x_wconf 85' lang='lat' dir='ltr'>tibi</span> <span class='ocrx_word' id='word_1_162' title='bbox 493 1367 672 1418; x_wconf 84' lang='lat' dir='ltr'>paretur</span> <span class='ocrx_word' id='word_1_163' title='bbox 691 1358 903 1404; x_wconf 86' lang='lat' dir='ltr'>attendas.</span> <span class='ocrx_word' id='word_1_164' title='bbox 931 1357 1103 1404; x_wconf 83' lang='lat' dir='ltr'>Profers</span> <span class='ocrx_word' id='word_1_165' title='bbox 1122 1358 1394 1404; x_wconf 86' lang='lat' dir='ltr'>frumentum</span> <span class='ocrx_word' id='word_1_166' title='bbox 1413 1395 1426 1416; x_wconf 85' lang='lat'>‚</span> 
     </span>
     <span class='ocr_line' id='line_1_19' title="bbox 9 1427 1430 1489; baseline -0.002 -13"><span class='ocrx_word' id='word_1_167' title='bbox 9 1427 13 1476; x_wconf 77' lang='grc' dir='ltr'><strong>ἓ</strong></span> <span class='ocrx_word' id='word_1_168' title='bbox 44 1429 251 1475; x_wconf 86' lang='lat' dir='ltr'>horreum</span> <span class='ocrx_word' id='word_1_169' title='bbox 270 1444 393 1488; x_wconf 88' lang='lat' dir='ltr'>spera</span> <span class='ocrx_word' id='word_1_170' title='bbox 410 1447 420 1474; x_wconf 75' lang='grc' dir='ltr'>ε</span> <span class='ocrx_word' id='word_1_171' title='bbox 440 1427 606 1488; x_wconf 87' lang='lat' dir='ltr'>profers</span> <span class='ocrx_word' id='word_1_172' title='bbox 620 1429 779 1488; x_wconf 84' lang='lat' dir='ltr'>spinas,</span> <span class='ocrx_word' id='word_1_173' title='bbox 799 1429 946 1488; x_wconf 83' lang='lat' dir='ltr'>ignem</span> <span class='ocrx_word' id='word_1_174' title='bbox 962 1445 1100 1489; x_wconf 89' lang='lat' dir='ltr'>spera.</span> <span class='ocrx_word' id='word_1_175' title='bbox 1130 1429 1215 1475; x_wconf 89' lang='lat' dir='ltr'>Sed</span> <span class='ocrx_word' id='word_1_176' title='bbox 1230 1428 1430 1474; x_wconf 91' lang='lat' dir='ltr'>nondum</span> 
     </span>
     <span class='ocr_line' id='line_1_20' title="bbox 10 1480 1432 1559; baseline -0.003 -13"><span class='ocrx_word' id='word_1_177' title='bbox 10 1480 14 1547; x_wconf 68' lang='lat' dir='ltr'>i</span> <span class='ocrx_word' id='word_1_178' title='bbox 43 1501 164 1544; x_wconf 78' lang='lat' dir='ltr'>venit</span> <span class='ocrx_word' id='word_1_179' title='bbox 184 1509 259 1544; x_wconf 84' lang='lat' dir='ltr'>aut</span> <span class='ocrx_word' id='word_1_180' title='bbox 274 1508 447 1559; x_wconf 87' lang='lat' dir='ltr'>tempus</span> <span class='ocrx_word' id='word_1_181' title='bbox 469 1499 628 1554; x_wconf 82' lang='lat' dir='ltr'>horrei,</span> <span class='ocrx_word' id='word_1_182' title='bbox 646 1502 721 1544; x_wconf 64' lang='lat' dir='ltr'>affl</span> <span class='ocrx_word' id='word_1_183' title='bbox 738 1508 909 1559; x_wconf 85' lang='lat' dir='ltr'>tempus</span> <span class='ocrx_word' id='word_1_184' title='bbox 925 1499 1034 1557; x_wconf 84' lang='lat' dir='ltr'>ignis</span> <span class='ocrx_word' id='word_1_185' title='bbox 1051 1517 1060 1544; x_wconf 73' lang='grc' dir='ltr'><strong><em>ι</em></strong></span> <span class='ocrx_word' id='word_1_186' title='bbox 1079 1500 1213 1544; x_wconf 89' lang='lat' dir='ltr'>modo</span> <span class='ocrx_word' id='word_1_187' title='bbox 1234 1513 1336 1557; x_wconf 84' lang='lat' dir='ltr'>ergo</span> <span class='ocrx_word' id='word_1_188' title='bbox 1357 1513 1432 1558; x_wconf 87' lang='lat' dir='ltr'>pa-</span> 
     </span>
     <span class='ocr_line' id='line_1_21' title="bbox 10 1552 1431 1629; baseline -0.001 -15"><span class='ocrx_word' id='word_1_189' title='bbox 10 1552 14 1577; x_wconf 66' lang='lat'>⁸</span> <span class='ocrx_word' id='word_1_190' title='bbox 45 1579 180 1625; x_wconf 83' lang='lat' dir='ltr'>retur,</span> <span class='ocrx_word' id='word_1_191' title='bbox 196 1579 239 1614; x_wconf 88' lang='lat' dir='ltr'>et</span> <span class='ocrx_word' id='word_1_192' title='bbox 254 1585 346 1614; x_wconf 91' lang='lat' dir='ltr'>non</span> <span class='ocrx_word' id='word_1_193' title='bbox 360 1569 600 1613; x_wconf 86' lang='lat' dir='ltr'>timebitur.</span> <span class='ocrx_word' id='word_1_194' title='bbox 620 1572 672 1613; x_wconf 91' lang='lat' dir='ltr'>In</span> <span class='ocrx_word' id='word_1_195' title='bbox 685 1569 862 1613; x_wconf 87' lang='lat' dir='ltr'>nomine</span> <span class='ocrx_word' id='word_1_196' title='bbox 878 1568 1036 1614; x_wconf 87' lang='lat' dir='ltr'>Christi</span> <span class='ocrx_word' id='word_1_197' title='bbox 1059 1577 1103 1613; x_wconf 87' lang='lat' dir='ltr'>et</span> <span class='ocrx_word' id='word_1_198' title='bbox 1115 1569 1192 1629; x_wconf 79' lang='lat' dir='ltr'>qui</span> <span class='ocrx_word' id='word_1_199' title='bbox 1207 1568 1431 1629; x_wconf 87' lang='lat' dir='ltr'>loquimur</span> 
     </span>
     <span class='ocr_line' id='line_1_22' title="bbox 10 1587 1432 1699; baseline -0.001 -15"><span class='ocrx_word' id='word_1_200' title='bbox 10 1587 15 1695; x_wconf 61' lang='lat' dir='ltr'>l</span> <span class='ocrx_word' id='word_1_201' title='bbox 44 1640 245 1694; x_wconf 81' lang='lat' dir='ltr'>vivimus,</span> <span class='ocrx_word' id='word_1_202' title='bbox 265 1648 309 1683; x_wconf 85' lang='lat' dir='ltr'>et</span> <span class='ocrx_word' id='word_1_203' title='bbox 324 1640 485 1698; x_wconf 82' lang='lat' dir='ltr'>quibus</span> <span class='ocrx_word' id='word_1_204' title='bbox 499 1639 724 1698; x_wconf 87' lang='lat' dir='ltr'>loquimur</span> <span class='ocrx_word' id='word_1_205' title='bbox 738 1639 880 1683; x_wconf 83' lang='lat' dir='ltr'>vivitis</span> <span class='ocrx_word' id='word_1_206' title='bbox 896 1658 905 1684; x_wconf 91' lang='lat'><strong>:</strong></span> <span class='ocrx_word' id='word_1_207' title='bbox 922 1638 1140 1699; x_wconf 87' lang='lat' dir='ltr'>numquid</span> <span class='ocrx_word' id='word_1_208' title='bbox 1155 1638 1320 1683; x_wconf 86' lang='lat' dir='ltr'>consilii</span> <span class='ocrx_word' id='word_1_209' title='bbox 1339 1654 1432 1683; x_wconf 88' lang='lat' dir='ltr'>cor-</span> 
     </span>
     <span class='ocr_line' id='line_1_23' title="bbox 12 1699 1431 1771; baseline -0.001 -16"><span class='ocrx_word' id='word_1_210' title='bbox 12 1699 13 1703; x_wconf 21' lang='lat'><em>*</em></span> <span class='ocrx_word' id='word_1_211' title='bbox 46 1710 214 1771; x_wconf 72' lang='lat' dir='ltr'>figendi</span> <span class='ocrx_word' id='word_1_212' title='bbox 227 1719 271 1754; x_wconf 90' lang='lat' dir='ltr'>et</span> <span class='ocrx_word' id='word_1_213' title='bbox 286 1709 509 1753; x_wconf 79' lang='lat' dir='ltr'>mutandae</span> <span class='ocrx_word' id='word_1_214' title='bbox 522 1709 622 1752; x_wconf 88' lang='lat' dir='ltr'>vitae</span> <span class='ocrx_word' id='word_1_215' title='bbox 636 1708 763 1753; x_wconf 86' lang='lat' dir='ltr'>malae</span> <span class='ocrx_word' id='word_1_216' title='bbox 774 1710 821 1752; x_wconf 91' lang='lat' dir='ltr'>in</span> <span class='ocrx_word' id='word_1_217' title='bbox 835 1710 997 1754; x_wconf 88' lang='lat' dir='ltr'>bonam</span> <span class='ocrx_word' id='word_1_218' title='bbox 1010 1725 1101 1754; x_wconf 91' lang='lat' dir='ltr'>non</span> <span class='ocrx_word' id='word_1_219' title='bbox 1113 1719 1176 1755; x_wconf 85' lang='lat' dir='ltr'>est</span> <span class='ocrx_word' id='word_1_220' title='bbox 1187 1708 1326 1765; x_wconf 85' lang='lat' dir='ltr'>locus,</span> <span class='ocrx_word' id='word_1_221' title='bbox 1341 1725 1431 1754; x_wconf 89' lang='lat' dir='ltr'>non</span> 
     </span>
     <span class='ocr_line' id='line_1_24' title="bbox 12 1778 1432 1841; baseline -0.003 -16"><span class='ocrx_word' id='word_1_222' title='bbox 12 1827 15 1836; x_wconf 67' lang='grc'><strong><em>,</em></strong></span> <span class='ocrx_word' id='word_1_223' title='bbox 47 1790 110 1825; x_wconf 82' lang='lat' dir='ltr'>est</span> <span class='ocrx_word' id='word_1_224' title='bbox 122 1782 318 1841; x_wconf 79' lang='lat' dir='ltr'>tempus?</span> <span class='ocrx_word' id='word_1_225' title='bbox 334 1782 489 1825; x_wconf 89' lang='lat' dir='ltr'>Nonne</span> <span class='ocrx_word' id='word_1_226' title='bbox 506 1778 541 1823; x_wconf 88' lang='lat' dir='ltr'>si</span> <span class='ocrx_word' id='word_1_227' title='bbox 552 1780 632 1833; x_wconf 84' lang='lat' dir='ltr'>vis,</span> <span class='ocrx_word' id='word_1_228' title='bbox 646 1778 777 1823; x_wconf 86' lang='lat' dir='ltr'>hodie</span> <span class='ocrx_word' id='word_1_229' title='bbox 794 1779 869 1823; x_wconf 79' lang='lat' dir='ltr'>fit?</span> <span class='ocrx_word' id='word_1_230' title='bbox 883 1794 1031 1823; x_wconf 91' lang='lat' dir='ltr'>nonne</span> <span class='ocrx_word' id='word_1_231' title='bbox 1052 1779 1087 1823; x_wconf 90' lang='lat' dir='ltr'>si</span> <span class='ocrx_word' id='word_1_232' title='bbox 1106 1780 1186 1834; x_wconf 87' lang='lat' dir='ltr'>vis,</span> <span class='ocrx_word' id='word_1_233' title='bbox 1202 1779 1335 1824; x_wconf 90' lang='lat' dir='ltr'>modo</span> <span class='ocrx_word' id='word_1_234' title='bbox 1356 1780 1432 1823; x_wconf 75' lang='lat' dir='ltr'>fit?</span> 
     </span>
     <span class='ocr_line' id='line_1_25' title="bbox 12 1846 1432 1910; baseline -0.003 -14"><span class='ocrx_word' id='word_1_235' title='bbox 12 1846 16 1865; x_wconf 89' lang='lat'>‘</span> <span class='ocrx_word' id='word_1_236' title='bbox 47 1851 165 1905; x_wconf 83' lang='lat' dir='ltr'>Quid</span> <span class='ocrx_word' id='word_1_237' title='bbox 193 1860 419 1910; x_wconf 85' lang='lat' dir='ltr'>empturus</span> <span class='ocrx_word' id='word_1_238' title='bbox 447 1864 490 1893; x_wconf 86' lang='lat' dir='ltr'>es</span> <span class='ocrx_word' id='word_1_239' title='bbox 513 1858 564 1893; x_wconf 87' lang='lat' dir='ltr'>ut</span> <span class='ocrx_word' id='word_1_240' title='bbox 590 1847 752 1893; x_wconf 78' lang='lat' dir='ltr'>facias?</span> <span class='ocrx_word' id='word_1_241' title='bbox 782 1864 882 1908; x_wconf 87' lang='lat' dir='ltr'>quae</span> <span class='ocrx_word' id='word_1_242' title='bbox 908 1847 1139 1908; x_wconf 84' lang='lat' dir='ltr'>symplasia</span> <span class='ocrx_word' id='word_1_243' title='bbox 1169 1849 1432 1909; x_wconf 75' lang='lat' dir='ltr'>quaesiturus</span> 
     </span>
     <span class='ocr_line' id='line_1_26' title="bbox 47 1918 1433 1981; baseline -0.002 -16"><span class='ocrx_word' id='word_1_244' title='bbox 47 1922 120 1966; x_wconf 80' lang='lat' dir='ltr'>es?</span> <span class='ocrx_word' id='word_1_245' title='bbox 142 1920 198 1964; x_wconf 87' lang='lat' dir='ltr'>ad</span> <span class='ocrx_word' id='word_1_246' title='bbox 219 1922 330 1981; x_wconf 86' lang='lat' dir='ltr'>quos</span> <span class='ocrx_word' id='word_1_247' title='bbox 349 1918 482 1964; x_wconf 90' lang='lat' dir='ltr'>Indos</span> <span class='ocrx_word' id='word_1_248' title='bbox 502 1919 809 1977; x_wconf 79' lang='lat' dir='ltr'>navigaturus?</span> <span class='ocrx_word' id='word_1_249' title='bbox 831 1933 965 1978; x_wconf 87' lang='lat' dir='ltr'>quam</span> <span class='ocrx_word' id='word_1_250' title='bbox 996 1918 1139 1963; x_wconf 87' lang='lat' dir='ltr'>navim</span> <span class='ocrx_word' id='word_1_251' title='bbox 1162 1927 1433 1978; x_wconf 82' lang='lat' dir='ltr'>praeparatu-</span> 
     </span>
     <span class='ocr_line' id='line_1_27' title="bbox 47 1985 1431 2049; baseline -0.002 -13"><span class='ocrx_word' id='word_1_252' title='bbox 47 1993 149 2036; x_wconf 77' lang='lat' dir='ltr'>rus?</span> <span class='ocrx_word' id='word_1_253' title='bbox 165 1993 280 2036; x_wconf 91' lang='lat' dir='ltr'>Ecce</span> <span class='ocrx_word' id='word_1_254' title='bbox 300 2005 403 2035; x_wconf 88' lang='lat' dir='ltr'>cum</span> <span class='ocrx_word' id='word_1_255' title='bbox 422 1988 596 2049; x_wconf 80' lang='lat' dir='ltr'>loquor,</span> <span class='ocrx_word' id='word_1_256' title='bbox 610 1997 735 2033; x_wconf 88' lang='lat' dir='ltr'>muta</span> <span class='ocrx_word' id='word_1_257' title='bbox 755 2003 831 2033; x_wconf 90' lang='lat' dir='ltr'>cor</span> <span class='ocrx_word' id='word_1_258' title='bbox 846 2005 856 2032; x_wconf 80' lang='lat' dir='ltr'>z</span> <span class='ocrx_word' id='word_1_259' title='bbox 874 1996 918 2032; x_wconf 84' lang='lat' dir='ltr'>et</span> <span class='ocrx_word' id='word_1_260' title='bbox 934 1985 1100 2032; x_wconf 88' lang='lat' dir='ltr'>factum</span> <span class='ocrx_word' id='word_1_261' title='bbox 1116 1997 1180 2033; x_wconf 86' lang='lat' dir='ltr'>est</span> <span class='ocrx_word' id='word_1_262' title='bbox 1199 1988 1320 2049; x_wconf 87' lang='lat' dir='ltr'>quod</span> <span class='ocrx_word' id='word_1_263' title='bbox 1341 1997 1431 2034; x_wconf 82' lang='lat' dir='ltr'>tam</span> 
     </span>
     <span class='ocr_line' id='line_1_28' title="bbox 47 2058 1431 2122; baseline -0.003 -15"><span class='ocrx_word' id='word_1_264' title='bbox 47 2076 161 2122; x_wconf 79' lang='lat' dir='ltr'>saepe</span> <span class='ocrx_word' id='word_1_265' title='bbox 182 2070 226 2106; x_wconf 87' lang='lat' dir='ltr'>et</span> <span class='ocrx_word' id='word_1_266' title='bbox 243 2060 399 2105; x_wconf 86' lang='lat' dir='ltr'>tandiu</span> <span class='ocrx_word' id='word_1_267' title='bbox 414 2059 625 2104; x_wconf 86' lang='lat' dir='ltr'>clamatur</span> <span class='ocrx_word' id='word_1_268' title='bbox 641 2068 692 2104; x_wconf 91' lang='lat' dir='ltr'>ut</span> <span class='ocrx_word' id='word_1_269' title='bbox 707 2060 799 2116; x_wconf 83' lang='lat' dir='ltr'>fiat,</span> <span class='ocrx_word' id='word_1_270' title='bbox 817 2067 860 2104; x_wconf 91' lang='lat' dir='ltr'>et</span> <span class='ocrx_word' id='word_1_271' title='bbox 881 2058 1004 2119; x_wconf 86' lang='lat' dir='ltr'>quod</span> <span class='ocrx_word' id='word_1_272' title='bbox 1023 2067 1233 2104; x_wconf 79' lang='lat' dir='ltr'>aeternam</span> <span class='ocrx_word' id='word_1_273' title='bbox 1253 2073 1431 2120; x_wconf 87' lang='lat' dir='ltr'>poenam</span> 
     </span>
     <span class='ocr_line' id='line_1_29' title="bbox 46 2131 548 2195; baseline -0.002 -17"><span class='ocrx_word' id='word_1_274' title='bbox 46 2132 235 2195; x_wconf 81' lang='lat' dir='ltr'>parturit</span> <span class='ocrx_word' id='word_1_275' title='bbox 250 2167 263 2188; x_wconf 82' lang='grc'>,</span> <span class='ocrx_word' id='word_1_276' title='bbox 285 2131 321 2177; x_wconf 92' lang='lat' dir='ltr'>si</span> <span class='ocrx_word' id='word_1_277' title='bbox 341 2146 432 2177; x_wconf 88' lang='lat' dir='ltr'>non</span> <span class='ocrx_word' id='word_1_278' title='bbox 453 2132 548 2177; x_wconf 85' lang='lat' dir='ltr'>fiat.</span> 
     </span>
    </p>
   </div>
   <div class='ocr_carea' id='block_1_2' title="bbox 12 1874 17 1992">
    <p class='ocr_par' dir='ltr' id='par_1_3' title="bbox 12 1874 17 1992">
     <span class='ocr_line' id='line_1_30' title="bbox 12 1874 17 1992; baseline 0 1293"><span class='ocrx_word' id='word_1_279' title='bbox 12 1874 17 1992; x_wconf 95' lang='lat' dir='ltr'> </span> 
     </span>
    </p>
   </div>
   <div class='ocr_carea' id='block_1_3' title="bbox 13 1993 19 2124">
    <p class='ocr_par' dir='ltr' id='par_1_4' title="bbox 13 1993 19 2124">
     <span class='ocr_line' id='line_1_31' title="bbox 13 1993 19 2124; baseline 0 1161"><span class='ocrx_word' id='word_1_280' title='bbox 13 1993 19 2124; x_wconf 95' lang='lat' dir='ltr'> </span> 
     </span>
    </p>
   </div>
   <div class='ocr_carea' id='block_1_4' title="bbox 96 2226 389 2270">
    <p class='ocr_par' dir='ltr' id='par_1_5' title="bbox 96 2226 389 2270">
     <span class='ocr_line' id='line_1_32' title="bbox 96 2226 389 2270; baseline -0.003 -8"><span class='ocrx_word' id='word_1_281' title='bbox 96 2234 109 2253; x_wconf 80' lang='lat'>¹</span> <span class='ocrx_word' id='word_1_282' title='bbox 123 2226 204 2262; x_wconf 85' lang='lat' dir='ltr'>Psal.</span> <span class='ocrx_word' id='word_1_283' title='bbox 230 2233 319 2270; x_wconf 71' lang='lat' dir='ltr'>thu,</span> <span class='ocrx_word' id='word_1_284' title='bbox 340 2238 389 2261; x_wconf 85' lang='grc' dir='ltr'>ιο.</span> 
     </span>
    </p>
   </div>
  </div>
 </body>
</html>
