1889 3285
371 277 610 306 EnAnnArm
643 281 687 307 nv
721 280 923 309 PSALMUM
955 282 1091 308 van.
1331 269 1415 307 269

39 365 60 387 «
84 344 305 389 Auxilium
326 358 473 388 meum
485 361 507 389 a
522 345 724 402 Domino,
742 347 817 406 qui
830 346 935 391 fecit
951 345 1113 390 coelum
1131 353 1175 388 et
1190 346 1414 390 terram¹.»

35 415 88 460 Ei
104 415 267 475 quippe
284 413 368 458 alio
389 414 487 459 loco
509 415 690 461 dicitur:
711 436 731 459 «
751 417 1007 461 Illuminans
1021 425 1071 460 tu
1087 414 1416 469 admirabiliter,

38 503 60 527 »
95 501 118 529 a
136 484 355 529 montibus
377 485 548 529 aeternis
564 489 581 511 ²
612 505 622 531 ε
651 505 671 528 »
694 484 889 547 quumvis
918 502 942 530 a
971 485 1195 529 montibus
1219 484 1390 528 aeternis
1405 519 1416 540 ,

37 563 183 599 tamen
207 553 459 599 illuminans
477 563 541 599 tu.
566 555 633 600 Sic
651 565 693 601 et
714 557 806 612 hic,
841 575 862 599 «
885 555 998 601 Coeli
1030 554 1369 612 distillaverunt3
1395 572 1417 595 »

40 643 62 668 »
85 625 184 680 sed,
207 641 230 669 a
248 624 357 670 facie
373 625 467 669 Dei.
492 628 550 670 Et
571 626 651 686 ipsi
664 627 779 670 enim
800 626 907 671 salvi
926 617 1030 670 faeti
1049 635 1151 670 sunt
1171 640 1249 685 per
1269 625 1418 681 fidem,

41 715 63 738 »
98 704 142 740 et
156 695 241 740 hoc
263 711 353 740 non
372 711 425 740 ex
444 711 488 740 se
506 696 607 756 ipsis
620 717 631 754 3
646 696 723 741 sed
745 697 821 741 Dei
839 696 1004 742 donum
1021 705 1085 741 est
1102 716 1110 740 :
1136 711 1224 741 non
1247 711 1296 740 ex
1316 712 1423 755 ope-

42 785 63 809 »
96 767 238 822 ribus,
275 782 331 811 ne
359 764 472 812 forte
492 767 589 827 quis
612 768 857 812 extollatur.
890 768 1028 827 Ipsius
1054 767 1170 811 enim
1187 783 1334 811 sumus
1348 768 1424 826 fig-

42 855 64 879 »
97 845 296 881 mentum
319 839 352 880 ³.
378 836 465 890 Qui
492 836 593 882 facit
622 837 750 882 unius
781 836 900 882 modi
928 837 1124 882 habitare
1152 838 1198 881 in
1223 836 1370 883 domo.
1398 856 1420 879 »

96 909 177 952 XI.
201 907 287 952 Sed
307 907 416 967 quid
435 916 499 951 est
527 907 648 968 quod
681 908 877 969 sequitur
900 927 908 953 :
942 927 962 950 «
985 911 1111 952 Mons
1141 908 1241 953 Sina
1269 925 1293 952 a
1316 907 1425 952 facie

45 995 66 1019 »
101 977 179 1022 Dei
211 977 370 1021 Israel?
402 995 422 1018 »
461 980 531 1022 An
561 977 911 1023 subaudiendum
945 988 1008 1022 est
1021 1013 1032 1033 ‚
1073 977 1295 1022 distillavit
1330 997 1339 1023 :
1375 988 1425 1023 ut

43 1047 164 1108 quod
184 1048 354 1093 vocavit
375 1047 590 1092 coelorum
610 1049 804 1103 nomine,
828 1049 913 1093 hoc
933 1048 1122 1093 voluerit
1143 1047 1326 1106 intelligi
1344 1063 1427 1093 no-

42 1119 159 1163 mine
180 1119 311 1163 etiam
331 1119 490 1163 montis
508 1120 607 1163 Sina
625 1140 636 1176 ς
654 1119 765 1164 sicut
781 1119 967 1163 diximus
987 1134 1058 1163 eos
1072 1118 1217 1163 vocari
1237 1127 1422 1174 montes,

42 1188 119 1249 qui
139 1189 279 1233 vocati
296 1198 398 1233 sunt
419 1188 520 1233 coeli
535 1191 653 1234 ‘?Nec
670 1189 717 1233 in
732 1190 814 1234 isto
826 1205 953 1233 sensu
969 1204 1141 1234 movere
1155 1188 1285 1233 debet
1307 1190 1430 1249 quod

44 1259 103 1303 ait
125 1278 143 1300 «
166 1274 291 1303 mons
307 1294 317 1314 ‚
346 1277 366 1299 »
399 1275 489 1304 non
514 1269 682 1303 montes
699 1295 710 1314 ‚
739 1275 842 1303 eum
862 1260 923 1303 ibi
946 1258 1050 1303 dieti
1080 1258 1165 1303 sint
1192 1259 1314 1313 coeli,
1340 1275 1429 1304 non

44 1328 206 1373 coelum
227 1348 235 1373 :
261 1329 362 1388 quia
385 1329 491 1372 etin
513 1328 597 1372 alio
620 1328 790 1373 Psalmo
813 1344 912 1372 cum
936 1330 1102 1372 dictum
1120 1338 1250 1383 esset,
1279 1348 1298 1370 «
1318 1328 1431 1374 Coeli

47 1417 68 1441 ³)
104 1407 306 1442 enarrant
326 1398 507 1457 gloriam
530 1398 604 1441 Dei
619 1399 635 1423 4
674 1417 683 1442 ε
720 1416 740 1439 »
789 1413 909 1442 more
953 1398 1184 1457 Scripturae
1228 1398 1431 1442 eumdem

46 1484 222 1514 sensum
250 1468 394 1512 verbis
423 1468 513 1511 aliis
546 1468 778 1527 repetentis
806 1468 1120 1528 subsequenter
1152 1467 1318 1512 dictum
1340 1478 1430 1512 est:

50 1558 72 1581 ι(
96 1543 154 1584 Et
175 1554 305 1598 opera
323 1553 535 1582 manuum
552 1538 642 1597 ejus
659 1538 888 1581 annuntiat
905 1538 1243 1581 firmamentum.
1271 1556 1290 1578 >›
1311 1539 1434 1581 Prius

49 1609 171 1663 dixit,
186 1608 300 1663 coeli,
318 1624 408 1652 non
424 1607 587 1652 coelum
604 1627 612 1653 :
634 1617 677 1652 et
690 1617 836 1652 tamen
852 1618 1001 1667 postea
1018 1624 1122 1663 non,
1143 1609 1430 1663 firmamenta,

49 1680 149 1735 sed,
168 1681 508 1724 firmamentum.
555 1699 574 1721 «
613 1679 796 1723 Vocavit
834 1679 949 1722 enim
970 1682 1085 1722 Deus
1111 1680 1437 1722 firmamentum

52 1768 73 1793 »
102 1750 262 1795 coelum
280 1752 318 1804 ⁵,
345 1768 365 1791 »
392 1751 502 1794 sicut
533 1750 580 1792 in
602 1750 757 1793 Genesi
792 1749 998 1808 scriptum
1021 1757 1098 1792 est.
1129 1752 1195 1792 Ita
1218 1764 1317 1807 ergo
1335 1749 1438 1793 coeli

51 1830 96 1865 et
115 1820 278 1865 coelum
293 1855 303 1875 ,
328 1829 497 1864 montes
521 1829 563 1863 et
580 1834 704 1864 mons
719 1854 730 1874 7
756 1835 846 1863 non
870 1818 1014 1872 aliud,
1050 1818 1123 1862 sed
1150 1820 1233 1862 hoe
1255 1819 1397 1877 ipsum
1425 1838 1434 1864 :

53 1891 163 1936 sicut
178 1890 382 1935 Ecclesiae
398 1888 549 1933 multae
571 1898 614 1933 et
635 1905 722 1933 una
743 1888 955 1943 Ecclesi23
980 1904 1070 1932 non
1087 1888 1227 1944 aliud,
1253 1888 1326 1932 sed
1356 1890 1440 1934 hoc

52 1962 209 2022 ipsum.
225 1963 317 2007 Cur
330 1976 449 2019 ergo,
467 1979 487 2002 «
506 1962 633 2004 Mons
651 1959 751 2004 Sina
767 1958 843 2018 qui
864 1959 910 2001 in
927 1958 1177 2002 servitutem
1195 1960 1435 2016 generat⁶‚»

54 2033 166 2078 sicut
186 2032 292 2076 dicit
317 2030 579 2090 Apostolus?
600 2033 670 2075 An
692 2029 804 2074 forte
825 2032 912 2073 Lex
947 2029 1039 2088 ipsa
1073 2028 1356 2088 intelligenda
1378 2039 1441 2075 est

55 2104 102 2148 in
120 2111 271 2147 monte
294 2102 394 2147 Sina
410 2103 425 2127 ⁷
438 2136 448 2156 ‚
469 2116 602 2161 quam
631 2119 651 2142 «
671 2099 997 2145 Distillaverunt
1009 2098 1109 2143 coeli
1125 2114 1149 2142 a
1170 2097 1278 2143 facie
1297 2099 1396 2155 Dei,
1417 2119 1438 2141 ³>

56 2182 108 2218 ut
127 2182 241 2217 terra
259 2173 536 2216 moveretur?
557 2180 600 2214 et
620 2170 710 2230 ipse
732 2180 796 2214 est
814 2179 940 2213 terrae
954 2178 1114 2224 motus,
1140 2185 1242 2213 cum
1263 2179 1443 2214 contur-

58 2243 220 2288 bantur
240 2243 436 2287 homines
453 2276 464 2297 ,
489 2241 589 2301 quia
606 2243 767 2298 Legem
789 2239 968 2298 implere
987 2254 1075 2282 non
1091 2241 1295 2298 possunt?
1317 2239 1446 2293 Quod

60 2315 95 2359 si
109 2314 169 2359 ita
183 2322 261 2369 est,
276 2314 370 2357 haec
383 2321 446 2356 est
458 2321 501 2356 et
517 2310 664 2371 pluvia
681 2310 940 2364 voluntaria,
956 2308 1010 2353 de
1022 2326 1107 2370 qua
1127 2320 1445 2370 consequenter

61 2384 167 2430 dicit
184 2403 193 2429 ι
223 2403 243 2426 «
261 2382 458 2428 Pluviam
477 2381 768 2426 voluntariam
792 2395 1034 2439 segregans,
1053 2384 1183 2434 Deus,
1200 2381 1444 2424 haereditati

66 2473 88 2497 »
121 2464 210 2499 tuae
237 2472 245 2498 :
268 2471 289 2495 »
321 2452 424 2513 quia
444 2467 535 2496 non
555 2451 659 2496 fecit
678 2451 738 2495 sic
768 2450 848 2495 ulli
871 2451 1018 2509 genti,
1047 2469 1068 2493 «
1096 2454 1153 2495 Et
1167 2451 1333 2511 judicia
1366 2466 1443 2494 sua

115 2556 124 2573 ¹
152 2549 199 2581 Id.
227 2559 300 2589 cxx,
337 2550 428 2588 1‚‘2.
454 2564 496 2570 —-
516 2552 529 2569 ²
555 2545 637 2579 Psal.
664 2557 757 2588 mxxv,
782 2545 813 2578 5.
841 2563 882 2569 -
903 2543 916 2568 3
935 2546 1056 2588 Ephcs.
1085 2558 1124 2587 11,
1163 2545 1249 2578 8-10.
1281 2543 1445 2578 —4Psat

75 2616 166 2647 xvnx,
186 2614 217 2637 2.
238 2621 272 2627 -
298 2602 313 2626 5
330 2606 408 2637 Gen.
425 2614 448 2644 1,
472 2605 520 2635 18.
542 2619 583 2625 —
601 2600 817 2643 ⁶1d.w‚24.
838 2618 879 2625 -—
897 2609 910 2634 7
927 2602 1115 2640 Exod.x1x,
1136 2601 1184 2632 18.
