1889 3285
378 247 618 276 ENARRATio
650 250 695 276 m
729 248 932 276 PSALMUM
963 249 1098 275 van.
1350 235 1432 272 287

51 329 184 374 quem
205 314 334 357 etiam
355 314 473 357 hunc
499 313 790 372 suspicamini.
816 316 913 358 Non
946 312 1062 356 enim
1083 311 1184 371 quia
1208 319 1252 354 et
1271 309 1335 354 illi
1359 325 1436 370 per

50 383 294 442 adoptionis
316 382 492 440 gratiam
517 382 596 426 filii
629 382 706 427 Dei
727 393 855 437 sunt,
881 381 979 426 ideo
1002 381 1233 441 quisquam
1260 379 1436 424 illorum

50 462 115 497 est
137 453 389 510 Unigenitus
405 487 416 507 ‚
452 453 524 496 cui
545 452 708 496 diceret
735 472 744 497 :
772 472 794 494 ι(
819 451 927 497 Sede
947 449 1003 494 ad
1023 451 1244 494 dexteram
1268 465 1406 494 meam
1422 484 1434 505 ‚

56 543 74 564 »
110 521 250 567 donec
272 538 432 581 ponam
455 523 652 567 inimicos
678 532 774 566 tuos
797 522 878 567 sub
899 520 1083 580 pedibus
1107 521 1189 564 tuis
1205 523 1235 563 1.
1261 519 1436 564 Etenim

44 610 78 633 -»
112 592 320 636 Dominus
349 592 614 636 inhabitabit
640 607 779 652 usque
809 592 855 636 in
882 592 1016 635 finem
1049 610 1056 635 :
1092 607 1112 630 »
1139 589 1185 633 id
1222 599 1306 645 est,
1343 588 1439 634 illos

54 672 224 707 montes
245 678 334 707 non
355 662 669 722 comparandos
703 663 805 707 huie
835 662 997 717 monti,
1028 662 1118 721 ipse
1138 661 1346 705 Dominus
1369 661 1439 703 in-

54 732 270 776 habitabit
285 767 296 787 ,
317 733 393 793 qui
416 741 479 776 est
496 748 621 777 mons
643 743 819 793 paratus
840 732 885 775 in
913 731 1139 776 cacumine
1163 729 1408 774 montium²
1427 749 1440 786 3

55 813 105 847 ut
125 802 336 863 perducat
358 818 429 847 eos
447 804 494 846 in
520 803 654 847 finem
671 839 682 858 ,
714 803 760 847 id
786 812 871 858 est,
896 803 943 846 in
964 817 1008 847 se
1029 803 1172 862 ipsum
1196 801 1307 846 sicut
1328 804 1442 846 Deus

56 882 120 917 est
139 873 544 933 contemplandum.
574 892 593 915 α
620 874 737 918 Finis
754 874 868 917 enim
888 874 1013 932 Legis
1035 873 1253 928 Christus,
1279 872 1335 916 ad
1344 874 1442 932 jus-

58 961 80 985 »
114 944 255 988 titiam
277 945 397 988 omni
413 944 653 988 credenti?
675 965 693 986 »
720 948 809 989 Deo
831 945 979 1005 itaque
1003 944 1164 1004 placuit
1185 944 1380 988 habitare
1396 943 1441 986 in

55 1013 138 1058 isto
153 1023 325 1069 monte⁷
342 1015 416 1074 qui
436 1024 608 1073 paratus
627 1024 690 1059 est
710 1015 756 1058 in
777 1015 1003 1059 cacumine
1025 1015 1241 1058 montium
1263 1029 1271 1054 :
1293 1014 1363 1058 cui
1381 1013 1443 1056 di-

36 1085 145 1140 ,citt
176 1104 195 1126 «
223 1088 288 1129 Tu
310 1101 354 1129 es
377 1085 513 1130 Filius
545 1102 666 1130 meus
698 1085 904 1140 dilectus,
931 1086 977 1129 in
1008 1101 1096 1146 quo
1115 1085 1228 1130 bene
1249 1084 1443 1144 compla—

60 1174 81 1196 υ
117 1155 227 1199 ευῢ.
257 1174 276 1196 »
305 1158 323 1199 Ι
329 1171 401 1215 pse
419 1165 565 1200 autem
587 1172 712 1201 mons
730 1157 940 1200 Dominus
957 1167 1035 1211 est,
1056 1156 1133 1216 qui
1149 1155 1253 1200 alios
1275 1164 1446 1200 montes

57 1225 323 1269 inhabitabit
343 1226 390 1268 in
422 1225 554 1269 finem
571 1261 582 1281 ,
608 1226 654 1269 in
677 1242 866 1287 quorum
893 1227 1118 1270 cacumine
1152 1235 1326 1286 paratus
1364 1235 1442 1270 est.

63 1313 84 1336 ι(
118 1298 238 1339 Unus
271 1296 387 1339 enim
415 1299 530 1338 Deus
568 1306 611 1337 et
637 1312 752 1337 unus
782 1296 996 1340 mediator
1030 1297 1107 1338 Dei
1136 1305 1180 1336 et
1215 1296 1446 1336 hominum

61 1381 83 1405 »
116 1364 251 1407 homo
273 1363 472 1406 Christus
488 1365 612 1406 Jesus
627 1365 660 1418 ⁵,
688 1384 705 1404 »
733 1378 857 1407 mons
879 1362 1113 1416 montium,
1140 1361 1253 1406 sicut
1274 1371 1446 1406 sanctus

59 1442 325 1478 sanctorum.
353 1432 478 1476 Unde
501 1432 607 1476 dicit
633 1452 641 1476 :
671 1451 691 1474 «
715 1435 810 1491 Ego
837 1433 883 1476 in
905 1432 992 1488 eis,
1023 1441 1066 1476 et
1087 1441 1136 1476 tu
1156 1432 1203 1475 in
1223 1447 1293 1476 me
1307 1434 1339 1476 ⁶.
1365 1434 1447 1477 Ut-

63 1522 85 1546 »
119 1502 227 1563 quid
249 1518 352 1562 ergo
379 1503 656 1562 suspicamini
680 1513 849 1547 montes
875 1504 1109 1548 incaseatos
1129 1539 1140 1559 ‚
1175 1513 1370 1548 montem
1402 1503 1450 1547 in

66 1595 85 1618 »
120 1590 208 1635 quo
229 1573 392 1634 placuit
407 1578 496 1618 Deo
510 1575 755 1619 inhabitare
774 1575 820 1618 in
837 1577 916 1619 eo?
930 1593 949 1616 ›>
968 1575 1142 1619 Etenim
1164 1584 1333 1619 montes
1354 1574 1450 1619 illos

62 1645 298 1690 incaseatos
318 1645 528 1690 Dominus
541 1646 620 1689 iste
631 1661 755 1690 mons
773 1646 1012 1690 incaseatus
1028 1645 1291 1690 inhabitabit
1311 1661 1450 1706 usquc

62 1717 108 1760 in
131 1717 262 1760 finem
279 1751 290 1771 ‚
314 1725 366 1760 ut
388 1715 555 1775 aliquid
571 1716 657 1760 sint
677 1716 839 1776 quibus
859 1717 942 1761 ait:
969 1735 986 1757 ‹.‹
1010 1716 1120 1769 Quia
1136 1716 1228 1760 sine
1248 1731 1318 1760 me
1341 1716 1451 1760 nihil

66 1804 88 1828 »
121 1787 298 1846 potestis
321 1785 462 1830 facere
477 1788 508 1829 ⁷.
531 1804 552 1828 »

123 1858 286 1900 XXIV.
308 1859 371 1899 Ita
386 1856 435 1900 fit
447 1855 578 1899 etiam
600 1857 722 1916 quod
739 1857 960 1916 sequitur:
983 1859 1182 1902 «Currus
1199 1857 1277 1901 Dei
1299 1856 1452 1902 decem

68 1945 89 1968 »
124 1925 312 1970 millium
329 1925 558 1985 multiplex
573 1942 581 1966 2
597 1944 617 1966 η
629 1925 714 1981 vel,
731 1945 751 1968 «
763 1929 934 1970 Denum
947 1926 1133 1970 millium
1144 1927 1390 1987 multiplex3
1405 1948 1413 1973 :
1427 1947 1448 1970 >›

65 1996 135 2040 vel
153 2032 164 2050 ‚
188 2016 208 2039 «
228 1997 376 2041 Decies
398 1996 552 2040 millies
568 1995 813 2056 multiplex.
842 1998 987 2040 Unum
1009 1996 1194 2039 verbum
1211 1999 1327 2040 enim
1350 2014 1453 2056 grae-

68 2081 168 2111 cum
183 2066 294 2110 sicut
307 2068 492 2125 quisque
504 2067 647 2124 potuit
662 2067 899 2112 latinorum
915 2068 1202 2127 interpretum
1216 2068 1450 2124 transtulit,

69 2136 190 2196 quod
215 2136 277 2179 ibi
305 2136 473 2180 dictum
507 2144 596 2190 est,
638 2146 875 2188 μυριεπῑκάσιω.
903 2138 1055 2182 Latine
1083 2147 1228 2183 autem
1256 2139 1356 2183 satis
1377 2155 1454 2183 ex·-

69 2206 198 2267 primi
219 2222 308 2250 non
329 2206 473 2266 potuit
491 2224 500 2250 2
521 2205 728 2265 quoniam
749 2205 867 2249 mille
890 2208 1007 2266 apud
1030 2224 1190 2267 grae-cos
1206 2217 1292 2260 73:222
1306 2209 1456 2254 dicun-

70 2287 158 2334 tur,
185 2282 332 2330 μυριάδες
350 2286 496 2320 autem
516 2275 644 2335 plura
675 2274 787 2319 dena
821 2275 955 2320 millia
983 2297 991 2321 ε
1017 2286 1128 2331 μυριὰς
1157 2280 1319 2339 quippe
1339 2296 1452 2335 una,

39 2347 46 2352 ’
72 2349 223 2393 decem
237 2347 371 2392 millia
391 2356 506 2390 sunt.
527 2349 755 2405 Ingentem
773 2347 921 2407 itaque
938 2347 1268 2394 multitudinem
1284 2361 1457 2395 sancto-

73 2434 172 2462 rum
203 2427 334 2478 atque
362 2416 556 2461 fidelium
572 2451 583 2472 ‚
620 2416 697 2476 qui
723 2415 937 2476 portando
963 2421 1103 2462 Deum
1124 2419 1238 2464 fiunt
1265 2420 1457 2480 quodam

122 2523 132 2539 ¹
151 2516 231 2548 Psal.
251 2527 318 2556 ent,
348 2527 377 2547 1.
398 2532 440 2537 —
468 2516 573 2546 21sai.
603 2526 628 2546 11
642 2539 652 2556 ‚
667 2523 700 2546 2.
720 2531 762 2537 —
778 2513 791 2537 3
810 2517 903 2547 Rom.
921 2527 954 2556 x,
970 2514 1002 2557 4.
1026 2533 1068 2539 -
1086 2515 1103 2544 4
1121 2517 1233 2549 Matth.
1255 2529 1301 2559 111,
1327 2529 1378 2560 17.
1415 2534 1458 2541 -

78 2570 93 2594 ⁵
114 2582 128 2604 1
150 2571 230 2604 Tim.
251 2582 288 2612 11,
308 2571 338 2603 5.
357 2586 398 2592 ·—
416 2567 431 2593 ⁶
448 2572 540 2602 Joan.
559 2581 637 2610 xvn,
660 2570 713 2602 23.
737 2587 779 2593 —
797 2577 812 2603 7
837 2571 885 2603 Id.
905 2581 961 2612 xv,
987 2570 1020 2603 5.
1046 2588 1086 2595 —
1107 2570 1122 2595 8
1146 2572 1224 2605 Psal.
1242 2583 1340 2615 van,
1359 2572 1412 2606 18.
