<?xml version="1.0" encoding="UTF-8"?>
<!DOCTYPE html PUBLIC "-//W3C//DTD XHTML 1.0 Transitional//EN"
    "http://www.w3.org/TR/xhtml1/DTD/xhtml1-transitional.dtd">
<html xmlns="http://www.w3.org/1999/xhtml" xml:lang="en" lang="en">
 <head>
  <title>
</title>
<meta http-equiv="Content-Type" content="text/html;charset=utf-8" />
  <meta name='ocr-system' content='tesseract 3.04.00' />
  <meta name='ocr-capabilities' content='ocr_page ocr_carea ocr_par ocr_line ocrx_word'/>
</head>
<body>
  <div class='ocr_page' id='page_1' title='image "./operaomniaaccura09auguuoft_0307.png"; bbox 0 0 1889 3285; ppageno 0'>
   <div class='ocr_carea' id='block_1_1' title="bbox 14 594 31 1368">
    <p class='ocr_par' dir='ltr' id='par_1_1' title="bbox 14 594 31 1368">
     <span class='ocr_line' id='line_1_1' title="bbox 14 594 31 1368; baseline 0 0"><span class='ocrx_word' id='word_1_1' title='bbox 14 594 31 1368; x_wconf 95' lang='lat' dir='ltr'> </span> 
     </span>
    </p>
   </div>
   <div class='ocr_carea' id='block_1_2' title="bbox 421 247 1466 289">
    <p class='ocr_par' dir='ltr' id='par_1_2' title="bbox 421 247 1466 289">
     <span class='ocr_line' id='line_1_2' title="bbox 421 247 1466 289; baseline -0.002 -1"><span class='ocrx_word' id='word_1_2' title='bbox 421 261 662 289; x_wconf 66' lang='lat' dir='ltr'>nunna-110</span> <span class='ocrx_word' id='word_1_3' title='bbox 695 262 738 288; x_wconf 73' lang='lat' dir='ltr'>m</span> <span class='ocrx_word' id='word_1_4' title='bbox 772 259 973 289; x_wconf 69' lang='lat' dir='ltr'>PSALMUM</span> <span class='ocrx_word' id='word_1_5' title='bbox 1007 261 1142 288; x_wconf 69' lang='lat' dir='ltr'>vatr.</span> <span class='ocrx_word' id='word_1_6' title='bbox 1384 247 1466 287; x_wconf 73' lang='lat'>295</span> 
     </span>
    </p>
   </div>
   <div class='ocr_carea' id='block_1_3' title="bbox 32 305 1468 386">
    <p class='ocr_par' dir='ltr' id='par_1_3' title="bbox 32 305 1468 386">
     <span class='ocr_line' id='line_1_3' title="bbox 32 305 1468 386; baseline -0.001 -16"><span class='ocrx_word' id='word_1_7' title='bbox 32 305 35 377; x_wconf 28' lang='lat' dir='ltr'>s</span> <span class='ocrx_word' id='word_1_8' title='bbox 86 335 135 371; x_wconf 82' lang='lat' dir='ltr'>ut</span> <span class='ocrx_word' id='word_1_9' title='bbox 155 326 236 386; x_wconf 89' lang='lat' dir='ltr'>ipsi</span> <span class='ocrx_word' id='word_1_10' title='bbox 261 326 338 386; x_wconf 88' lang='lat' dir='ltr'>qui</span> <span class='ocrx_word' id='word_1_11' title='bbox 369 325 423 370; x_wconf 85' lang='lat' dir='ltr'>ad</span> <span class='ocrx_word' id='word_1_12' title='bbox 449 335 491 371; x_wconf 87' lang='lat' dir='ltr'>te</span> <span class='ocrx_word' id='word_1_13' title='bbox 522 335 856 380; x_wconf 83' lang='lat' dir='ltr'>convertuntur,</span> <span class='ocrx_word' id='word_1_14' title='bbox 890 324 961 370; x_wconf 88' lang='lat' dir='ltr'>vel</span> <span class='ocrx_word' id='word_1_15' title='bbox 991 325 1046 368; x_wconf 84' lang='lat' dir='ltr'>ad</span> <span class='ocrx_word' id='word_1_16' title='bbox 1079 340 1191 384; x_wconf 88' lang='lat' dir='ltr'>quos</span> <span class='ocrx_word' id='word_1_17' title='bbox 1220 323 1468 369; x_wconf 80' lang='lat' dir='ltr'>liberandos</span> 
     </span>
    </p>
   </div>
   <div class='ocr_carea' id='block_1_4' title="bbox 85 393 1469 455">
    <p class='ocr_par' dir='ltr' id='par_1_4' title="bbox 85 393 1469 455">
     <span class='ocr_line' id='line_1_4' title="bbox 85 393 1469 455; baseline -0.001 -15"><span class='ocrx_word' id='word_1_18' title='bbox 85 397 346 441; x_wconf 86' lang='lat' dir='ltr'>converteris</span> <span class='ocrx_word' id='word_1_19' title='bbox 361 431 371 451; x_wconf 87' lang='lat'>,</span> <span class='ocrx_word' id='word_1_20' title='bbox 392 396 493 441; x_wconf 88' lang='lat' dir='ltr'>licet</span> <span class='ocrx_word' id='word_1_21' title='bbox 517 396 562 440; x_wconf 89' lang='lat' dir='ltr'>in</span> <span class='ocrx_word' id='word_1_22' title='bbox 581 394 801 455; x_wconf 83' lang='lat' dir='ltr'>profundo</span> <span class='ocrx_word' id='word_1_23' title='bbox 825 395 954 439; x_wconf 85' lang='lat' dir='ltr'>maris</span> <span class='ocrx_word' id='word_1_24' title='bbox 970 409 1101 439; x_wconf 87' lang='lat' dir='ltr'>onere</span> <span class='ocrx_word' id='word_1_25' title='bbox 1125 394 1366 454; x_wconf 85' lang='lat' dir='ltr'>iniquitatis</span> <span class='ocrx_word' id='word_1_26' title='bbox 1388 393 1469 438; x_wconf 87' lang='lat' dir='ltr'>de-</span> 
     </span>
    </p>
   </div>
   <div class='ocr_carea' id='block_1_5' title="bbox 28 463 1469 596">
    <p class='ocr_par' dir='ltr' id='par_1_5' title="bbox 28 463 1469 596">
     <span class='ocr_line' id='line_1_5' title="bbox 29 463 1467 524; baseline -0.001 -15"><span class='ocrx_word' id='word_1_27' title='bbox 29 473 31 520; x_wconf 64' lang='lat' dir='ltr'>j</span> <span class='ocrx_word' id='word_1_28' title='bbox 84 466 217 524; x_wconf 86' lang='lat' dir='ltr'>pressi</span> <span class='ocrx_word' id='word_1_29' title='bbox 238 464 421 520; x_wconf 82' lang='lat' dir='ltr'>fuerint,</span> <span class='ocrx_word' id='word_1_30' title='bbox 446 465 491 508; x_wconf 90' lang='lat' dir='ltr'>in</span> <span class='ocrx_word' id='word_1_31' title='bbox 510 473 682 509; x_wconf 83' lang='lat' dir='ltr'>tantum</span> <span class='ocrx_word' id='word_1_32' title='bbox 700 465 834 523; x_wconf 86' lang='lat' dir='ltr'>gratia</span> <span class='ocrx_word' id='word_1_33' title='bbox 856 473 930 509; x_wconf 88' lang='lat' dir='ltr'>tua</span> <span class='ocrx_word' id='word_1_34' title='bbox 952 463 1207 522; x_wconf 82' lang='lat' dir='ltr'>proficiant,</span> <span class='ocrx_word' id='word_1_35' title='bbox 1231 464 1435 523; x_wconf 75' lang='lat' dir='ltr'>quoniam</span> <span class='ocrx_word' id='word_1_36' title='bbox 1452 498 1467 519; x_wconf 89' lang='lat'>,</span> 
     </span>
     <span class='ocr_line' id='line_1_6' title="bbox 28 534 1469 596; baseline 0 -18"><span class='ocrx_word' id='word_1_37' title='bbox 28 547 31 589; x_wconf 69' lang='grc' dir='ltr'>ξ</span> <span class='ocrx_word' id='word_1_38' title='bbox 89 554 110 578; x_wconf 87' lang='grc'>«</span> <span class='ocrx_word' id='word_1_39' title='bbox 145 536 230 580; x_wconf 88' lang='lat' dir='ltr'>Ubi</span> <span class='ocrx_word' id='word_1_40' title='bbox 252 535 491 580; x_wconf 83' lang='lat' dir='ltr'>abundavit</span> <span class='ocrx_word' id='word_1_41' title='bbox 515 545 760 596; x_wconf 87' lang='lat' dir='ltr'>peccatum,</span> <span class='ocrx_word' id='word_1_42' title='bbox 780 534 1153 595; x_wconf 82' lang='lat' dir='ltr'>superabundavit</span> <span class='ocrx_word' id='word_1_43' title='bbox 1174 535 1308 592; x_wconf 87' lang='lat' dir='ltr'>gratia</span> <span class='ocrx_word' id='word_1_44' title='bbox 1322 537 1354 589; x_wconf 82' lang='lat'>¹,</span> <span class='ocrx_word' id='word_1_45' title='bbox 1373 552 1396 575; x_wconf 83' lang='lat'>»</span> <span class='ocrx_word' id='word_1_46' title='bbox 1417 543 1469 578; x_wconf 86' lang='lat' dir='ltr'>ut</span> 
     </span>
    </p>
   </div>
   <div class='ocr_carea' id='block_1_6' title="bbox 83 603 1491 1084">
    <p class='ocr_par' dir='ltr' id='par_1_6' title="bbox 83 603 1467 875">
     <span class='ocr_line' id='line_1_7' title="bbox 83 603 1466 665; baseline -0.001 -15"><span class='ocrx_word' id='word_1_47' title='bbox 83 606 191 650; x_wconf 85' lang='lat' dir='ltr'>fiant</span> <span class='ocrx_word' id='word_1_48' title='bbox 212 621 284 665; x_wconf 89' lang='lat' dir='ltr'>pes</span> <span class='ocrx_word' id='word_1_49' title='bbox 302 614 403 649; x_wconf 83' lang='lat' dir='ltr'>tuus</span> <span class='ocrx_word' id='word_1_50' title='bbox 419 606 532 650; x_wconf 86' lang='lat' dir='ltr'>inter</span> <span class='ocrx_word' id='word_1_51' title='bbox 550 606 746 650; x_wconf 85' lang='lat' dir='ltr'>membra</span> <span class='ocrx_word' id='word_1_52' title='bbox 763 614 852 660; x_wconf 88' lang='lat' dir='ltr'>tua,</span> <span class='ocrx_word' id='word_1_53' title='bbox 878 605 933 649; x_wconf 84' lang='lat' dir='ltr'>ad</span> <span class='ocrx_word' id='word_1_54' title='bbox 955 603 1304 648; x_wconf 85' lang='lat' dir='ltr'>annuntiandum</span> <span class='ocrx_word' id='word_1_55' title='bbox 1326 607 1466 648; x_wconf 85' lang='lat' dir='ltr'>Evan-</span> 
     </span>
     <span class='ocr_line' id='line_1_8' title="bbox 83 675 1463 735; baseline -0.001 -16"><span class='ocrx_word' id='word_1_56' title='bbox 83 675 241 733; x_wconf 87' lang='lat' dir='ltr'>gelium</span> <span class='ocrx_word' id='word_1_57' title='bbox 262 685 403 732; x_wconf 85' lang='lat' dir='ltr'>tuum,</span> <span class='ocrx_word' id='word_1_58' title='bbox 429 685 472 720; x_wconf 90' lang='lat' dir='ltr'>et</span> <span class='ocrx_word' id='word_1_59' title='bbox 488 692 567 735; x_wconf 85' lang='lat' dir='ltr'>pro</span> <span class='ocrx_word' id='word_1_60' title='bbox 584 677 760 720; x_wconf 88' lang='lat' dir='ltr'>nomine</span> <span class='ocrx_word' id='word_1_61' title='bbox 773 685 849 720; x_wconf 86' lang='lat' dir='ltr'>tuo</span> <span class='ocrx_word' id='word_1_62' title='bbox 862 675 937 719; x_wconf 82' lang='lat' dir='ltr'>diu</span> <span class='ocrx_word' id='word_1_63' title='bbox 960 675 1169 719; x_wconf 79' lang='lat' dir='ltr'>ducentes</span> <span class='ocrx_word' id='word_1_64' title='bbox 1190 675 1463 731; x_wconf 75' lang='lat' dir='ltr'>martyrium,</span> 
     </span>
     <span class='ocr_line' id='line_1_9' title="bbox 83 744 1467 805; baseline -0.001 -16"><span class='ocrx_word' id='word_1_65' title='bbox 83 760 224 805; x_wconf 88' lang='lat' dir='ltr'>usque</span> <span class='ocrx_word' id='word_1_66' title='bbox 245 745 298 789; x_wconf 90' lang='lat' dir='ltr'>ad</span> <span class='ocrx_word' id='word_1_67' title='bbox 320 747 574 804; x_wconf 86' lang='lat' dir='ltr'>sanguinem</span> <span class='ocrx_word' id='word_1_68' title='bbox 597 755 775 790; x_wconf 75' lang='lat' dir='ltr'><strong>certent.</strong></span> <span class='ocrx_word' id='word_1_69' title='bbox 804 746 871 790; x_wconf 82' lang='lat' dir='ltr'>Sic</span> <span class='ocrx_word' id='word_1_70' title='bbox 890 744 1004 788; x_wconf 82' lang='lat' dir='ltr'>enim</span> <span class='ocrx_word' id='word_1_71' title='bbox 1022 778 1034 798; x_wconf 89' lang='lat'>,</span> <span class='ocrx_word' id='word_1_72' title='bbox 1065 752 1111 788; x_wconf 84' lang='lat' dir='ltr'>ut</span> <span class='ocrx_word' id='word_1_73' title='bbox 1132 744 1333 799; x_wconf 82' lang='lat' dir='ltr'>arbitror,</span> <span class='ocrx_word' id='word_1_74' title='bbox 1359 757 1467 788; x_wconf 78' lang='lat' dir='ltr'>con-</span> 
     </span>
     <span class='ocr_line' id='line_1_10' title="bbox 83 814 1279 875; baseline 0.001 -17"><span class='ocrx_word' id='word_1_75' title='bbox 83 814 326 859; x_wconf 86' lang='lat' dir='ltr'>venientius</span> <span class='ocrx_word' id='word_1_76' title='bbox 342 815 599 872; x_wconf 84' lang='lat' dir='ltr'>intelligitur</span> <span class='ocrx_word' id='word_1_77' title='bbox 614 830 688 875; x_wconf 91' lang='lat' dir='ltr'>pes</span> <span class='ocrx_word' id='word_1_78' title='bbox 711 817 800 875; x_wconf 87' lang='lat' dir='ltr'>ejus</span> <span class='ocrx_word' id='word_1_79' title='bbox 818 815 979 859; x_wconf 87' lang='lat' dir='ltr'>tinctus</span> <span class='ocrx_word' id='word_1_80' title='bbox 995 815 1042 857; x_wconf 91' lang='lat' dir='ltr'>in</span> <span class='ocrx_word' id='word_1_81' title='bbox 1058 815 1279 872; x_wconf 86' lang='lat' dir='ltr'>sanguine.</span> 
     </span>
    </p>

    <p class='ocr_par' dir='ltr' id='par_1_7' title="bbox 83 884 1491 1084">
     <span class='ocr_line' id='line_1_11' title="bbox 141 884 1468 945; baseline -0.002 -17"><span class='ocrx_word' id='word_1_82' title='bbox 141 886 330 928; x_wconf 87' lang='lat' dir='ltr'>XXXII.</span> <span class='ocrx_word' id='word_1_83' title='bbox 362 885 560 945; x_wconf 85' lang='lat' dir='ltr'>Denique</span> <span class='ocrx_word' id='word_1_84' title='bbox 586 885 784 945; x_wconf 86' lang='lat' dir='ltr'>adjungit</span> <span class='ocrx_word' id='word_1_85' title='bbox 816 903 826 929; x_wconf 85' lang='lat'><strong>:</strong></span> <span class='ocrx_word' id='word_1_86' title='bbox 854 903 871 925; x_wconf 82' lang='grc'>«</span> <span class='ocrx_word' id='word_1_87' title='bbox 905 884 1076 943; x_wconf 80' lang='lat' dir='ltr'>Lingua</span> <span class='ocrx_word' id='word_1_88' title='bbox 1108 899 1268 927; x_wconf 86' lang='lat' dir='ltr'>canum</span> <span class='ocrx_word' id='word_1_89' title='bbox 1292 892 1468 927; x_wconf 85' lang='lat' dir='ltr'>tuorum</span> 
     </span>
     <span class='ocr_line' id='line_1_12' title="bbox 86 954 1473 1015; baseline 0 -18"><span class='ocrx_word' id='word_1_90' title='bbox 86 972 110 996; x_wconf 83' lang='lat'>&gt;›</span> <span class='ocrx_word' id='word_1_91' title='bbox 141 969 193 998; x_wconf 87' lang='lat' dir='ltr'>ex</span> <span class='ocrx_word' id='word_1_92' title='bbox 213 955 396 999; x_wconf 87' lang='lat' dir='ltr'>inimicis</span> <span class='ocrx_word' id='word_1_93' title='bbox 418 956 472 999; x_wconf 89' lang='lat' dir='ltr'>ab</span> <span class='ocrx_word' id='word_1_94' title='bbox 492 956 611 1015; x_wconf 77' lang='lat' dir='ltr'>ipso²</span> <span class='ocrx_word' id='word_1_95' title='bbox 632 975 640 1002; x_wconf 96' lang='lat'><strong>:</strong></span> <span class='ocrx_word' id='word_1_96' title='bbox 670 976 687 996; x_wconf 90' lang='lat'>»</span> <span class='ocrx_word' id='word_1_97' title='bbox 711 954 885 1000; x_wconf 87' lang='lat' dir='ltr'>eosdem</span> <span class='ocrx_word' id='word_1_98' title='bbox 907 955 1020 1014; x_wconf 89' lang='lat' dir='ltr'>ipsos</span> <span class='ocrx_word' id='word_1_99' title='bbox 1042 955 1118 1014; x_wconf 90' lang='lat' dir='ltr'>qui</span> <span class='ocrx_word' id='word_1_100' title='bbox 1137 969 1276 1014; x_wconf 88' lang='lat' dir='ltr'>usque</span> <span class='ocrx_word' id='word_1_101' title='bbox 1294 954 1349 998; x_wconf 83' lang='lat' dir='ltr'>ad</span> <span class='ocrx_word' id='word_1_102' title='bbox 1371 968 1473 997; x_wconf 88' lang='lat' dir='ltr'>san-</span> 
     </span>
     <span class='ocr_line' id='line_1_13' title="bbox 83 1023 1491 1084; baseline -0.001 -17"><span class='ocrx_word' id='word_1_103' title='bbox 83 1024 258 1082; x_wconf 87' lang='lat' dir='ltr'>guinem</span> <span class='ocrx_word' id='word_1_104' title='bbox 275 1023 450 1069; x_wconf 87' lang='lat' dir='ltr'>fuerant</span> <span class='ocrx_word' id='word_1_105' title='bbox 470 1041 550 1084; x_wconf 91' lang='lat' dir='ltr'>pro</span> <span class='ocrx_word' id='word_1_106' title='bbox 572 1025 660 1069; x_wconf 84' lang='lat' dir='ltr'>fide</span> <span class='ocrx_word' id='word_1_107' title='bbox 681 1024 927 1084; x_wconf 86' lang='lat' dir='ltr'>evangelica</span> <span class='ocrx_word' id='word_1_108' title='bbox 951 1025 1172 1079; x_wconf 85' lang='lat' dir='ltr'>certaturi,</span> <span class='ocrx_word' id='word_1_109' title='bbox 1188 1024 1320 1068; x_wconf 87' lang='lat' dir='ltr'>etiam</span> <span class='ocrx_word' id='word_1_110' title='bbox 1341 1037 1491 1080; x_wconf 34' lang='lat' dir='ltr'>canes‘</span> 
     </span>
    </p>
   </div>
   <div class='ocr_carea' id='block_1_7' title="bbox 18 1091 1470 1155">
    <p class='ocr_par' dir='ltr' id='par_1_8' title="bbox 18 1091 1470 1155">
     <span class='ocr_line' id='line_1_14' title="bbox 18 1091 1470 1155; baseline -0.001 -18"><span class='ocrx_word' id='word_1_111' title='bbox 18 1109 20 1128; x_wconf 55' lang='grc' dir='ltr'>ι</span> <span class='ocrx_word' id='word_1_112' title='bbox 82 1108 240 1138; x_wconf 87' lang='lat' dir='ltr'>vocans</span> <span class='ocrx_word' id='word_1_113' title='bbox 255 1128 266 1149; x_wconf 92' lang='lat'>,</span> <span class='ocrx_word' id='word_1_114' title='bbox 292 1103 500 1155; x_wconf 83' lang='lat' dir='ltr'>tanquam</span> <span class='ocrx_word' id='word_1_115' title='bbox 523 1111 603 1154; x_wconf 88' lang='lat' dir='ltr'>pro</span> <span class='ocrx_word' id='word_1_116' title='bbox 621 1110 698 1139; x_wconf 90' lang='lat' dir='ltr'>suo</span> <span class='ocrx_word' id='word_1_117' title='bbox 716 1094 903 1138; x_wconf 89' lang='lat' dir='ltr'>Domino</span> <span class='ocrx_word' id='word_1_118' title='bbox 919 1093 1141 1137; x_wconf 79' lang='lat' dir='ltr'>latrantes.</span> <span class='ocrx_word' id='word_1_119' title='bbox 1162 1095 1261 1138; x_wconf 88' lang='lat' dir='ltr'>Non</span> <span class='ocrx_word' id='word_1_120' title='bbox 1283 1091 1381 1136; x_wconf 89' lang='lat' dir='ltr'>illos</span> <span class='ocrx_word' id='word_1_121' title='bbox 1401 1107 1470 1136; x_wconf 73' lang='lat' dir='ltr'>ca·</span> 
     </span>
    </p>
   </div>
   <div class='ocr_carea' id='block_1_8' title="bbox 82 1160 1468 1223">
    <p class='ocr_par' dir='ltr' id='par_1_9' title="bbox 82 1160 1468 1223">
     <span class='ocr_line' id='line_1_15' title="bbox 82 1160 1468 1223; baseline 0 -17"><span class='ocrx_word' id='word_1_122' title='bbox 82 1177 181 1217; x_wconf 88' lang='lat' dir='ltr'>nes,</span> <span class='ocrx_word' id='word_1_123' title='bbox 216 1162 271 1206; x_wconf 90' lang='lat' dir='ltr'>de</span> <span class='ocrx_word' id='word_1_124' title='bbox 291 1164 452 1223; x_wconf 90' lang='lat' dir='ltr'>quibus</span> <span class='ocrx_word' id='word_1_125' title='bbox 478 1164 584 1207; x_wconf 83' lang='lat' dir='ltr'>dicit</span> <span class='ocrx_word' id='word_1_126' title='bbox 609 1164 839 1222; x_wconf 84' lang='lat' dir='ltr'>Apostolus</span> <span class='ocrx_word' id='word_1_127' title='bbox 865 1182 874 1206; x_wconf 75' lang='lat' dir='ltr'><strong><em>z</em></strong></span> <span class='ocrx_word' id='word_1_128' title='bbox 905 1181 924 1203; x_wconf 88' lang='lat'>«</span> <span class='ocrx_word' id='word_1_129' title='bbox 949 1164 1109 1206; x_wconf 86' lang='lat' dir='ltr'>Cavete</span> <span class='ocrx_word' id='word_1_130' title='bbox 1130 1176 1255 1205; x_wconf 87' lang='lat' dir='ltr'>canes</span> <span class='ocrx_word' id='word_1_131' title='bbox 1272 1163 1286 1188; x_wconf 78' lang='lat'>³</span> <span class='ocrx_word' id='word_1_132' title='bbox 1314 1180 1324 1206; x_wconf 89' lang='lat'>:</span> <span class='ocrx_word' id='word_1_133' title='bbox 1350 1179 1370 1202; x_wconf 72' lang='lat' dir='ltr'>n</span> <span class='ocrx_word' id='word_1_134' title='bbox 1392 1160 1468 1206; x_wconf 87' lang='lat' dir='ltr'>sed</span> 
     </span>
    </p>
   </div>
   <div class='ocr_carea' id='block_1_9' title="bbox 14 1230 1467 1347">
    <p class='ocr_par' dir='ltr' id='par_1_10' title="bbox 14 1230 1467 1347">
     <span class='ocr_line' id='line_1_16' title="bbox 14 1230 1467 1292; baseline 0 -16"><span class='ocrx_word' id='word_1_135' title='bbox 14 1267 17 1286; x_wconf 70' lang='lat'>,</span> <span class='ocrx_word' id='word_1_136' title='bbox 80 1230 177 1276; x_wconf 87' lang='lat' dir='ltr'>illos</span> <span class='ocrx_word' id='word_1_137' title='bbox 195 1233 272 1292; x_wconf 88' lang='lat' dir='ltr'>qui</span> <span class='ocrx_word' id='word_1_138' title='bbox 294 1232 431 1277; x_wconf 89' lang='lat' dir='ltr'>edunt</span> <span class='ocrx_word' id='word_1_139' title='bbox 448 1233 504 1276; x_wconf 91' lang='lat' dir='ltr'>de</span> <span class='ocrx_word' id='word_1_140' title='bbox 524 1232 644 1276; x_wconf 86' lang='lat' dir='ltr'>micis</span> <span class='ocrx_word' id='word_1_141' title='bbox 664 1267 675 1287; x_wconf 95' lang='lat'>,</span> <span class='ocrx_word' id='word_1_142' title='bbox 700 1248 800 1292; x_wconf 83' lang='lat' dir='ltr'>quae</span> <span class='ocrx_word' id='word_1_143' title='bbox 822 1232 986 1275; x_wconf 87' lang='lat' dir='ltr'>cadunt</span> <span class='ocrx_word' id='word_1_144' title='bbox 1008 1230 1064 1275; x_wconf 88' lang='lat' dir='ltr'>de</span> <span class='ocrx_word' id='word_1_145' title='bbox 1084 1246 1232 1275; x_wconf 89' lang='lat' dir='ltr'>mensa</span> <span class='ocrx_word' id='word_1_146' title='bbox 1262 1231 1467 1276; x_wconf 88' lang='lat' dir='ltr'>domino-</span> 
     </span>
     <span class='ocr_line' id='line_1_17' title="bbox 14 1295 1466 1347; baseline 0.002 -5"><span class='ocrx_word' id='word_1_147' title='bbox 14 1295 17 1342; x_wconf 67' lang='grc' dir='ltr'>Ϊ</span> <span class='ocrx_word' id='word_1_148' title='bbox 80 1316 180 1346; x_wconf 86' lang='lat' dir='ltr'>rum</span> <span class='ocrx_word' id='word_1_149' title='bbox 203 1317 395 1346; x_wconf 85' lang='lat' dir='ltr'>suorum.</span> <span class='ocrx_word' id='word_1_150' title='bbox 425 1305 518 1346; x_wconf 86' lang='lat' dir='ltr'>Hoc</span> <span class='ocrx_word' id='word_1_151' title='bbox 548 1302 665 1345; x_wconf 90' lang='lat' dir='ltr'>enim</span> <span class='ocrx_word' id='word_1_152' title='bbox 697 1301 893 1346; x_wconf 82' lang='lat' dir='ltr'>confessa</span> <span class='ocrx_word' id='word_1_153' title='bbox 915 1302 1163 1347; x_wconf 84' lang='lat' dir='ltr'>Chananaea</span> <span class='ocrx_word' id='word_1_154' title='bbox 1194 1302 1355 1345; x_wconf 88' lang='lat' dir='ltr'>meruit</span> <span class='ocrx_word' id='word_1_155' title='bbox 1386 1317 1466 1345; x_wconf 92' lang='lat' dir='ltr'>au-</span> 
     </span>
    </p>
   </div>
   <div class='ocr_carea' id='block_1_10' title="bbox 78 1371 1469 2481">
    <p class='ocr_par' dir='ltr' id='par_1_11' title="bbox 78 1371 1469 2481">
     <span class='ocr_line' id='line_1_18' title="bbox 81 1371 1463 1430; baseline 0 -15"><span class='ocrx_word' id='word_1_156' title='bbox 81 1372 174 1415; x_wconf 88' lang='lat' dir='ltr'>dire</span> <span class='ocrx_word' id='word_1_157' title='bbox 191 1390 199 1416; x_wconf 92' lang='lat'><strong>:</strong></span> <span class='ocrx_word' id='word_1_158' title='bbox 215 1390 235 1413; x_wconf 92' lang='lat'>«</span> <span class='ocrx_word' id='word_1_159' title='bbox 252 1373 289 1415; x_wconf 94' lang='grc' dir='ltr'>Ο</span> <span class='ocrx_word' id='word_1_160' title='bbox 310 1371 484 1427; x_wconf 89' lang='lat' dir='ltr'>mulier,</span> <span class='ocrx_word' id='word_1_161' title='bbox 500 1387 658 1430; x_wconf 86' lang='lat' dir='ltr'>magna</span> <span class='ocrx_word' id='word_1_162' title='bbox 680 1381 744 1415; x_wconf 91' lang='lat' dir='ltr'>est</span> <span class='ocrx_word' id='word_1_163' title='bbox 762 1372 869 1415; x_wconf 87' lang='lat' dir='ltr'>fides</span> <span class='ocrx_word' id='word_1_164' title='bbox 888 1380 977 1424; x_wconf 87' lang='lat' dir='ltr'>tua,</span> <span class='ocrx_word' id='word_1_165' title='bbox 1001 1372 1078 1416; x_wconf 86' lang='lat' dir='ltr'>fiat</span> <span class='ocrx_word' id='word_1_166' title='bbox 1094 1371 1175 1416; x_wconf 88' lang='lat' dir='ltr'>tibi</span> <span class='ocrx_word' id='word_1_167' title='bbox 1197 1371 1307 1416; x_wconf 90' lang='lat' dir='ltr'>sicut</span> <span class='ocrx_word' id='word_1_168' title='bbox 1327 1371 1463 1416; x_wconf 67' lang='lat' dir='ltr'>vis4.»</span> 
     </span>
     <span class='ocr_line' id='line_1_19' title="bbox 78 1439 1465 1497; baseline -0.001 -12"><span class='ocrx_word' id='word_1_169' title='bbox 78 1442 216 1486; x_wconf 89' lang='lat' dir='ltr'>Canes</span> <span class='ocrx_word' id='word_1_170' title='bbox 235 1439 495 1495; x_wconf 82' lang='lat' dir='ltr'>laudabiles,</span> <span class='ocrx_word' id='word_1_171' title='bbox 521 1456 612 1485; x_wconf 91' lang='lat' dir='ltr'>non</span> <span class='ocrx_word' id='word_1_172' title='bbox 639 1440 913 1484; x_wconf 88' lang='lat' dir='ltr'>detestabiles</span> <span class='ocrx_word' id='word_1_173' title='bbox 933 1461 944 1497; x_wconf 80' lang='lat'><em>3</em></span> <span class='ocrx_word' id='word_1_174' title='bbox 981 1440 1115 1485; x_wconf 87' lang='lat' dir='ltr'>fidem</span> <span class='ocrx_word' id='word_1_175' title='bbox 1138 1450 1358 1485; x_wconf 89' lang='lat' dir='ltr'>servantes</span> <span class='ocrx_word' id='word_1_176' title='bbox 1380 1439 1465 1485; x_wconf 90' lang='lat' dir='ltr'>do-</span> 
     </span>
     <span class='ocr_line' id='line_1_20' title="bbox 80 1510 1463 1571; baseline 0.001 -17"><span class='ocrx_word' id='word_1_177' title='bbox 80 1511 200 1555; x_wconf 89' lang='lat' dir='ltr'>mino</span> <span class='ocrx_word' id='word_1_178' title='bbox 237 1526 345 1566; x_wconf 89' lang='lat' dir='ltr'>suo,</span> <span class='ocrx_word' id='word_1_179' title='bbox 386 1520 430 1555; x_wconf 89' lang='lat' dir='ltr'>et</span> <span class='ocrx_word' id='word_1_180' title='bbox 462 1527 542 1571; x_wconf 85' lang='lat' dir='ltr'>pro</span> <span class='ocrx_word' id='word_1_181' title='bbox 578 1512 669 1571; x_wconf 80' lang='lat' dir='ltr'>ejus</span> <span class='ocrx_word' id='word_1_182' title='bbox 699 1511 830 1555; x_wconf 93' lang='lat' dir='ltr'>domo</span> <span class='ocrx_word' id='word_1_183' title='bbox 852 1519 1003 1555; x_wconf 88' lang='lat' dir='ltr'>contra</span> <span class='ocrx_word' id='word_1_184' title='bbox 1023 1512 1221 1556; x_wconf 83' lang='lat' dir='ltr'>inimicos</span> <span class='ocrx_word' id='word_1_185' title='bbox 1242 1510 1463 1555; x_wconf 84' lang='lat' dir='ltr'>latrantes.</span> 
     </span>
     <span class='ocr_line' id='line_1_21' title="bbox 79 1579 1467 1637; baseline -0.001 -11"><span class='ocrx_word' id='word_1_186' title='bbox 79 1582 177 1626; x_wconf 92' lang='lat' dir='ltr'>Non</span> <span class='ocrx_word' id='word_1_187' title='bbox 193 1581 310 1625; x_wconf 91' lang='lat' dir='ltr'>enim</span> <span class='ocrx_word' id='word_1_188' title='bbox 327 1581 634 1626; x_wconf 84' lang='lat' dir='ltr'>tantummodo</span> <span class='ocrx_word' id='word_1_189' title='bbox 651 1617 661 1637; x_wconf 87' lang='lat'>,</span> <span class='ocrx_word' id='word_1_190' title='bbox 687 1601 706 1623; x_wconf 86' lang='lat'>«</span> <span class='ocrx_word' id='word_1_191' title='bbox 727 1584 897 1626; x_wconf 88' lang='lat' dir='ltr'>Canum</span> <span class='ocrx_word' id='word_1_192' title='bbox 918 1600 938 1623; x_wconf 87' lang='lat'>»</span> <span class='ocrx_word' id='word_1_193' title='bbox 964 1580 1099 1635; x_wconf 85' lang='lat' dir='ltr'>dixit,</span> <span class='ocrx_word' id='word_1_194' title='bbox 1124 1579 1200 1624; x_wconf 90' lang='lat' dir='ltr'>sed</span> <span class='ocrx_word' id='word_1_195' title='bbox 1215 1615 1226 1636; x_wconf 96' lang='lat'>,</span> <span class='ocrx_word' id='word_1_196' title='bbox 1255 1600 1276 1623; x_wconf 86' lang='lat'>«</span> <span class='ocrx_word' id='word_1_197' title='bbox 1295 1583 1467 1625; x_wconf 88' lang='lat' dir='ltr'>Canum</span> 
     </span>
     <span class='ocr_line' id='line_1_22' title="bbox 82 1644 1465 1710; baseline 0.004 -20"><span class='ocrx_word' id='word_1_198' title='bbox 82 1667 104 1691; x_wconf 85' lang='lat'>»</span> <span class='ocrx_word' id='word_1_199' title='bbox 137 1658 316 1694; x_wconf 85' lang='lat' dir='ltr'>tuorum</span> <span class='ocrx_word' id='word_1_200' title='bbox 337 1669 347 1694; x_wconf 90' lang='lat'>:</span> <span class='ocrx_word' id='word_1_201' title='bbox 370 1668 391 1691; x_wconf 68' lang='lat' dir='ltr'>n</span> <span class='ocrx_word' id='word_1_202' title='bbox 427 1664 507 1693; x_wconf 88' lang='lat' dir='ltr'>nec</span> <span class='ocrx_word' id='word_1_203' title='bbox 528 1665 679 1694; x_wconf 90' lang='lat' dir='ltr'>eorum</span> <span class='ocrx_word' id='word_1_204' title='bbox 710 1644 862 1695; x_wconf 88' lang='lat' dir='ltr'>dentes</span> <span class='ocrx_word' id='word_1_205' title='bbox 880 1686 891 1706; x_wconf 93' lang='lat'>,</span> <span class='ocrx_word' id='word_1_206' title='bbox 912 1650 987 1695; x_wconf 90' lang='lat' dir='ltr'>sed</span> <span class='ocrx_word' id='word_1_207' title='bbox 1003 1651 1153 1710; x_wconf 84' lang='lat' dir='ltr'>lingua</span> <span class='ocrx_word' id='word_1_208' title='bbox 1174 1650 1351 1695; x_wconf 90' lang='lat' dir='ltr'>laudata</span> <span class='ocrx_word' id='word_1_209' title='bbox 1373 1660 1465 1696; x_wconf 87' lang='lat' dir='ltr'>est:</span> 
     </span>
     <span class='ocr_line' id='line_1_23' title="bbox 80 1717 1467 1780; baseline 0.001 -16"><span class='ocrx_word' id='word_1_210' title='bbox 80 1719 288 1780; x_wconf 88' lang='lat' dir='ltr'>quoniam</span> <span class='ocrx_word' id='word_1_211' title='bbox 304 1734 394 1763; x_wconf 90' lang='lat' dir='ltr'>non</span> <span class='ocrx_word' id='word_1_212' title='bbox 420 1719 575 1779; x_wconf 87' lang='lat' dir='ltr'>utique</span> <span class='ocrx_word' id='word_1_213' title='bbox 595 1717 753 1762; x_wconf 88' lang='lat' dir='ltr'>frustra</span> <span class='ocrx_word' id='word_1_214' title='bbox 766 1753 777 1773; x_wconf 93' lang='lat'>,</span> <span class='ocrx_word' id='word_1_215' title='bbox 802 1734 883 1762; x_wconf 90' lang='lat' dir='ltr'>nec</span> <span class='ocrx_word' id='word_1_216' title='bbox 906 1721 997 1763; x_wconf 87' lang='lat' dir='ltr'>sine</span> <span class='ocrx_word' id='word_1_217' title='bbox 1018 1735 1180 1778; x_wconf 81' lang='lat' dir='ltr'>magno</span> <span class='ocrx_word' id='word_1_218' title='bbox 1201 1732 1467 1765; x_wconf 80' lang='lat' dir='ltr'>sacramento</span> 
     </span>
     <span class='ocr_line' id='line_1_24' title="bbox 81 1787 1467 1850; baseline 0 -16"><span class='ocrx_word' id='word_1_219' title='bbox 81 1788 262 1834; x_wconf 90' lang='lat' dir='ltr'>Gedeon</span> <span class='ocrx_word' id='word_1_220' title='bbox 291 1788 402 1834; x_wconf 91' lang='lat' dir='ltr'>solos</span> <span class='ocrx_word' id='word_1_221' title='bbox 435 1804 506 1833; x_wconf 90' lang='lat' dir='ltr'>eos</span> <span class='ocrx_word' id='word_1_222' title='bbox 528 1790 671 1848; x_wconf 81' lang='lat' dir='ltr'>jussus</span> <span class='ocrx_word' id='word_1_223' title='bbox 693 1798 756 1832; x_wconf 89' lang='lat' dir='ltr'>est</span> <span class='ocrx_word' id='word_1_224' title='bbox 777 1787 960 1844; x_wconf 87' lang='lat' dir='ltr'>ducere,</span> <span class='ocrx_word' id='word_1_225' title='bbox 984 1790 1061 1848; x_wconf 89' lang='lat' dir='ltr'>qui</span> <span class='ocrx_word' id='word_1_226' title='bbox 1083 1790 1274 1833; x_wconf 80' lang='lat' dir='ltr'>fluminis</span> <span class='ocrx_word' id='word_1_227' title='bbox 1309 1805 1467 1850; x_wconf 88' lang='lat' dir='ltr'>aquam</span> 
     </span>
     <span class='ocr_line' id='line_1_25' title="bbox 81 1858 1469 1918; baseline -0.001 -14"><span class='ocrx_word' id='word_1_228' title='bbox 81 1861 192 1905; x_wconf 79' lang='lat' dir='ltr'>sicut</span> <span class='ocrx_word' id='word_1_229' title='bbox 222 1875 350 1904; x_wconf 87' lang='lat' dir='ltr'>canes</span> <span class='ocrx_word' id='word_1_230' title='bbox 386 1859 652 1914; x_wconf 70' lang='lat' dir='ltr'>lamberent,</span> <span class='ocrx_word' id='word_1_231' title='bbox 679 1858 873 1918; x_wconf 87' lang='lat' dir='ltr'>talesque</span> <span class='ocrx_word' id='word_1_232' title='bbox 902 1874 992 1902; x_wconf 89' lang='lat' dir='ltr'>non</span> <span class='ocrx_word' id='word_1_233' title='bbox 1014 1858 1198 1918; x_wconf 86' lang='lat' dir='ltr'>amplius</span> <span class='ocrx_word' id='word_1_234' title='bbox 1219 1873 1351 1918; x_wconf 81' lang='lat' dir='ltr'>quam</span> <span class='ocrx_word' id='word_1_235' title='bbox 1375 1868 1469 1903; x_wconf 89' lang='lat' dir='ltr'>tre-</span> 
     </span>
     <span class='ocr_line' id='line_1_26' title="bbox 81 1927 1468 1988; baseline 0 -14"><span class='ocrx_word' id='word_1_236' title='bbox 81 1929 197 1975; x_wconf 89' lang='lat' dir='ltr'>centi</span> <span class='ocrx_word' id='word_1_237' title='bbox 217 1930 262 1974; x_wconf 92' lang='lat' dir='ltr'>in</span> <span class='ocrx_word' id='word_1_238' title='bbox 285 1939 405 1974; x_wconf 87' lang='lat' dir='ltr'>tanta</span> <span class='ocrx_word' id='word_1_239' title='bbox 426 1928 709 1973; x_wconf 83' lang='lat' dir='ltr'>multitudine</span> <span class='ocrx_word' id='word_1_240' title='bbox 729 1927 897 1972; x_wconf 87' lang='lat' dir='ltr'>inventi</span> <span class='ocrx_word' id='word_1_241' title='bbox 919 1930 1062 1972; x_wconf 85' lang='lat' dir='ltr'>sunt⁵.</span> <span class='ocrx_word' id='word_1_242' title='bbox 1090 1931 1142 1971; x_wconf 91' lang='lat' dir='ltr'>In</span> <span class='ocrx_word' id='word_1_243' title='bbox 1164 1944 1253 1988; x_wconf 89' lang='lat' dir='ltr'>quo</span> <span class='ocrx_word' id='word_1_244' title='bbox 1282 1943 1468 1974; x_wconf 88' lang='lat' dir='ltr'>numero</span> 
     </span>
     <span class='ocr_line' id='line_1_27' title="bbox 81 1998 1468 2062; baseline -0.001 -17"><span class='ocrx_word' id='word_1_245' title='bbox 81 2000 220 2046; x_wconf 87' lang='lat' dir='ltr'>crucis</span> <span class='ocrx_word' id='word_1_246' title='bbox 243 2000 415 2059; x_wconf 88' lang='lat' dir='ltr'>signum</span> <span class='ocrx_word' id='word_1_247' title='bbox 442 2008 506 2044; x_wconf 88' lang='lat' dir='ltr'>est</span> <span class='ocrx_word' id='word_1_248' title='bbox 540 2008 716 2062; x_wconf 83' lang='lat' dir='ltr'>propter</span> <span class='ocrx_word' id='word_1_249' title='bbox 735 2021 754 2040; x_wconf 80' lang='grc' dir='ltr'><strong>τ</strong></span> <span class='ocrx_word' id='word_1_250' title='bbox 782 1998 992 2053; x_wconf 82' lang='lat' dir='ltr'>litteram,</span> <span class='ocrx_word' id='word_1_251' title='bbox 1018 2014 1118 2058; x_wconf 83' lang='lat' dir='ltr'>quae</span> <span class='ocrx_word' id='word_1_252' title='bbox 1140 1998 1185 2042; x_wconf 93' lang='lat' dir='ltr'>in</span> <span class='ocrx_word' id='word_1_253' title='bbox 1208 2000 1357 2057; x_wconf 87' lang='lat' dir='ltr'>graecis</span> <span class='ocrx_word' id='word_1_254' title='bbox 1379 2015 1468 2043; x_wconf 92' lang='lat' dir='ltr'>nu-</span> 
     </span>
     <span class='ocr_line' id='line_1_28' title="bbox 82 2068 1469 2128; baseline 0 -14"><span class='ocrx_word' id='word_1_255' title='bbox 82 2085 300 2115; x_wconf 87' lang='lat' dir='ltr'>merorum</span> <span class='ocrx_word' id='word_1_256' title='bbox 330 2070 443 2114; x_wconf 90' lang='lat' dir='ltr'>notis</span> <span class='ocrx_word' id='word_1_257' title='bbox 465 2078 680 2114; x_wconf 87' lang='lat' dir='ltr'>trecentos</span> <span class='ocrx_word' id='word_1_258' title='bbox 711 2069 938 2128; x_wconf 87' lang='lat' dir='ltr'>significat.</span> <span class='ocrx_word' id='word_1_259' title='bbox 962 2071 1024 2113; x_wconf 90' lang='lat' dir='ltr'>De</span> <span class='ocrx_word' id='word_1_260' title='bbox 1049 2068 1207 2112; x_wconf 86' lang='lat' dir='ltr'>talibus</span> <span class='ocrx_word' id='word_1_261' title='bbox 1225 2069 1403 2113; x_wconf 86' lang='lat' dir='ltr'>canibus</span> <span class='ocrx_word' id='word_1_262' title='bbox 1425 2078 1469 2114; x_wconf 89' lang='lat' dir='ltr'>et</span> 
     </span>
     <span class='ocr_line' id='line_1_29' title="bbox 82 2137 1468 2198; baseline -0.001 -14"><span class='ocrx_word' id='word_1_263' title='bbox 82 2140 130 2184; x_wconf 87' lang='lat' dir='ltr'>in</span> <span class='ocrx_word' id='word_1_264' title='bbox 152 2139 236 2184; x_wconf 86' lang='lat' dir='ltr'>alio</span> <span class='ocrx_word' id='word_1_265' title='bbox 270 2138 440 2183; x_wconf 85' lang='lat' dir='ltr'>Psalmo</span> <span class='ocrx_word' id='word_1_266' title='bbox 461 2138 622 2183; x_wconf 90' lang='lat' dir='ltr'>dicitur</span> <span class='ocrx_word' id='word_1_267' title='bbox 643 2158 652 2183; x_wconf 77' lang='lat' dir='ltr'><em>z</em></span> <span class='ocrx_word' id='word_1_268' title='bbox 681 2158 702 2181; x_wconf 88' lang='lat'>«</span> <span class='ocrx_word' id='word_1_269' title='bbox 726 2140 1048 2184; x_wconf 86' lang='lat' dir='ltr'>Convertentur</span> <span class='ocrx_word' id='word_1_270' title='bbox 1070 2137 1124 2182; x_wconf 90' lang='lat' dir='ltr'>ad</span> <span class='ocrx_word' id='word_1_271' title='bbox 1145 2153 1389 2198; x_wconf 87' lang='lat' dir='ltr'>vesperam,</span> <span class='ocrx_word' id='word_1_272' title='bbox 1424 2148 1468 2183; x_wconf 89' lang='lat' dir='ltr'>et</span> 
     </span>
     <span class='ocr_line' id='line_1_30' title="bbox 87 2207 1466 2269; baseline 0.001 -17"><span class='ocrx_word' id='word_1_273' title='bbox 87 2228 109 2252; x_wconf 85' lang='lat'>»</span> <span class='ocrx_word' id='word_1_274' title='bbox 142 2208 303 2253; x_wconf 88' lang='lat' dir='ltr'>famem</span> <span class='ocrx_word' id='word_1_275' title='bbox 338 2209 560 2268; x_wconf 88' lang='lat' dir='ltr'>patientur</span> <span class='ocrx_word' id='word_1_276' title='bbox 582 2218 633 2253; x_wconf 89' lang='lat' dir='ltr'>ut</span> <span class='ocrx_word' id='word_1_277' title='bbox 669 2224 796 2253; x_wconf 89' lang='lat' dir='ltr'>canes</span> <span class='ocrx_word' id='word_1_278' title='bbox 810 2210 842 2252; x_wconf 74' lang='lat'>⁶.</span> <span class='ocrx_word' id='word_1_279' title='bbox 871 2227 892 2250; x_wconf 85' lang='lat'>»</span> <span class='ocrx_word' id='word_1_280' title='bbox 923 2211 1034 2254; x_wconf 86' lang='lat' dir='ltr'>Nam</span> <span class='ocrx_word' id='word_1_281' title='bbox 1065 2217 1107 2252; x_wconf 91' lang='lat' dir='ltr'>et</span> <span class='ocrx_word' id='word_1_282' title='bbox 1128 2207 1306 2269; x_wconf 86' lang='lat' dir='ltr'>quidam</span> <span class='ocrx_word' id='word_1_283' title='bbox 1339 2224 1466 2253; x_wconf 87' lang='lat' dir='ltr'>canes</span> 
     </span>
     <span class='ocr_line' id='line_1_31' title="bbox 82 2278 1467 2339; baseline 0.001 -17"><span class='ocrx_word' id='word_1_284' title='bbox 82 2279 329 2339; x_wconf 85' lang='lat' dir='ltr'>reprehensi</span> <span class='ocrx_word' id='word_1_285' title='bbox 361 2288 463 2323; x_wconf 89' lang='lat' dir='ltr'>sunt</span> <span class='ocrx_word' id='word_1_286' title='bbox 484 2295 508 2323; x_wconf 88' lang='lat' dir='ltr'>a</span> <span class='ocrx_word' id='word_1_287' title='bbox 539 2279 752 2338; x_wconf 88' lang='lat' dir='ltr'>propheta</span> <span class='ocrx_word' id='word_1_288' title='bbox 785 2281 895 2323; x_wconf 84' lang='lat' dir='ltr'>Isa&#39;1&#39;a</span> <span class='ocrx_word' id='word_1_289' title='bbox 912 2313 923 2334; x_wconf 91' lang='lat'>,</span> <span class='ocrx_word' id='word_1_290' title='bbox 947 2294 1037 2323; x_wconf 91' lang='lat' dir='ltr'>non</span> <span class='ocrx_word' id='word_1_291' title='bbox 1065 2278 1164 2323; x_wconf 91' lang='lat' dir='ltr'>ideo</span> <span class='ocrx_word' id='word_1_292' title='bbox 1201 2278 1323 2339; x_wconf 86' lang='lat' dir='ltr'>quod</span> <span class='ocrx_word' id='word_1_293' title='bbox 1343 2288 1467 2323; x_wconf 85' lang='lat' dir='ltr'>canet</span> 
     </span>
     <span class='ocr_line' id='line_1_32' title="bbox 83 2348 1462 2409; baseline -0.001 -15"><span class='ocrx_word' id='word_1_294' title='bbox 83 2359 239 2404; x_wconf 81' lang='lat' dir='ltr'>essent,</span> <span class='ocrx_word' id='word_1_295' title='bbox 256 2348 332 2393; x_wconf 88' lang='lat' dir='ltr'>sed</span> <span class='ocrx_word' id='word_1_296' title='bbox 351 2349 470 2409; x_wconf 88' lang='lat' dir='ltr'>quod</span> <span class='ocrx_word' id='word_1_297' title='bbox 491 2349 648 2394; x_wconf 88' lang='lat' dir='ltr'>latrare</span> <span class='ocrx_word' id='word_1_298' title='bbox 670 2351 900 2404; x_wconf 88' lang='lat' dir='ltr'>nescirent,</span> <span class='ocrx_word' id='word_1_299' title='bbox 916 2358 961 2394; x_wconf 74' lang='lat' dir='ltr'>et·</span> <span class='ocrx_word' id='word_1_300' title='bbox 974 2349 1208 2394; x_wconf 86' lang='lat' dir='ltr'>dormitare</span> <span class='ocrx_word' id='word_1_301' title='bbox 1225 2359 1419 2394; x_wconf 87' lang='lat' dir='ltr'>amarent</span> <span class='ocrx_word' id='word_1_302' title='bbox 1430 2352 1462 2394; x_wconf 91' lang='lat'>⁷.</span> 
     </span>
     <span class='ocr_line' id='line_1_33' title="bbox 86 2420 1467 2481; baseline -0.001 -15"><span class='ocrx_word' id='word_1_303' title='bbox 86 2421 168 2466; x_wconf 87' lang='lat' dir='ltr'>Ubi</span> <span class='ocrx_word' id='word_1_304' title='bbox 189 2421 342 2481; x_wconf 90' lang='lat' dir='ltr'>utique</span> <span class='ocrx_word' id='word_1_305' title='bbox 364 2420 690 2477; x_wconf 88' lang='lat' dir='ltr'>demonstravit,</span> <span class='ocrx_word' id='word_1_306' title='bbox 706 2421 806 2481; x_wconf 88' lang='lat' dir='ltr'>quia</span> <span class='ocrx_word' id='word_1_307' title='bbox 825 2421 858 2465; x_wconf 87' lang='lat' dir='ltr'>si</span> <span class='ocrx_word' id='word_1_308' title='bbox 879 2420 1107 2481; x_wconf 88' lang='lat' dir='ltr'>vigilarent</span> <span class='ocrx_word' id='word_1_309' title='bbox 1124 2430 1167 2465; x_wconf 89' lang='lat' dir='ltr'>et</span> <span class='ocrx_word' id='word_1_310' title='bbox 1186 2436 1266 2481; x_wconf 89' lang='lat' dir='ltr'>pro</span> <span class='ocrx_word' id='word_1_311' title='bbox 1287 2420 1467 2465; x_wconf 87' lang='lat' dir='ltr'>domino</span> 
     </span>
    </p>
   </div>
   <div class='ocr_carea' id='block_1_11' title="bbox 87 2514 1468 2612">
    <p class='ocr_par' dir='ltr' id='par_1_12' title="bbox 87 2514 1468 2612">
     <span class='ocr_line' id='line_1_34' title="bbox 132 2514 1468 2561; baseline -0.001 -13"><span class='ocrx_word' id='word_1_312' title='bbox 132 2521 144 2538; x_wconf 79' lang='lat'>¹</span> <span class='ocrx_word' id='word_1_313' title='bbox 176 2518 268 2549; x_wconf 87' lang='lat' dir='ltr'>Rom.</span> <span class='ocrx_word' id='word_1_314' title='bbox 288 2527 323 2557; x_wconf 82' lang='lat' dir='ltr'>v,</span> <span class='ocrx_word' id='word_1_315' title='bbox 353 2525 407 2549; x_wconf 83' lang='lat'>20.</span> <span class='ocrx_word' id='word_1_316' title='bbox 431 2532 471 2539; x_wconf 93' lang='lat'>—</span> <span class='ocrx_word' id='word_1_317' title='bbox 488 2523 501 2539; x_wconf 86' lang='lat'>²</span> <span class='ocrx_word' id='word_1_318' title='bbox 525 2516 606 2549; x_wconf 85' lang='lat' dir='ltr'>Psal.</span> <span class='ocrx_word' id='word_1_319' title='bbox 628 2527 712 2549; x_wconf 72' lang='lat' dir='ltr'>vau</span> <span class='ocrx_word' id='word_1_320' title='bbox 725 2541 734 2559; x_wconf 90' lang='lat'>‚</span> <span class='ocrx_word' id='word_1_321' title='bbox 753 2515 808 2558; x_wconf 65' lang='lat'>24.</span> <span class='ocrx_word' id='word_1_322' title='bbox 827 2532 871 2540; x_wconf 77' lang='lat'>—-</span> <span class='ocrx_word' id='word_1_323' title='bbox 893 2514 907 2539; x_wconf 85' lang='lat'><strong>3</strong></span> <span class='ocrx_word' id='word_1_324' title='bbox 925 2515 1038 2561; x_wconf 86' lang='lat' dir='ltr'>Philip.</span> <span class='ocrx_word' id='word_1_325' title='bbox 1060 2526 1113 2558; x_wconf 85' lang='lat'>111,</span> <span class='ocrx_word' id='word_1_326' title='bbox 1132 2525 1163 2549; x_wconf 87' lang='lat'>2.</span> <span class='ocrx_word' id='word_1_327' title='bbox 1184 2532 1224 2539; x_wconf 92' lang='lat'>—-</span> <span class='ocrx_word' id='word_1_328' title='bbox 1243 2514 1259 2545; x_wconf 83' lang='grc'>4</span> <span class='ocrx_word' id='word_1_329' title='bbox 1278 2515 1391 2548; x_wconf 76' lang='lat' dir='ltr'>Matth.</span> <span class='ocrx_word' id='word_1_330' title='bbox 1411 2526 1468 2555; x_wconf 80' lang='lat' dir='ltr'>xv,</span> 
     </span>
     <span class='ocr_line' id='line_1_35' title="bbox 87 2569 1286 2612; baseline 0 -11"><span class='ocrx_word' id='word_1_331' title='bbox 87 2571 141 2602; x_wconf 65' lang='lat'>28.</span> <span class='ocrx_word' id='word_1_332' title='bbox 161 2587 202 2594; x_wconf 92' lang='lat'>——</span> <span class='ocrx_word' id='word_1_333' title='bbox 219 2569 234 2593; x_wconf 79' lang='lat'>⁵</span> <span class='ocrx_word' id='word_1_334' title='bbox 256 2571 358 2603; x_wconf 78' lang='lat' dir='ltr'>Judic.</span> <span class='ocrx_word' id='word_1_335' title='bbox 384 2582 439 2612; x_wconf 73' lang='lat' dir='ltr'>vu,</span> <span class='ocrx_word' id='word_1_336' title='bbox 459 2571 490 2612; x_wconf 85' lang='lat'>5,</span> <span class='ocrx_word' id='word_1_337' title='bbox 509 2571 540 2602; x_wconf 90' lang='lat'>6.</span> <span class='ocrx_word' id='word_1_338' title='bbox 561 2587 601 2594; x_wconf 78' lang='lat'>—</span> <span class='ocrx_word' id='word_1_339' title='bbox 620 2569 635 2592; x_wconf 68' lang='lat'>5</span> <span class='ocrx_word' id='word_1_340' title='bbox 654 2572 731 2603; x_wconf 74' lang='lat' dir='ltr'>Psal.</span> <span class='ocrx_word' id='word_1_341' title='bbox 755 2582 847 2609; x_wconf 67' lang='lat' dir='ltr'>ivm,</span> <span class='ocrx_word' id='word_1_342' title='bbox 872 2570 921 2602; x_wconf 80' lang='lat'>15.</span> <span class='ocrx_word' id='word_1_343' title='bbox 950 2587 991 2593; x_wconf 92' lang='lat'>--</span> <span class='ocrx_word' id='word_1_344' title='bbox 1010 2572 1219 2607; x_wconf 59' lang='lat' dir='ltr'>71sat1xv1,</span> <span class='ocrx_word' id='word_1_345' title='bbox 1240 2582 1286 2602; x_wconf 82' lang='lat'>10.</span> 
     </span>
    </p>
   </div>
  </div>
 </body>
</html>
