1889 3285
443 277 684 309 muniano
715 280 761 307 IN
792 277 995 307 PsALMUM
1027 278 1114 306 Lx1.
1386 263 1472 302 119

98 366 120 393 ι)
154 356 204 394 ut
225 346 402 392 reddam
435 355 535 391 vota
556 360 650 389 mea
680 343 734 389 de
767 344 837 388 die
864 344 910 388 in
937 343 1067 388 diem.
1095 359 1116 383 »
1145 340 1187 386 Si
1213 339 1358 400 psallis
1385 355 1469 384 no—

96 419 203 465 mini
231 419 325 472 Dei,
363 433 418 461 ne
444 415 599 477 psallas
632 416 686 460 ad
711 425 897 475 tempus.
923 414 997 458 Vis
1022 413 1068 457 in
1095 410 1303 456 saeculum
1325 411 1472 456 saeculi

95 489 302 550 psallere?
321 488 385 532 vis
418 488 463 531 in
484 496 694 531 aeternum
729 485 940 545 psallere?
962 482 1114 528 Redde
1142 482 1181 527 ei
1200 491 1301 526 vota
1322 491 1396 526 tua
1418 482 1474 526 de

96 560 166 605 die
186 560 233 603 in
259 558 388 603 diem.
414 558 531 611 Quid
554 566 631 611 est,
661 555 794 600 redde
816 557 854 600 ei
874 564 975 600 vota
998 564 1072 599 tua
1096 552 1150 598 de
1171 552 1242 596 die
1262 553 1308 595 in
1330 551 1477 596 diem‘?

95 633 158 675 De
184 629 255 674 die
275 629 356 672 isto
377 628 423 671 in
444 627 568 671 illum
593 626 722 670 diem.
757 630 984 670 Persevera
1005 623 1186 668 reddere
1206 631 1306 667 vota
1326 623 1373 666 in
1393 622 1475 666 isto

96 700 167 744 die
181 734 192 754 ,
212 698 351 743 donec
366 697 512 741 venias
534 695 589 740 ad
609 696 733 740 illum
756 696 871 740 diem
885 731 896 750 ,
921 696 1004 739 hoc
1018 703 1082 738 est
1098 729 1108 749 ,
1133 712 1153 735 «
1177 692 1258 746 Qui
1278 707 1477 752 perseve-

100 789 121 816 ›.›
155 770 313 815 raverit
333 784 470 829 usque
491 769 537 812 in
557 769 706 824 finem,
731 768 802 812 hic
821 766 962 811 salvus
984 765 1098 811 eritss.
1122 783 1144 806 >›

603 1045 981 1095 ENARRATlo

512 1197 574 1235 IN
618 1196 920 1237 PSALMUM
950 1196 1071 1235 LXI.

566 1329 715 1372 Sermo
736 1327 791 1371 ad
811 1327 1002 1387 plebem.

155 1477 190 1518 Ι.
224 1477 493 1524 DELECTATIQ
526 1472 775 1518 divinorum
802 1473 1093 1534 eloquiorum,
1129 1482 1172 1517 et
1199 1473 1388 1518 dulcedo
1410 1475 1479 1519 in-

96 1543 319 1603 telligendi
342 1545 463 1588 verbi
495 1544 573 1588 Dei
607 1543 841 1604 adjuvante
872 1545 965 1603 ipso
997 1545 1072 1604 qui
1108 1544 1183 1589 dat
1204 1546 1475 1600 suavitatem,

95 1625 145 1659 ut
165 1624 278 1658 terra
304 1624 450 1658 nostra
472 1613 546 1658 det
563 1613 755 1658 fructum
776 1619 939 1669 suum‘2,
957 1624 999 1659 et
1021 1631 1099 1660 nos
1116 1616 1170 1660 ad
1183 1615 1472 1676 loquendum,

96 1694 138 1730 et
157 1700 234 1729 vos
257 1684 312 1729 ad
338 1684 605 1728 audiendum
628 1685 906 1729 exhortatur?
927 1685 1066 1729 Video
1093 1701 1168 1730 vos
1191 1686 1282 1730 sine
1304 1685 1477 1731 fastidio

96 1755 260 1810 audire,
286 1764 329 1799 et
353 1755 520 1813 gaudeo
548 1754 692 1814 palato
720 1755 861 1799 cordis
885 1756 1030 1810 vestri,
1055 1772 1078 1799 a
1100 1772 1188 1816 quo
1207 1756 1252 1800 id
1274 1756 1394 1816 quod
1411 1773 1479 1801 sa-

94 1825 221 1872 lubre
248 1835 311 1869 est
332 1841 421 1869 non
443 1825 676 1884 respuitur,
704 1824 780 1868 sed
805 1840 906 1868 cum
929 1825 1134 1869 aviditate
1155 1827 1410 1885 percipitur,
1437 1837 1481 1872 et

95 1897 260 1941 utiliter
285 1896 547 1953 continetur.
570 1899 821 1955 Loquamur
839 1911 941 1954 ergo
969 1896 1091 1940 vobis
1115 1906 1158 1940 et
1174 1895 1319 1951 hodie,
1341 1913 1482 1957 quan-

97 1977 191 2012 tum
213 1968 422 2013 Dominus
445 1966 606 2023 donat,
632 1966 686 2010 dc
710 1967 792 2011 isto
816 1966 987 2011 Psalmo
1020 1983 1151 2027 quem
1174 1967 1305 2012 modo
1328 1978 1479 2012 canta-

95 2039 270 2082 vimus³.
299 2036 467 2081 Titulus
489 2038 578 2096 ejus
602 2046 665 2080 est
688 2056 697 2081 ε
729 2055 750 2078 «
773 2039 824 2080 In
848 2037 996 2091 finem,
1022 2053 1101 2096 pro
1124 2037 1328 2094 Idithun,
1361 2038 1483 2083 Psal-

99 2126 121 2150 »
154 2123 251 2152 mus
276 2108 358 2168 ipsi
381 2107 552 2151 David&
582 2125 601 2148 η
635 2109 732 2151 Jam
753 2107 875 2151 vobis
897 2107 1167 2151 insinuatum
1186 2122 1277 2151 esse
1296 2109 1402 2168 quid
1424 2109 1479 2154 sit

96 2179 292 2234 Idithun,
316 2177 475 2223 recolo.
500 2181 566 2222 Ex
587 2177 943 2237 interpretatione
974 2177 1090 2221 enim
1112 2177 1298 2221 hebraeae
1316 2178 1482 2238 linguae

95 2258 146 2294 ut
163 2249 218 2293 ad
236 2265 313 2293 nos
335 2250 532 2308 pervenit
546 2283 556 2302 ,
577 2247 710 2291 latine
731 2246 890 2291 dicitur
918 2248 1098 2292 Idithun
1121 2248 1365 2293 transiliens
1388 2265 1476 2294 eos.

99 2319 298 2364 Transilit
318 2335 420 2378 ergo
449 2319 528 2362 iste
551 2318 627 2378 qui
643 2327 786 2362 cantat
804 2317 1032 2378 quosdam,
1053 2335 1162 2379 quos
1184 2318 1369 2380 desuper
1391 2320 1482 2365 des-

97 2390 215 2450 picit.
253 2388 486 2433 Videamus
518 2403 747 2449 quousque
772 2387 1036 2443 transilierit,
1063 2398 1106 2433 et
1128 2405 1236 2450 quos
1266 2390 1480 2435 transilie-

97 2460 167 2516 rit,
187 2469 231 2504 et
241 2460 318 2504 ubi
333 2459 526 2519 quamvis
539 2458 751 2519 quosdam
768 2457 1016 2504 transilierit
1037 2461 1202 2519 positus
1221 2461 1289 2516 sit,
1316 2461 1370 2505 de
1390 2476 1479 2521 quo

146 2563 155 2580 ¹
176 2556 290 2589 Matth.
309 2567 393 2596 mv,
411 2556 461 2587 13.
478 2572 522 2578 --
536 2562 549 2578 ²
567 2556 645 2588 Vide
655 2558 692 2588 D.
713 2556 835 2590 Guillon
851 2581 858 2596 ‚
875 2560 952 2589 tom.
967 2568 1034 2597 xxi,
1054 2568 1125 2599 pag.
1146 2557 1300 2600 529-532.
1318 2575 1358 2580 —
1375 2555 1478 2589 3Psa1.

101 2622 226 2653 LXXXN,
254 2612 304 2644 13.
327 2628 367 2634 -
388 2609 467 2643 41¹1.
486 2619 550 2647 ni,
574 2621 601 2641 1.
