1889 3285
413 241 464 277 88
835 247 866 275 S.
905 247 1131 276 Αυρυετιω
1163 248 1357 275 EP15coPr.

408 315 530 357 hant.
571 312 797 365 Quomodo
832 312 946 355 enim
969 312 1128 370 pariter
1153 311 1316 355 inventi
1338 319 1440 355 sunt
1461 311 1506 354 in
1533 311 1782 371 iniquitate,

409 385 467 427 ita
491 383 649 442 pariter
665 381 918 442 pervenient
939 379 993 425 ad
1016 379 1212 426 salutem.
1229 383 1357 427 «Non
1378 380 1518 425 solum
1535 396 1587 424 ex
1607 380 1784 436 Judaeis,
1848 418 1850 425 .

412 472 432 496 »
468 454 610 513 inquit
631 453 862 513 Apostolus
877 489 887 508 ,
911 454 1193 498 verumetiam
1207 469 1257 497 ex
1274 453 1484 498 Gentibus
1501 455 1530 496 ¹.
1548 452 1653 496 Ideo
1673 452 1788 496 enim

411 543 432 566 »
467 524 655 584 lapidem
679 539 809 584 quem
828 524 1170 583 reprobaverunt
1183 523 1462 578 aedificantes,
1478 523 1548 567 hic
1569 522 1710 566 factus
1726 531 1790 566 est
1850 543 1851 546 ¹

411 612 432 636 »
468 595 513 638 in
541 603 671 654 caput
699 593 898 652 anguli2,
927 612 945 634 »
969 602 1018 637 ut
1039 592 1148 638 duos
1163 595 1368 653 jungeret
1398 595 1443 637 in
1480 609 1524 638 se
1556 613 1565 638 :
1606 591 1789 650 angulus

410 667 525 709 enim
559 664 667 708 duos
702 665 881 724 parietes
903 663 1093 724 copulat.
1119 667 1144 708 J
1151 664 1262 708 udaei
1290 663 1444 709 excelsi
1474 673 1517 708 et
1545 664 1690 722 magni
1710 663 1791 707 sibi
1850 672 1852 706 ζ

409 735 672 780 videbantur
696 755 704 779 z
729 737 888 778 Gentes
912 744 1118 794 tanquam
1140 735 1328 790 infirmi,
1364 744 1571 795 tanquam
1590 743 1792 794 peccato-
1850 741 1852 780 ζ

409 821 497 859 res,
527 814 735 865 tanquam
752 804 1001 849 daemonum
1025 805 1157 860 servi,
1179 815 1386 866 tanquam
1403 804 1623 850 idolorum
1645 804 1792 849 adora—

410 885 523 920 tores
544 911 554 931 ,
591 885 634 920 et
655 886 798 920 tamen
834 875 878 919 in
907 876 1102 936 utrisque
1134 876 1338 936 iniquitas
1371 885 1477 920 erat.
1505 875 1793 920 Demonstrati

411 957 513 991 sunt
536 956 579 990 et
607 949 629 989 J
635 946 747 990 udaei
783 955 1048 1005 peccatore53
1078 966 1096 988 «
1122 947 1229 999 Quia
1252 962 1341 990 non
1365 955 1428 990 est
1461 946 1537 1007 qui
1558 944 1688 990 faciat
1709 945 1793 990 bo-

414 1036 435 1059 »
471 1033 577 1061 num
591 1053 601 1071 ‚
626 1033 717 1061 non
740 1026 803 1060 est
828 1032 964 1076 usque
987 1016 1041 1060 ad
1062 1019 1228 1061 unum3
1251 1037 1259 1062 :
1282 1036 1301 1058 »
1323 1016 1620 1077 deposuerunt
1639 1031 1794 1076 super-

410 1088 545 1142 biam,
565 1097 606 1130 et
629 1103 717 1131 non
738 1086 988 1131 inviderunt
1006 1087 1133 1131 saluti
1147 1088 1368 1142 Gentium,
1385 1088 1485 1148 quia
1504 1102 1651 1146 parem
1673 1101 1794 1130 suam

413 1167 456 1202 et
474 1158 649 1202 illorum
665 1158 961 1201 infirmitatem
979 1168 1276 1215 cognoverunt
1292 1180 1303 1215 3
1319 1167 1362 1201 et
1374 1158 1418 1201 in
1436 1157 1633 1216 angulari
1653 1156 1797 1217 lapide

413 1228 603 1287 copulati
633 1227 761 1271 simul
789 1228 1017 1271 Dominum
1046 1227 1350 1273 adoraverunt.
1392 1248 1412 1270 «
1442 1231 1500 1272 Et
1532 1229 1667 1272 scient
1694 1227 1797 1288 quia

416 1316 435 1340 »
471 1301 584 1341 Deus
603 1297 898 1340 dominabitur
921 1298 1056 1341 Jacob
1080 1308 1123 1342 et
1143 1298 1295 1342 finium
1318 1307 1458 1342 terrae.
1478 1301 1606 1343 »Non
1626 1306 1797 1341 tantum

415 1370 439 1411 J
445 1366 668 1410 udaeorum
692 1365 1010 1421 dominabitur,
1037 1367 1112 1412 sed
1144 1377 1187 1411 et
1213 1367 1366 1411 finium
1387 1377 1539 1412 terrae:
1564 1366 1687 1428 quod
1708 1382 1798 1411 non

414 1438 572 1482 scirent
588 1473 598 1492 ,
626 1437 658 1481 si
683 1436 825 1481 adhuc
849 1437 894 1480 in
916 1437 1117 1496 superbia
1140 1454 1215 1482 sua
1236 1447 1402 1495 essent3
1428 1439 1473 1482 in
1495 1439 1697 1498 superbia
1719 1453 1799 1481 au-

416 1518 505 1552 tem
528 1523 602 1551 sua
627 1517 787 1562 essent,
823 1508 856 1551 si
880 1507 1023 1551 adhuc
1043 1507 1122 1551 sibi
1140 1509 1247 1567 justi
1272 1508 1523 1552 viderentur
1547 1528 1555 1552 ;
1582 1517 1632 1552 ut
1653 1516 1801 1551 autem

415 1579 494 1622 sibi
503 1579 608 1638 justi
623 1594 711 1622 non
723 1577 990 1631 viderentur,
1004 1579 1272 1622 annuntiatae
1289 1588 1390 1622 sunt
1408 1578 1489 1622 illis
1504 1594 1554 1621 ex
1567 1577 1801 1635 maledicto

415 1659 458 1693 ct
475 1649 703 1692 mendacio
725 1649 1116 1693 consummationes
1134 1649 1177 1691 in
1195 1650 1256 1693 ira
1275 1649 1679 1705 consummationi83
1699 1648 1802 1708 quia

417 1719 715 1778 comprehensi
735 1718 916 1762 fuerunt
938 1719 982 1761 in
1003 1719 1202 1778 superbia
1226 1735 1301 1762 sua
1317 1754 1327 1773 ‚
1354 1735 1404 1762 ex
1421 1718 1654 1763 maledicto
1681 1717 1803 1779 quod

417 1790 637 1842 fecerunt,
677 1787 853 1847 quando
874 1788 1101 1832 Christum
1129 1788 1398 1832 occiderunt.
1426 1791 1539 1833 Ecce
1562 1788 1670 1848 quid
1698 1788 1804 1832 fecit

416 1860 626 1904 Dominus
653 1867 797 1901 noster
818 1861 941 1901 Jesus
964 1858 1173 1902 Christus.
1208 1862 1406 1903 Mortuus
1429 1868 1492 1903 est
1511 1860 1624 1902 inter
1649 1873 1803 1903 manus

419 1928 702 1983 Judaeorum,
721 1938 762 1970 et
785 1928 967 1971 redemit
982 1927 1309 1972 multitudinem
1332 1929 1557 1972 Gentium:
1578 1929 1658 1972 hac
1681 1927 1804 1972 fusus

419 2007 483 2042 est
501 1997 673 2055 sanguis
689 2032 699 2051 ,
731 1997 811 2040 hac
834 1996 998 2055 profuit
1017 2018 1027 2051 ς
1052 1996 1127 2040 sed
1149 1998 1364 2042 conversis
1388 1999 1591 2043 omnibus
1608 1997 1801 2057 profuit3

419 2068 519 2128 quia
538 2077 580 2110 et
597 2066 659 2110 illi
682 2080 812 2126 quem
835 2066 1089 2111 occiderunt
1112 2077 1410 2126 agnoverunt,
1432 2077 1475 2112 et
1497 2067 1551 2112 ab
1573 2068 1649 2113 illo
1669 2068 1804 2128 ipsius

419 2136 732 2182 interfectionis
754 2146 798 2180 et
814 2135 960 2180 delicti
983 2137 1048 2180 sui
1074 2137 1216 2196 magni
1238 2138 1409 2181 veniam
1429 2147 1700 2182 meruerunt.

479 2210 601 2251 VIII.
628 2206 742 2259 Quid
761 2222 862 2265 ergo
885 2215 926 2250 et
949 2206 1003 2250 de
1024 2207 1150 2266 ipsis?
1167 2207 1297 2260 Quod
1314 2223 1443 2267 supra
1465 2228 1474 2252 2
1499 2227 1519 2250 «
1539 2209 1803 2252 Converten-
1858 2190 1860 2235 ζ

424 2295 445 2318 ))
481 2287 552 2320 tur
574 2276 629 2320 ad
652 2292 870 2336 vesperam
891 2296 898 2320 ;
940 2296 957 2317 »
984 2276 1030 2320 id
1052 2286 1136 2331 est,
1171 2277 1250 2321 etsi
1272 2293 1387 2332 sero,
1423 2277 1468 2321 id
1501 2287 1590 2333 est,
1616 2287 1715 2337 post
1734 2278 1806 2321 in-

421 2346 720 2391 terfectionem
747 2347 918 2390 Domini
941 2347 1074 2390 nostri
1096 2349 1199 2390 Jesu
1221 2347 1381 2391 Christi
1403 2367 1410 2390 :
1440 2366 1460 2388 «
1485 2349 1807 2392 Convertentur

425 2435 445 2458 »
481 2417 536 2460 ad
557 2432 777 2475 vesperam
800 2436 808 2460 ;
831 2425 873 2459 et
895 2414 1053 2459 famem
1077 2417 1295 2475 patientur
1312 2426 1361 2460 ut
1382 2432 1524 2460 canes.
1555 2436 1573 2458 »
1598 2417 1683 2462 Sed
1710 2436 1730 2458 «
1751 2419 1808 2461 Ut
1860 2437 1861 2441 ¹

426 2506 445 2528 »
481 2502 630 2541 canes,
648 2506 666 2527 »
682 2502 771 2531 non
786 2495 832 2529 ut
850 2502 965 2541 oves,
981 2495 1056 2529 aut
1077 2485 1202 2530 vituli
1223 2506 1230 2531 z
1253 2505 1272 2528 «
1296 2488 1352 2530 Ut
1369 2501 1511 2541 canes,
1530 2496 1612 2531 »ut
1627 2488 1802 2541 Gentes,
1860 2543 1861 2546 Ἴ

1859 2550 1861 2564 l

475 2579 480 2593 ¹
505 2574 592 2603 Itoni.
615 2583 650 2604 Π,
672 2573 720 2602 ι6.
744 2588 783 2593 —-
805 2577 816 2592 2
840 2570 915 2602 Psat.
942 2581 1039 2611 mvn,
1059 2579 1111 2602 w.
1141 2588 1179 2592 —
1203 2569 1215 2592 3
1234 2571 1280 2602 111.
1302 2571 1417 2611 x1n‚3‚
1439 2576 1469 2603 et
1487 2573 1575 2605 Rom.
1596 2582 1643 2611 ιη,
1666 2580 1714 2602 111.
