1889 3285
0 275 24 423 ³!

0 390 23 463 ι,
55 397 648 418 *ww-mmmmm

426 248 666 282 ENARRATIQ
697 251 743 278 m
774 248 976 284 PsALMUM
1007 251 1127 278 inx.
1348 240 1429 281 351

553 531 936 581 ENARRATlo

439 668 500 706 IN
547 667 847 710 PSALMUM
883 669 1052 711 LXIX.

649 813 798 858 Sermo
807 813 821 838 ¹
830 846 839 856 .

59 976 65 984 -
113 948 148 990 I.
184 947 371 991 GnAnAs
389 961 522 1005 grano
544 947 715 1001 tritiei2‚
737 947 837 1007 quia
866 946 977 991 mori
996 947 1136 992 voluit
1158 955 1201 991 et
1221 946 1438 1006 multipli-

54 1016 141 1065 cari
158 1018 174 1043 3
195 1036 204 1062 ε
230 1017 386 1075 gratias
404 1018 534 1062 unico
555 1017 665 1062 Filio
687 1019 764 1062 Dei
782 1018 969 1061 Domino
991 1017 1266 1062 et'Salvatori
1288 1026 1437 1061 nostro

54 1090 158 1132 Jesu
179 1088 372 1142 Christo,
398 1088 474 1148 qui
495 1097 680 1133 mortem
702 1097 891 1132 nostram
915 1088 1062 1132 subire
1075 1103 1165 1132 non
1178 1087 1439 1146 dedignatus

54 1166 138 1213 est,
173 1166 224 1202 ut
250 1174 329 1202 nos
359 1158 448 1202 vita
470 1174 545 1203 sua
574 1157 726 1216 dignos
759 1156 934 1202 faceret.
966 1158 1079 1203 Ecce
1103 1158 1180 1218 qui
1210 1157 1440 1216 singularis

54 1237 146 1272 erat
173 1228 312 1273 donec
342 1229 563 1281 transiret,
589 1229 699 1272 sicut
724 1228 832 1272 dixit
852 1229 899 1272 in
932 1228 1102 1272 Psalmo
1128 1247 1137 1273 :
1162 1227 1439 1286 «Singularis

57 1317 78 1340 u
113 1314 194 1358 ego
224 1315 320 1343 sum
350 1298 490 1343 donee
518 1309 732 1344 transeam
751 1300 767 1324 4
794 1318 803 1344 :
828 1318 849 1340 »
883 1299 983 1359 quia
1010 1299 1070 1343 sic
1105 1307 1197 1343 erat
1223 1297 1439 1356 singulare

55 1385 255 1428 granum,
266 1379 317 1414 ut
335 1370 381 1413 in
397 1385 441 1413 se
457 1369 636 1414 haberet
652 1383 854 1428 magnam
869 1367 1162 1413 multitudinis
1180 1366 1439 1412 foecundita-

53 1526 151 1555 mus
167 1546 178 1566 ‚
203 1509 381 1571 quando
402 1510 595 1554 natalitia
611 1513 852 1567 Martyrum
869 1509 1165 1552 celebramus?
1182 1508 1322 1554 Multa
1336 1523 1439 1567 ergo

55 1581 250 1628 membra
272 1582 364 1640 ejus
388 1580 468 1624 sub
493 1595 583 1624 uno
605 1580 746 1638 capite
764 1579 858 1638 ipso
881 1577 1102 1623 Salvatore
1123 1587 1272 1623 nostro
1294 1578 1440 1623 chari-

55 1651 154 1697 tatis
183 1659 225 1694 et
251 1651 366 1709 pacis
396 1649 573 1693 vinculo
606 1647 827 1706 colligata,
870 1648 982 1692 sicut
1012 1663 1136 1694 nosse
1173 1648 1437 1706 dignamini,

56 1720 264 1781 quoniam
283 1720 514 1778 saepissime
533 1718 713 1765 audistis
727 1753 738 1773 ‚
763 1734 876 1762 unus
897 1719 1030 1762 homo
1048 1727 1171 1762 sunt:
1184 1726 1227 1761 et
1247 1718 1441 1776 ipsorum

57 1800 108 1836 ut
123 1791 251 1836 unius
263 1789 451 1834 hominis
471 1804 555 1833 vox
570 1788 831 1848 plerumque
852 1789 896 1831 in
911 1788 1087 1832 Psalmis
1109 1788 1304 1842 auditur,
1326 1797 1370 1833 et
1383 1787 1442 1832 sic

57 1860 216 1907 clamat
236 1875 350 1904 unus
371 1869 581 1918 tanquam
602 1873 778 1913 omnes,
811 1858 912 1918 quia
944 1872 1092 1902 omnes
1124 1857 1170 1901 in
1203 1873 1294 1902 uno
1328 1872 1442 1901 unus

57 1941 173 1977 sunt.
198 1930 440 1977 Audiamus
459 1945 561 1988 ergo
583 1929 792 1989 quoniam
812 1929 1122 1973 laboraverunt
1142 1931 1378 1986 Martyres,
1400 1936 1443 1972 et

57 2002 170 2047 inter
192 2017 369 2061 magnas
391 2009 667 2059 tempestates
689 1998 891 2044 odiorum
915 1999 961 2043 in
981 1999 1066 2042 hoc
1084 1997 1245 2043 saeculo
1266 1998 1442 2057 pericli-

59 2073 136 2118 tati
155 2081 278 2127 sunt,
313 2088 403 2116 non
437 2080 528 2115 tam
556 2085 759 2130 corpore,
796 2068 917 2129 quod
955 2068 1224 2129 quandoque
1261 2068 1442 2128 posituri

59 2152 181 2187 erant
200 2177 211 2198 ‚
236 2142 311 2187 sed
326 2142 417 2202 ipsa
435 2140 548 2188 fide:
573 2155 628 2184 ne
645 2140 894 2184 deficientes
916 2147 960 2182 et
981 2139 1094 2183 forte
1117 2138 1278 2182 acerbis
1299 2153 1444 2198 perse-

58 2213 285 2258 cutionum
306 2211 507 2257 cedentes
529 2209 753 2255 doloribus
772 2209 841 2255 vel
864 2209 999 2253 amori
1022 2209 1122 2253 vitae
1143 2209 1271 2269 hujus
1287 2244 1299 2263 ,
1324 2209 1444 2252 amit-

59 2292 201 2328 terent
220 2282 340 2343 quod
366 2282 622 2341 promiserat
641 2283 755 2325 Deus
780 2299 790 2324 2
810 2279 887 2340 qui
909 2295 998 2323 non
1020 2279 1161 2323 solum
1182 2279 1317 2324 verbo
1333 2314 1344 2334 ,
1369 2278 1444 2323 sed

60 2355 189 2398 etiam
204 2352 402 2412 exemplo
424 2353 662 2397 abstulerat
683 2367 856 2397 omnem
873 2351 1095 2408 timorem3
1111 2351 1260 2405 verbo,
1278 2350 1440 2404 dicens,

65 2444 88 2470 «
119 2425 262 2471 Nolite
281 2425 435 2469 timere
455 2440 527 2469 eos
549 2424 625 2485 qui
647 2438 805 2483 corpus
832 2422 1038 2468 occidunt
1056 2457 1068 2477 ‚
1091 2422 1280 2466 animam
1298 2431 1443 2466 autem

110 2527 120 2544 ¹
142 2523 252 2553 Sermo
275 2521 336 2553 iste
358 2520 391 2552 in
417 2522 591 2563 Martyrum
608 2519 810 2553 solemnitate
827 2518 953 2551 habitus
971 2523 1029 2550 est.
1053 2536 1095 2541 —
1114 2525 1127 2541 2
1145 2518 1224 2551 Vide
1240 2521 1277 2551 D.
1298 2517 1420 2551 Guillon
1434 2542 1443 2559 ,

64 2579 142 2609 tom.
165 2587 220 2618 xx,
234 2587 306 2619 pag.
325 2574 484 2617 542—550.
500 2593 542 2599 —
564 2574 578 2598 3
595 2577 684 2608 Joan.
701 2586 757 2617 xn,
778 2575 833 2607 25.
855 2592 897 2598 -
911 2573 927 2604 4
947 2574 1026 2606 Psal.
1045 2585 1114 2615 cn,
1137 2585 1189 2607 10.
