1889 3285
419 318 679 362 medicatum
702 318 783 361 sit?
802 317 1117 361 Medicamenta
1135 327 1258 361 erant
1278 317 1322 360 in
1341 316 1589 375 Prophetis-3
1606 313 1798 358 medica-

417 397 563 430 menta
584 397 706 431 erant
734 388 779 430 in
802 390 943 445 Lege3
970 396 1184 446 praecepta
1205 387 1295 445 ipsa
1317 385 1461 430 omnia
1483 385 1800 428 medicamenta
1863 437 1866 447 Ι

419 467 570 513 erant3
602 466 645 500 et
675 458 756 500 1100
780 456 1144 500 medicamentum
1173 456 1372 500 nondum
1395 464 1485 499 erat
1506 454 1798 497 medicatum:
1864 506 1865 509 Ἴ

418 526 608 570 adventu
631 526 802 570 Domini
820 526 1083 569 medicatum
1111 535 1175 569 est
1202 525 1569 570 medicamentum
1591 540 1599 565 z
1634 525 1717 567 hoc
1737 521 1802 566 illi
1864 563 1865 566 ,

417 596 528 643 ferre
556 613 646 641 non
668 605 920 656 potuerunt.
947 596 1057 649 Quia
1079 596 1194 639 enim
1212 612 1300 640 non
1322 596 1590 641 curabantur
1613 593 1803 637 medica-

418 677 589 722 mento,
631 667 892 710 medicatum
932 675 995 710 est
1035 667 1177 726 ipsum
1209 666 1577 711 medicamentum
1611 663 1804 708 adventu
1862 691 1864 725 3

417 738 606 782 Domini.
623 740 718 780 Jam
740 737 983 796 Stephanus
995 736 1360 781 medicamentum
1377 736 1641 781 medicatum
1658 735 1804 778 incan-
1862 746 1863 764 ³

417 809 550 863 tabat,
570 809 651 852 1100
669 807 732 851 1111
749 807 897 851 audire
917 808 1176 853 noluerunt:
1202 808 1320 852 unde
1344 808 1606 867 medicatum
1631 814 1695 849 est
1716 820 1801 848 me-
1861 795 1863 801 ¹

418 879 711 922 dicamentum
730 914 740 933 ,
766 887 916 922 contra
936 879 1020 922 hoc
1047 894 1172 922 aures
1195 878 1459 923 clauserunt.
1497 881 1605 923 Nam
1626 877 1688 920 ibi
1720 876 1804 919 hoc

415 948 640 1004 feceruut,
665 949 741 992 ubi
765 949 1013 992 nominatus
1036 958 1100 992 est
1123 950 1332 993 Christus.
1358 948 1607 1007 Indignatio
1628 961 1802 1000 eorum,

415 1019 528 1063 sicut
543 1019 780 1076 indignatio
795 1019 1019 1078 serpentis.
1035 1019 1152 1072 Quid
1170 1035 1292 1063 aures
1309 1018 1535 1062 clauditis?
1549 1021 1802 1076 Expectate,

419 1089 588 1146 audite3
613 1099 656 1133 et
677 1089 710 1132 si
730 1089 971 1147 potueritis,
995 1091 1154 1133 saevite.
1178 1091 1287 1142 Quia
1306 1089 1518 1133 nolebant
1536 1088 1616 1132 nisi
1638 1087 1803 1140 saevire,
1858 1123 1860 1126 ,

417 1159 654 1204 noluerunt
669 1160 832 1203 audire.
853 1159 978 1212 Quod
1003 1160 1036 1203 si
1054 1158 1277 1215 audirent,
1304 1158 1415 1204 forte
1439 1159 1711 1203 desaevirent.
1740 1160 1807 1200 In-
1857 1205 1860 1212 ⁴

419 1230 612 1288 dignatio
637 1245 788 1273 eorum
809 1230 918 1273 sicut
940 1228 1180 1287 indignatio
1203 1230 1428 1289 serpentis.
1858 1274 1859 1279 ,

475 1303 551 1344 lx.
580 1299 702 1343 Tales
724 1300 852 1342 etiam
869 1299 972 1343 istos
993 1300 1197 1358 patimur.
1225 1300 1370 1344 Primo
1393 1299 1474 1343 sibi
1496 1299 1720 1343 veritatem
1741 1307 1806 1341 tc-

417 1387 519 1415 nere
541 1369 802 1414 videbantur
825 1389 832 1413 :
854 1385 943 1413 non
964 1370 1142 1414 cessavit
1165 1373 1278 1414 Deus
1294 1406 1304 1425 ‚
1326 1387 1415 1415 non
1438 1369 1603 1429 quievit
1626 1389 1634 1413 :
1652 1369 1698 1412 in
1720 1372 1807 1413 Ec-

419 1441 546 1486 clesia
559 1457 633 1485 sua
648 1440 881 1500 praedicata
905 1449 968 1484 est
987 1441 1156 1495 veritas,
1173 1442 1218 1484 in
1239 1441 1475 1485 visceribus
1499 1441 1646 1484 matris
1662 1449 1809 1499 aperta
1855 1468 1858 1475 -

419 1522 521 1557 sunt
546 1527 696 1555 eorum
724 1511 977 1556 mendacia:
1015 1510 1280 1570 patefactum
1307 1521 1371 1555 est
1405 1511 1526 1571 quod
1551 1510 1695 1564 lucet,
1729 1509 1810 1553 de-
1854 1527 1856 1543 ¹

419 1592 657 1627 monstrata
678 1590 741 1625 est
759 1581 906 1626 civitas
929 1596 1057 1640 super
1079 1591 1273 1625 montem
1298 1582 1533 1626 constituta
1550 1617 1561 1637 ,
1591 1597 1690 1641 quae
1711 1580 1811 1624 abs·
1854 1597 1855 1602 ¹

422 1651 552 1697 condi
564 1667 652 1695 non
666 1659 820 1711 potest,
837 1659 880 1694 et
896 1650 1073 1694 lucerna
1091 1651 1227 1710 posita
1242 1661 1306 1695 est
1327 1668 1456 1711 super
1476 1648 1807 1705 candelabrum,

424 1740 523 1784 quae
552 1722 668 1766 lucet
695 1721 898 1765 omnibus
931 1721 1007 1780 qui
1036 1722 1082 1764 in
1113 1721 1243 1766 domo
1272 1727 1414 1767 sunt¹.
1446 1723 1529 1767 Ubi
1562 1723 1677 1766 enim
1705 1721 1812 1766 latet
1852 1710 1855 1769 1

424 1794 580 1838 veritas
597 1792 781 1837 Christi?
803 1793 956 1836 Nonne
979 1791 1068 1850 ipse
1089 1801 1151 1835 est
1167 1808 1289 1836 mons
1307 1793 1383 1852 qui
1405 1793 1539 1836 crevit
1559 1809 1610 1836 cx
1630 1792 1812 1836 minimo
1852 1802 1855 1823 ³

426 1863 568 1924 lapide
586 1899 596 1919 ,
622 1873 664 1907 et
681 1861 876 1921 implevit
894 1862 1139 1906 universam
1163 1862 1316 1907 faciem
1339 1866 1515 1908 terrae‘2?
1533 1863 1813 1908 Convincun-

428 1945 500 1979 tur
523 1935 624 1978 hinc
641 1968 651 1988 ‚
685 1948 773 1976 non
795 1931 960 1975 habent
983 1931 1102 1991 quod
1121 1931 1267 1976 dicant
1298 1943 1448 1977 contra
1475 1932 1728 1977 Ecclesiam.
1756 1935 1814 1976 Et
1850 1927 1853 1972 1

430 2004 537 2065 quid
565 2005 624 2048 eis
646 2002 880 2047 remansit?
902 2000 1019 2054 Quid
1046 2017 1123 2045 nos
1154 2003 1376 2061 quaeritis?
1405 2002 1518 2055 Quid
1546 2019 1625 2047 nos
1657 2002 1814 2047 vultis?
1849 2019 1852 2055 ς

430 2075 592 2120 Ι)101111ῖ
614 2093 622 2118 ;
654 2071 859 2116 Recedite
882 2088 904 2115 a
926 2071 1066 2115 nobis.
1094 2074 1254 2115 Dicunt
1275 2082 1421 2116 autem
1451 2082 1495 2117 et
1522 2074 1608 2117 suis
1631 2090 1638 2114 :
1675 2076 1813 2119 Nemo

432 2161 533 2190 cum
567 2144 648 2188 illis
676 2143 906 2203 loquatur,
945 2158 1074 2186 nemo
1102 2141 1184 2186 illis
1213 2145 1521 2203 conjungatur,
1559 2160 1688 2189 nemo
1718 2143 1814 2188 illos
1848 2143 1851 2192 1

432 2207 593 2260 audiat.
621 2213 868 2272 Indignatio
884 2228 1056 2266 eorum,
1079 2212 1316 2271 indignatio
1338 2215 1601 2274 serpentium
1621 2235 1629 2259 z
1655 2235 1675 2257 t(
1695 2215 1816 2260 Sicut
1847 2208 1858 2271 1·

435 2305 457 2327 »
493 2284 650 2344 aspidis
673 2283 814 2327 surdae
837 2292 879 2326 et
895 2282 1138 2327 obturantis
1158 2299 1280 2327 aures
1301 2300 1397 2328 suas
1419 2304 1427 2330 z
1448 2302 1547 2345 quae
1571 2302 1660 2330 non
1681 2301 1814 2329 exau·
1846 2282 1850 2335 1

436 2375 457 2398 »
494 2355 583 2399 diet
604 2370 754 2399 vocem
777 2354 1090 2398 incantantium
1108 2389 1117 2407 ‚
1151 2363 1194 2397 et
1217 2355 1543 2411 medicamenti,
1569 2375 1589 2398 »
1616 2358 1699 2402 hoc
1723 2366 1812 2414 est,
1845 2351 1849 2409 1

432 2441 585 2470 vocem
602 2424 933 2478 medicamenti,
964 2443 983 2465 «
1004 2423 1204 2468 Medicati
1223 2440 1246 2468 a
1268 2426 1474 2484 sapiente.
1499 2445 1518 2467 »
1544 2430 1698 2471 Nonne
1714 2429 1816 2473 hinc
1844 2436 1847 2462 ἰ

430 2498 520 2556 jam
541 2494 795 2553 intelligitur
815 2493 942 2555 quale
960 2493 1323 2539 medicamentum
1338 2532 1348 2551 ,
1370 2496 1548 2556 quando
1570 2514 1722 2543 vocem
1745 2499 1814 2543 di-
1844 2513 1847 2540 ·,

487 2587 495 2603 ¹
517 2579 629 2612 Matth.
646 2590 677 2621 v,
699 2578 751 2621 14,
775 2579 823 2611 15.
845 2596 886 2600 -
907 2585 919 2601 ²
938 2581 1015 2611 Dan.
1034 2589 1069 2620 11,
1094 2579 1144 2611 35.
1816 2546 1846 2607 ,1

423 246 477 283 36
832 257 864 280 ε.
904 254 1130 281 Ateusnm
1165 255 1343 281 Erlscom
1865 219 1875 422 Ι

1842 2678 1844 2700 1

1840 2743 1844 2759 1

1839 2802 1843 2829 1

1840 2838 1843 2877 1
