1889 3285
384 241 465 279 328
823 253 855 279 s.
892 251 915 277 Α
925 252 1122 279 UGUSTlNI
1155 253 1332 280 EPISCOI'I

381 317 584 362 membris
605 318 696 376 ejus
718 318 929 376 contingit
957 338 964 362 :
988 319 1164 378 quando
1194 318 1308 364 forte
1340 331 1512 363 necesse
1539 320 1620 363 erit
1639 334 1762 365 servo

381 388 456 432 Dei
477 387 707 447 prohibere
728 388 954 433 ebrietates
967 398 1010 433 et
1025 388 1216 433 luxurias
1229 390 1274 433 in
1293 389 1439 449 aliquo
1455 388 1525 434 vel
1542 388 1681 434 fundo
1693 390 1763 435 vel

380 458 564 518 oppido,
589 458 664 502 ubi
686 475 776 503 non
801 458 1000 504 auditum
1023 459 1154 504 fuerit
1173 461 1354 505 verbum
1380 461 1480 515 Dei,
1508 475 1664 520 parum
1700 470 1764 506 est

378 530 481 590 quia
514 539 718 585 cantant,
748 530 925 590 insuper
948 539 990 574 et
1022 531 1067 575 in
1099 530 1242 590 ipsum
1273 531 1490 591 incipiunt
1509 540 1683 576 cantare
1702 567 1714 587 ‚
1739 548 1764 577 a

377 616 467 660 quo
480 599 769 658 prohibentur
785 610 974 645 cantare.
990 602 1250 661 Comparate
1272 616 1390 646 nunc
1403 600 1517 645 illius
1529 602 1760 661 jejunium,

377 679 421 714 et
450 669 625 714 illorum
656 671 822 714 vinum.
861 689 881 713 «
909 673 967 715 Et
999 671 1046 715 in
1067 686 1137 715 me
1158 669 1402 730 psallebant
1421 706 1432 726 ,
1458 672 1535 732 qui
1555 671 1765 716 bibebant

378 758 400 781 »
435 740 588 784 vinum
614 755 622 781 :
652 759 671 782 »
697 741 849 785 vinum
866 740 1020 786 erroris
1036 776 1047 796 ,
1071 741 1224 785 vinum
1238 741 1468 801 impietatis
1484 775 1495 797 ,
1522 741 1674 786 vinum
1691 757 1764 786 su-

377 810 556 870 perbiae.

436 882 581 924 XVII.
614 882 748 939 «Ego
770 889 915 925 autem
939 881 1132 926 oratione
1162 895 1258 925 mea
1288 881 1345 924 ad
1380 889 1450 936 te,
1481 881 1712 926 Domiue'.
1739 899 1762 923 »

375 954 470 1010 Ego
498 959 643 995 autem
674 950 729 996 ad
756 961 798 995 te
833 967 965 996 eram.
1003 951 1088 997 Sed
1115 951 1364 1012 quomodo?
1400 950 1469 996 Ad
1500 960 1543 996 te
1579 951 1761 997 orando.

377 1010 562 1063 Quando
586 1010 702 1054 enim
718 1010 985 1056 malediceris
997 1047 1007 1067 ,
1025 1010 1188 1071 etquid
1201 1025 1298 1069 agas
1311 1026 1401 1055 non
1411 1011 1545 1056 habes
1561 1032 1572 1069 3
1588 1010 1766 1071 quando

376 1081 458 1125 tibi
476 1082 698 1140 jactantur
721 1082 953 1141 opprobria
968 1117 979 1137 ,
1004 1091 1047 1126 et
1069 1080 1290 1141 quomodo
1309 1081 1494 1139 corrigas
1517 1096 1619 1125 eum
1637 1098 1660 1125 a
1677 1097 1766 1142 quo

373 1154 596 1212 jactantur
611 1168 702 1196 non
722 1153 890 1197 invenis
910 1187 921 1208 ,
946 1152 1056 1196 nihil
1077 1152 1157 1196 tibi
1180 1161 1311 1196 restat
1327 1152 1407 1196 nisi
1425 1167 1562 1196 orare.
1581 1152 1665 1196 Sed
1675 1167 1766 1197 me-

377 1231 527 1266 mento
549 1231 593 1265 et
614 1237 693 1281 pro
710 1222 803 1282 ipso
825 1238 962 1267 orare.
995 1225 1125 1281 «Ego
1147 1231 1293 1266 autem
1311 1223 1505 1267 oratione
1522 1237 1618 1266 mea
1632 1222 1687 1267 ad
1704 1232 1763 1278 te,

381 1310 401 1332 »
436 1292 631 1335 Domine.
661 1295 848 1352 Tempus
863 1291 1140 1352 beneplaciti,
1166 1296 1324 1337 Deus.»
1350 1295 1463 1337 Ecce
1481 1293 1597 1337 enim
1612 1293 1766 1352 sepeli-

377 1372 450 1406 tur
472 1377 677 1421 granum,
695 1373 872 1422 exurget
889 1362 1072 1407 fructus.
1083 1365 1297 1423 «Tempus
1310 1362 1588 1423 beneplaciti,
1604 1367 1762 1408 Deus.»

378 1439 435 1477 De
457 1435 541 1479 hoc
563 1443 759 1494 tempore
780 1444 824 1479 et
845 1434 1075 1494 Prophetae
1101 1434 1305 1479 dixerunt
1319 1469 1330 1490 ,
1357 1434 1478 1495 quod
1499 1449 1766 1480 commemo-

378 1513 446 1547 rat
481 1503 749 1563 Apostolus:
787 1523 806 1545 «
838 1506 951 1548 Ecce
983 1519 1101 1548 nunc
1137 1512 1308 1564 tempus
1335 1504 1602 1564 acceptabile
1622 1540 1633 1560 ‚
1667 1520 1767 1550 ecce

382 1592 402 1615 »
438 1589 557 1617 nunc
578 1572 668 1618 dies
690 1573 837 1618 salutis
854 1577 886 1617 ².
901 1577 1089 1633 Tempus
1112 1573 1402 1633 beneplaciti,
1428 1578 1556 1619 Deus.
1578 1578 1631 1633 In
1652 1575 1759 1620 mul-

382 1662 404 1685 »
442 1644 630 1688 titudine
651 1644 957 1688 misericordiae
979 1653 1082 1688 tuae.
1106 1661 1126 1684 »
1148 1646 1251 1692 Hoc
1273 1654 1337 1689 est
1358 1654 1529 1705 tempus
1559 1646 1768 1706 benepla—

379 1715 479 1769 citi,
510 1717 606 1757 «In
637 1713 920 1758 multitudine
956 1712 1260 1758 misericordiae
1294 1723 1436 1758 tuae.»
1462 1718 1572 1759 Nam
1605 1715 1638 1760 si
1677 1731 1768 1761 non

379 1794 489 1830 esset
511 1784 750 1829 multitudo
761 1784 1064 1829 misericordiae
1087 1794 1174 1829 tuae
1189 1821 1200 1840 ,
1226 1785 1333 1846 quid
1352 1802 1430 1831 nos
1452 1785 1690 1831 faceremus
1713 1787 1768 1831 dc

379 1854 663 1899 multitudine
693 1855 932 1915 iniquitatis
965 1857 1150 1899 nostrae‘?
1171 1875 1191 1897 α
1212 1858 1264 1899 In
1292 1855 1576 1900 multitudine
1602 1857 1767 1901 miseri-

383 1944 404 1967 »
440 1926 600 1970 cordiae
630 1935 733 1970 tute.
764 1925 933 1972 Exaudi
955 1941 1024 1969 me
1040 1925 1086 1969 in
1106 1925 1287 1970 veritate
1306 1925 1455 1971 salutis
1478 1935 1580 1971 tuae.
1607 1945 1629 1969 »
1660 1928 1767 1981 Quia

381 1996 516 2048 dixit,
545 2015 565 2037 «
584 1995 891 2040 Misericordiae
913 2005 1021 2051 tuae,
1041 1996 1299 2055 »subjunxit
1322 2006 1364 2040 et
1385 1997 1609 2041 veritatem
1632 2017 1640 2042 :
1666 1999 1768 2059 quia

381 2064 673 2109 misericordia
701 2074 744 2109 et
773 2065 928 2110 veritas
950 2066 1164 2109 universae
1185 2066 1266 2109 vice
1288 2067 1498 2110 Dominiss.
1526 2069 1669 2120 Quare
1687 2068 1768 2111 mi-

380 2134 641 2180 sericordia?
663 2135 927 2180 Dimittendo
950 2144 1140 2196 peccata.
1163 2138 1306 2189 Quare
1326 2136 1480 2180 veritas
1495 2138 1512 2180 Ρ
1525 2136 1767 2182 Reddendo

381 2207 603 2266 promissa.
629 2225 649 2247 «
669 2205 837 2250 Exaudi
858 2222 927 2250 me
946 2207 992 2251 in
1019 2207 1198 2251 veritate
1220 2206 1368 2251 salutis
1386 2216 1488 2250 tuae.
1516 2225 1536 2247 »

440 2278 608 2320 XVIII.
639 2295 659 2318 «
687 2276 860 2320 Salvum
881 2292 951 2321 me
966 2277 1034 2322 fac
1051 2276 1105 2321 de
1124 2275 1217 2321 luto
1233 2313 1243 2332 ,
1264 2287 1420 2322 utnon
1440 2277 1675 2321 inhaeream
1689 2278 1721 2320 ⁴.
1743 2296 1762 2318 »

382 2349 444 2390 De
464 2344 562 2401 illo,
580 2346 634 2390 de
651 2362 740 2406 quo
774 2362 903 2406 supra
925 2347 1108 2402 dixerat,
1139 2366 1158 2389 «
1178 2348 1341 2391 Infixus
1359 2363 1454 2391 sum
1471 2347 1518 2390 in
1538 2346 1642 2392 limo
1663 2363 1767 2406 pro-

384 2435 404 2458 »
440 2414 588 2472 fundi,
615 2426 657 2461 et
678 2433 767 2462 non
786 2418 1166 2463 estsubstantiaf’.»
1179 2417 1366 2462 Proinde
1388 2418 1489 2478 quia
1507 2417 1617 2462 illud
1634 2433 1766 2477 expo-

430 2518 439 2534 ¹
472 2511 554 2544 Psal.
586 2523 698 2553 vam,
736 2511 784 2554 14.
819 2530 859 2536 —-
881 2521 892 2535 ²
924 2522 942 2546 2
962 2516 1034 2547 Cor.
1056 2522 1152 2554 v1‚2.
1174 2530 1214 2535 —-
1242 2511 1254 2535 ³
1287 2513 1362 2548 Psal,
1403 2524 1488 2553 xxiv,
1522 2524 1570 2544 ιο.
1606 2530 1647 2534 -
1677 2512 1762 2544 4111.

383 2577 497 2607 uviri,
521 2567 569 2598 15.
589 2585 629 2589 -—
649 2566 760 2599 ⁵1bi11.
784 2568 811 2597 δ’.
