1889 3285
365 248 450 288 230
803 255 838 285 s.
873 256 1104 286 AUGUSTINI
1135 259 1319 287 EPISCOPI

367 324 543 380 transit,
584 332 628 368 et
666 322 803 368 tutius
843 323 1012 367 transit.
1050 342 1071 366 «
1112 326 1168 369 In
1207 323 1389 368 flumine
1423 323 1751 384 pertransibunt

367 412 390 437 »
424 394 552 455 pede.
580 411 601 435 »

421 467 525 510 XII.
555 483 573 506 α
591 464 660 509 Ibi
669 463 1012 525 jucundabimur
1032 464 1078 508 in
1100 465 1209 524 ipso.
1238 482 1259 507 »
1284 467 1321 510 Ο
1343 465 1504 520 Judaei,
1525 464 1583 509 de
1601 464 1750 509 vestris

363 536 568 596 operibus
591 535 836 594 gloriamini
864 554 872 579 :
909 535 1057 594 ponite
1079 536 1326 594 superbiam
1348 533 1563 593 gloriandi
1591 533 1646 578 de
1669 549 1751 579 vo-

360 606 427 651 bis
442 641 453 662 ,
479 606 636 650 sumite
657 607 837 665 gratiam
855 604 1128 664 jucundandi
1150 605 1196 649 in
1229 605 1415 650 Christo.
1442 604 1510 648 Ibi
1537 605 1654 648 enim
1675 605 1751 664 ju-

362 675 679 730 cundabimur,
706 675 780 719 sed
814 690 904 719 non
935 675 982 717 in
1015 675 1140 719 nobis
1166 694 1174 720 :
1204 694 1225 718 «
1249 676 1316 719 Ibi
1335 673 1683 735 jucundabimur
1704 674 1752 718 in

365 766 389 791 »
421 748 528 807 ipso.
555 765 576 788 »
598 745 783 800 Quando
796 745 1170 806 jucundabimur?
1197 748 1308 792 Cum
1337 746 1504 789 flumen
1529 745 1750 789 transieri-

366 833 464 862 mus
490 816 617 876 pede.
645 817 743 860 Vita
765 825 926 860 aeterna
947 816 1230 876 promittitur,
1255 815 1512 861 resurrectio
1532 815 1750 875 promitti-

364 897 458 942 tur,
491 886 548 930 ibi
575 902 674 930 caro
702 895 847 930 nostra
864 887 955 946 jam
984 902 1073 930 non
1107 887 1187 930 erit
1214 886 1379 930 flumen
1411 905 1421 930 :
1446 886 1613 929 flumen
1633 885 1751 928 enim

361 957 495 1002 modo
513 966 591 1012 est,
608 956 787 1018 quando
799 957 1037 1001 mortalitas
1054 966 1132 1001 est.
1150 956 1306 1001 Videte
1322 957 1356 1000 si
1373 965 1457 1000 stat
1471 955 1614 1016 aliqua
1628 965 1746 1000 aetas.

361 1029 491 1074 Pueri
513 1043 702 1073 crescere
723 1027 902 1079 volunt3
927 1037 971 1073 et
1001 1028 1203 1072 nesciunt
1229 1028 1416 1087 spatium
1436 1027 1538 1071 vitae
1558 1042 1648 1070 suae
1672 1042 1751 1070 an-

360 1099 429 1143 nis
457 1097 792 1143 succedentibus
818 1098 972 1142 minui.
997 1101 1094 1143 Non
1129 1098 1243 1142 enim
1267 1096 1490 1142 adduntur
1519 1097 1647 1151 anni,
1675 1096 1751 1141 sed

361 1170 681 1215 subtrahuntur
707 1170 999 1214 crescentibus
1028 1189 1038 1215 ι
1070 1170 1182 1215 sicut
1218 1185 1329 1230 aqua
1357 1169 1549 1213 fluminis
1577 1183 1751 1227 prorsus

362 1240 552 1295 accedit,
576 1239 651 1284 sed
674 1256 698 1283 a
716 1238 838 1283 fonte
860 1240 1039 1284 recedit.
1069 1243 1126 1284 Et
1145 1239 1302 1284 volunt
1328 1254 1518 1283 crescere
1539 1239 1680 1298 pueri,
1700 1247 1751 1282 ut

361 1320 537 1356 careant
559 1310 787 1354 dominatu
814 1311 1030 1369 majorum
1054 1329 1063 1354 ε
1091 1325 1191 1354 ecce
1213 1318 1434 1364 crescunt,
1471 1309 1613 1367 agitur
1637 1309 1746 1363 cito,

360 1381 623 1442 perveniunt
651 1380 707 1425 ad
719 1382 996 1441 juventutem
1019 1401 1028 1426 :
1051 1381 1128 1441 qui
1147 1389 1420 1425 excesserunt
1441 1381 1688 1440 pueritiam,
1714 1380 1749 1424 si

357 1461 543 1513 possunt
555 1461 732 1496 teneant
743 1452 1045 1510 juventutem:
1067 1453 1219 1495 transit
1236 1460 1279 1495 et
1299 1451 1402 1510 ipsa.
1430 1453 1636 1495 Senectus
1657 1465 1751 1494 suc—

356 1522 474 1568 cedit
501 1542 510 1567 :
535 1521 605 1566 vel
628 1530 826 1565 senectus
843 1530 1004 1565 aeterna
1027 1522 1080 1565 sit
1102 1541 1111 1566 :
1131 1532 1272 1566 morte
1294 1520 1505 1566 aufertur.
1530 1524 1645 1578 Ergo
1665 1521 1751 1564 ssu-

356 1594 451 1638 vius
474 1602 539 1637 est
568 1592 707 1636 carnis
729 1591 958 1636 nascentis.
987 1593 1115 1636 Hunc
1144 1592 1329 1639 fluvium
1363 1591 1663 1645 mortalitatis,
1694 1605 1750 1634 ne

357 1662 610 1707 mortalium
632 1677 778 1705 rerum
806 1661 1157 1720 concupiscentia
1182 1662 1406 1705 subvertat
1435 1670 1477 1704 et
1499 1660 1655 1719 rapiat,
1679 1658 1749 1703 sa-

362 1733 444 1778 cile
466 1732 620 1776 transit
634 1731 717 1791 'qui
750 1729 976 1774 humiliter
991 1765 1002 1785 ,
1029 1730 1073 1774 id
1097 1740 1176 1785 est,
1205 1730 1315 1790 pede
1339 1730 1515 1784 transit,
1541 1729 1653 1773 duce
1674 1729 1750 1774 illo

364 1803 441 1863 qui
462 1802 578 1861 prior
600 1800 784 1855 transiit,
808 1800 884 1860 qui
906 1800 960 1844 de
985 1809 1174 1845 torrente
1191 1801 1236 1844 in
1256 1801 1325 1845 via
1337 1815 1475 1860 usque
1489 1798 1544 1844 ad
1563 1808 1750 1844 mortem

359 1873 492 1925 bibit,
524 1880 753 1931 propterea
774 1870 976 1914 exaltavit
997 1873 1168 1929 caput1.
1201 1874 1488 1914 Transeuntes
1515 1884 1616 1927 ergo
1638 1869 1749 1929 pede

366 1943 551 1988 fluvium
571 1943 718 1997 istum,
748 1941 793 1985 id
821 1950 899 1995 est,
926 1940 1051 1985 facile
1071 1950 1342 1985 transeuntes
1363 1939 1670 1985 mortalitatem
1689 1941 1749 1984 is-

362 2023 454 2058 tam
471 2013 698 2066 fluentem,
720 2030 739 2053 «
765 2011 833 2055 Ibi
845 2011 1189 2071 jucundabimur
1210 2011 1257 2055 in
1277 2011 1383 2070 ipso.
1408 2029 1429 2053 »
1454 2010 1586 2055 Modo
1603 2020 1748 2054 autem

362 2085 409 2128 in
426 2099 532 2144 quo,
557 2083 637 2126 nisi
653 2081 722 2127 vel
736 2082 778 2125 in
798 2081 907 2141 ipso,
926 2081 995 2126 vel
1011 2082 1056 2125 in
1077 2096 1151 2140 spe
1172 2081 1333 2140 ipsius?
1349 2080 1441 2125 Etsi
1458 2081 1747 2140 enimjucun-

363 2153 519 2198 damur
535 2153 685 2207 modo,
710 2152 756 2195 in
777 2166 851 2211 spe
867 2150 1165 2212 jucundamur
1183 2172 1194 2207 3
1218 2160 1324 2195 tunc
1345 2160 1489 2195 autem
1506 2151 1552 2194 in
1566 2151 1659 2210 ipso
1670 2152 1748 2211 ju-

363 2223 669 2269 cundabimur.
690 2225 748 2267 Et
766 2221 898 2266 modo
916 2223 961 2266 in
980 2221 1089 2281 ipso,
1114 2221 1190 2266 sed
1211 2237 1287 2281 per
1304 2237 1423 2281 spem
1444 2240 1454 2266 2
1484 2240 1505 2263 «
1527 2224 1649 2266 Tunc
1670 2236 1748 2265 au-

368 2314 389 2337 »
418 2304 506 2339 tem
526 2293 636 2338 facie
654 2293 709 2337 ad
731 2292 921 2337 faciem2.
944 2310 966 2333 η

420 2368 548 2410 XIII.
573 2384 594 2407 ‹<
618 2364 683 2409 Ibi
701 2363 1045 2424 jucundabimur
1069 2363 1116 2407 in
1143 2364 1252 2423 ipso.
1280 2382 1301 2405 »
1325 2367 1377 2409 In
1399 2378 1488 2425 quo
1514 2381 1535 2405 «
1559 2362 1645 2417 Qui
1662 2362 1746 2408 do-

363 2436 555 2481 minatur
576 2435 622 2479 in
651 2434 812 2480 virtute
832 2449 908 2479 sua
934 2434 980 2478 in
1012 2436 1270 2478 aeternumss.
1303 2453 1324 2477 »
1362 2437 1472 2482 Nam
1499 2449 1577 2479 nos
1610 2449 1745 2495 quam

414 2551 423 2566 ‘
439 2543 519 2577 Psal.
540 2554 601 2586 cix,
620 2554 651 2585 7.
671 2559 713 2566 —
730 2549 743 2567 ²
761 2553 774 2576 1
791 2545 864 2578 cor.
879 2554 952 2583 xm,
977 2553 1028 2575 11.
1052 2559 1094 2566 —
1114 2540 1128 2567 3
1145 2542 1225 2576 Psal.
1248 2553 1322 2584 va,
1338 2553 1369 2584 7.

1840 1317 1842 1394 ἱ

1839 1402 1842 1467 i

1839 1477 1841 1534 i
