1889 3285
19 879 27 926 n

18 928 27 1015 ἕ

18 1018 27 1086 ξ

18 1089 26 1151 i

19 1162 26 1198 l

19 1211 26 1342 ἰ

16 1370 26 1646 ἰ

449 272 690 304 manna-110
721 276 768 303 m
799 272 1001 303 rsALMUM
1033 275 1120 303 Lv1.
1403 265 1452 302 11

76 340 201 384 tiens.
224 342 312 385 «Et
331 341 378 384 in
397 341 551 385 umbra
574 341 740 385 alarum
757 349 931 385 tuarum
948 340 1152 400 sperabo,
1170 338 1311 384 donec
1332 348 1457 385 tran-

26 425 29 427 *
78 428 100 453 »
135 420 224 455 seat
246 410 448 471 iniquitas
473 430 481 455 :
510 431 527 452 »
553 411 600 455 id
623 420 706 466 est,
730 420 780 454 tu
804 420 999 470 proteges
1019 425 1111 465 me,
1137 419 1180 454 et
1201 418 1251 454 ut
1272 410 1327 454 ab
1348 420 1458 455 aestu

25 528 27 535 y
75 481 314 541 iniquitatis
335 498 423 526 non
449 498 657 537 arescam,
692 491 742 526 tu
770 480 1073 526 umbraculum
1099 481 1312 541 praebebis
1334 482 1456 526 mihi.

132 555 232 596 VII.
274 572 292 594 «
318 553 525 598 clamabo
548 553 602 597 ad
624 557 761 598 Deum
785 553 1039 597 altissimum
1061 555 1091 597 ¹.
1114 571 1134 594 »
1163 553 1206 598 Si
1228 552 1459 597 altissimus

75 631 162 678 est,
183 622 402 682 quomodo
427 623 547 667 audit
570 632 611 667 te
633 623 924 669 clamantem?
947 626 1056 668 Nata
1073 633 1137 667 est
1162 623 1457 682 experimento

74 692 259 737 fiducia:
291 697 488 748 «Deum,
515 694 679 754 inquit,
710 694 785 755 qui
818 691 1034 737 benefecit
1066 693 1188 737 mihi.
1218 711 1237 734 »
1268 693 1310 738 Si
1332 703 1457 737 ante-

74 779 205 824 quam
228 779 325 808 eum
341 779 578 825 quaererem
596 800 605 819 ,
632 765 850 809 benefecit
864 764 967 807 mihi
979 799 990 819 ,
1011 763 1269 808 clamantem
1284 779 1354 807 me
1367 780 1458 809 non

76 833 307 878 exaudiet?
331 838 447 879 Bene
470 835 585 878 enim
609 835 734 879 nobis
756 834 859 878 fecit
880 835 1090 879 Dominus
1109 837 1222 878 Deus
1243 835 1458 896 mittendo

74 905 197 949 nobis
217 905 481 950 Salvatorem
498 915 696 965 nostrum
713 908 738 949 J
741 921 861 950 esum
881 905 1103 950 Christum
1119 940 1130 960 ,
1151 914 1201 949 ut
1217 914 1458 950 moreretur

73 984 250 1036 propter
271 975 425 1020 delicta
449 987 620 1031 nostra,
647 986 690 1020 et
721 985 963 1034 resurgeret
988 985 1166 1034 propter
1183 975 1460 1037 justificatio-

73 1060 174 1089 nem
196 1056 388 1090 nostram
405 1050 438 1090 ⁴².
473 1050 556 1090 Pro
578 1046 782 1107 qualibus
804 1046 914 1090 mori
940 1044 1081 1090 voluit
1112 1044 1273 1090 Filium
1302 1048 1458 1090 suum?

74 1119 157 1161 Pro
174 1117 329 1177 impiis.
358 1118 484 1177 Impii
506 1127 651 1163 autem
673 1134 762 1162 non
784 1118 1040 1178 quaerebant
1057 1121 1196 1161 Deum
1216 1153 1227 1172 ,
1259 1126 1302 1161 et
1333 1133 1458 1177 quae-

51 1216 54 1219 -
72 1186 141 1231 siti
163 1195 264 1230 sunt
286 1203 310 1231 a
330 1190 436 1232 Deo.
457 1188 525 1232 Sic
544 1197 607 1231 est
628 1203 730 1246 ergo
752 1187 824 1231 ille
848 1186 1079 1230 altissimus
1097 1222 1107 1242 ,
1130 1195 1180 1230 ut
1204 1202 1294 1231 non
1318 1187 1373 1230 sit
1401 1187 1456 1231 ab

72 1255 147 1300 illo
176 1256 306 1316 longe
336 1258 503 1302 miseria
531 1267 676 1302 nostra
707 1267 750 1301 et
778 1257 962 1316 gemitus
993 1266 1139 1301 noster
1163 1276 1172 1302 :
1198 1257 1300 1316 quia
1322 1272 1457 1316 prope

72 1335 136 1370 est
150 1327 355 1371 Dominus
372 1328 438 1372 his
455 1329 530 1389 qui
548 1328 821 1372 obtriverunt
839 1343 911 1372 cor
926 1329 956 1372 3.
982 1348 1002 1370 «
1018 1328 1228 1372 Clamabo
1246 1328 1300 1372 ad
1317 1331 1456 1372 Deum

76 1415 95 1437 »
130 1397 406 1451 altissimum,
424 1402 562 1443 Deum
585 1400 660 1459 qui
681 1398 896 1443 benefecit
910 1399 1030 1442 mihi.
1055 1417 1074 1440 »

72 1516 82 1521 -
130 1469 253 1511 VIII.
285 1487 304 1510 «
340 1469 458 1512 Misit
494 1468 548 1512 de
582 1469 720 1524 coelo,
757 1478 800 1513 et
828 1468 992 1513 salvum
1024 1467 1128 1513 fecit
1163 1469 1278 1512 me4.
1307 1487 1327 1509 »
1358 1470 1455 1512 Jam

71 1537 203 1582 homo
224 1539 335 1598 ipse,
347 1540 437 1599 jam
459 1555 557 1583 caro
583 1540 688 1598 ipsa,
709 1541 799 1599 jam
817 1539 951 1583 Filius
974 1539 1065 1594 Dei,
1087 1538 1329 1582 secundum
1352 1554 1456 1582 nos-

72 1616 182 1651 tram
207 1609 580 1669 participationem
607 1608 886 1653 manifestum
909 1618 994 1664 est,
1020 1609 1121 1669 quia
1145 1608 1331 1653 salvatus
1360 1617 1423 1652 cst
1441 1644 1453 1664 ,

72 1687 116 1722 et
144 1679 259 1722 misit
282 1678 336 1722 de
358 1679 471 1723 coelo
500 1682 626 1723 Pater
643 1715 653 1733 ,
677 1689 720 1723 et
741 1679 920 1723 salvavit
941 1694 1041 1723 eum
1062 1700 1073 1737 3
1098 1679 1215 1723 misit
1235 1679 1290 1722 de
1313 1678 1426 1724 coelo
1441 1714 1453 1735 ,

73 1758 115 1801 et
138 1750 403 1794 resuscitavit
420 1765 521 1794 eum
539 1769 547 1794 :
568 1749 643 1794 sed
665 1759 715 1794 ut
731 1751 936 1794 noveritis
953 1752 1053 1811 quia
1074 1760 1116 1794 et
1132 1750 1224 1810 ipse
1246 1751 1456 1795 Dominus

73 1835 117 1864 se
134 1821 428 1878 resuscitavit,
457 1830 694 1880 utrumque
715 1822 903 1880 positum
929 1821 1052 1865 estin
1079 1821 1326 1880 Scriptura,
1352 1821 1456 1881 quia

73 1899 116 1934 et
148 1894 275 1935 Pater
306 1890 429 1934 illum
465 1890 758 1946 resuscitavit,
794 1900 837 1934 et
867 1891 968 1951 quia
990 1891 1080 1950 ipse
1103 1906 1146 1934 se
1170 1892 1451 1935 resuscitavit.

71 1960 232 2005 Audite
269 1961 371 2021 quia
401 1965 528 2005 Pater
559 1960 685 2004 illum
707 1961 975 2004 resuscitavit
1004 1980 1012 2005 :
1050 1959 1284 2020 Apostolus
1316 1960 1452 2006 dicit:

76 2049 96 2072 «
130 2034 163 2074 F
168 2040 286 2075 actus
315 2040 404 2086 est,
434 2031 602 2091 inquit,
639 2031 846 2075 obediens
868 2047 1006 2092 usque
1024 2031 1076 2075 ad
1101 2040 1286 2075 mortem
1302 2067 1312 2086 ,
1334 2047 1454 2076 mor-

74 2119 95 2143 »
129 2111 217 2145 tem
239 2112 384 2146 autem
409 2102 546 2147 erucis
569 2122 578 2147 ε
603 2111 780 2162 propter
812 2103 933 2162 quod
965 2112 1008 2146 et
1031 2105 1143 2146 Deus
1166 2118 1265 2146 eum
1288 2102 1454 2146 exalta-

74 2190 94 2213 »
127 2173 205 2227 vit,
225 2182 268 2216 ct
280 2172 458 2218 donavit
474 2173 512 2216 ei
529 2188 689 2216 nomen
703 2172 822 2232 quod
840 2181 903 2216 est
924 2188 1054 2232 super
1068 2188 1196 2216 omne
1213 2175 1414 2216 nomen5.
1429 2191 1450 2214 »

71 2243 261 2287 Audistis
286 2247 455 2287 Patrem
477 2243 803 2287 resuscitantem
825 2252 869 2286 et
889 2242 1156 2287 exultantem
1175 2242 1361 2301 Filium3
1381 2259 1456 2287 au-

15 2349 19 2366 f
73 2313 161 2368 dite
179 2315 283 2375 quia
305 2325 348 2359 ct
368 2316 458 2374 ipse
474 2330 646 2359 carnem
665 2330 787 2358 suam
808 2315 1090 2359 resuscitavit.
1114 2318 1165 2358 In
1181 2316 1320 2374 figura
1340 2324 1453 2359 tem-

16 2400 17 2419 2
71 2385 132 2446 pli
156 2385 261 2430 dicit
289 2385 344 2430 ad
365 2389 389 2430 J
394 2386 541 2430 udaeos
568 2405 576 2430 :
598 2403 617 2427 (ι
638 2385 798 2430 Solvite
818 2384 1032 2445 templum
1049 2386 1155 2439 boc,
1175 2394 1218 2429 et
1240 2386 1285 2429 in
1307 2385 1453 2430 triduo

75 2473 95 2498 »
129 2457 344 2501 suscitabo
382 2455 507 2500 illud.
549 2475 569 2497 »
602 2455 874 2515 Evangelista
911 2466 1057 2500 autem
1091 2457 1290 2516 exposuit
1326 2457 1453 2501 nobis

119 2559 127 2574 ¹
148 2552 227 2587 Psal.
257 2563 330 2593 τινι,
357 2553 386 2584 3.
412 2570 455 2575 —-
475 2560 488 2576 ²
506 2555 598 2586 Rom.
618 2564 666 2594 zv,
685 2553 740 2586 25.
762 2571 804 2576 —
823 2551 837 2576 3
852 2553 931 2585 Psal.
952 2564 1069 2594 xxxin,
1092 2564 1142 2596 19.
1166 2571 1206 2576 —-
1229 2552 1311 2586 41d.
1332 2565 1396 2593 ινι,
1415 2552 1448 2594 4.

74 2625 114 2630 -
132 2606 146 2630 5
164 2608 273 2649 Philip.
294 2620 331 2647 Π,
347 2608 379 2648 8,
400 2620 432 2649 9.
