1889 3285
422 288 662 318 ENArtnATio
693 292 737 317 ΙΝ
770 289 971 318 PsALMUM
1002 292 1089 318 Lu.
1410 284 1462 321 17

86 369 188 412 ergo
207 364 528 412 percusserunt,
554 355 634 399 nisi
656 353 832 415 quando
853 353 1172 400 clainaveiunt:
1193 373 1213 397 ‹<
1227 357 1458 416 Crucifige,

88 441 109 464 >›
145 423 407 481 crucifige1?
432 441 453 464 »

144 495 270 536 XIII.
303 495 359 536 Et
385 493 494 552 quid
528 494 605 537 tibi
630 494 849 549 fecerunt,
883 510 908 539 o
943 494 1156 538 Domine?
1183 495 1359 539 Exultet
1395 496 1467 540 hie

87 563 317 621 Propheta.
347 565 550 623 Superius
576 565 691 608 enim
714 581 862 609 omnes
884 564 980 609 illos
1000 580 1147 609 versus
1166 567 1376 610 Dominus
1398 567 1467 611 lo-

86 633 327 693 quebatur:
351 635 569 693 Propheta
586 634 779 694 quidem,
798 636 873 679 sed
890 651 939 679 ex
961 651 1142 695 persona
1157 637 1345 691 Domini,
1367 638 1469 697 quia

87 703 133 746 in
155 704 370 762 Propheta
387 704 610 748 Dominus.
637 707 694 748 Et
715 704 892 764 quando
909 705 1103 765 loquitur
1119 722 1168 749 ex
1191 722 1372 765 persona
1393 722 1471 751 sua

88 773 325 831 Propheta,
353 773 442 833 ipse
465 774 673 817 Dominus
694 773 890 833 loquitur
910 782 988 834 per
1010 791 1137 830 eum,
1162 777 1238 836 qui
1265 777 1303 819 ei
1336 776 1470 821 dietat

87 843 312 887 veritatem
336 859 467 904 quam
489 843 709 903 loquatur.
731 845 862 888 Modo
885 861 987 903 ergo
1005 861 1053 888 ex
1069 861 1250 904 persona
1273 848 1470 906 Prophe-

90 922 172 968 tae,
198 913 365 968 audite,
391 913 543 957 fratres
575 915 675 956 mei.
709 914 828 958 Vidit
860 915 1092 958 Dominum
1122 916 1168 959 in
1206 917 1367 975 Spiritu
1394 918 1473 961 iste

94 985 309 1042 Propheta
330 983 624 1038 humiliatum⁷
650 1000 826 1038 caesum,
846 985 1111 1042 flagellatum
1125 1021 1135 1039 ‚
1163 985 1353 1045 colaphis
1374 1003 1473 1046 per-

94 1069 265 1097 cussum
281 1088 291 1108 ‚
317 1053 608 1112 expalmatum
625 1054 824 1096 manibus
839 1089 850 1102 ,
875 1054 1012 1112 sputis
1028 1054 1187 1098 illitum
1205 1090 1215 1109 ‚
1244 1056 1375 1114 spinis
1398 1073 1473 1101 co-

95 1132 293 1168 ronatum
311 1158 322 1177 ‚
355 1123 473 1180 ligno
500 1138 754 1181 suspensum
777 1143 785 1166 ε
817 1122 910 1166 illos
933 1124 1177 1179 saevientes,
1213 1124 1336 1169 illum
1366 1126 1475 1171 tole-

95 1203 259 1238 rantem
277 1215 288 1251 3
328 1193 424 1237 illos
461 1193 721 1247 exultantes,
764 1192 888 1238 illum
929 1195 1052 1254 quasi
1090 1196 1255 1239 victum
1287 1197 1395 1241 vidit
1429 1199 1476 1241 in

97 1264 257 1323 Spiritu
283 1283 290 1307 :
330 1273 372 1307 et
394 1272 492 1322 post
512 1262 630 1307 illam
647 1265 736 1323 jam
762 1279 936 1307 omnem
959 1264 1305 1309 humiliationem
1321 1301 1332 1321 ⁷
1365 1276 1407 1311 et
1429 1267 1476 1311 il«¹

93 1333 234 1378 lorum
256 1333 449 1378 furorem
465 1368 475 1388 ,
501 1333 778 1376 resurrexisse
805 1349 904 1377 eum
922 1369 931 1387 ‚
958 1343 1002 1377 et
1024 1333 1098 1377 illa
1121 1335 1266 1378 omnia
1287 1353 1385 1395 quae
1407 1337 1475 1380 fe-

94 1412 241 1448 cerant
264 1406 287 1447 J
293 1402 407 1447 udaei
429 1403 651 1446 saevientes
669 1402 781 1446 faeta
798 1418 886 1446 esse
908 1403 1075 1460 inania3
1095 1412 1137 1446 et
1150 1404 1286 1448 elatus
1299 1406 1474 1464 gaudio,

98 1483 303 1532 tanquam
331 1471 498 1516 videret
523 1472 614 1515 fieri
639 1491 648 1516 2
686 1491 705 1514 (ι
737 1471 935 1516 Exaltare
952 1507 962 1526 ‚
988 1473 1157 1532 inquit,
1187 1490 1314 1533 super
1343 1476 1481 1519 coelos

97 1562 116 1585 »
152 1545 311 1587 Deus2.
341 1561 361 1583 »
382 1545 523 1586 Homo
539 1542 584 1585 in
609 1557 738 1585 cruce
754 1576 764 1596 ‚
797 1551 840 1584 et
863 1557 991 1600 super
1009 1541 1142 1586 coelos
1165 1546 1295 1587 Deus.
1317 1548 1479 1589 Rema-

94 1621 226 1656 neant
258 1612 305 1655 in
332 1620 445 1655 terra
473 1611 695 1655 saevientes
713 1645 723 1665 ‚
755 1619 804 1655 tu
836 1611 881 1654 in
903 1611 1016 1655 coelo
1039 1621 1128 1656 esto
1152 1613 1365 1671 judicans.
1394 1616 1479 1659 Ubi

95 1691 195 1726 sunt
211 1682 287 1740 qui
308 1680 539 1724 furebant?
559 1680 635 1723 ubi
654 1689 753 1723 sunt
767 1679 916 1723 dentes
933 1696 1084 1724 eorum
1099 1697 1216 1725 arma
1234 1692 1276 1725 et
1289 1684 1481 1741 sagittae?

94 1755 248 1797 Nonne
281 1751 446 1808 sagittae
481 1748 712 1793 infantium
740 1748 866 1793 factae
897 1759 999 1793 sunt
1020 1750 1157 1808 plagae
1182 1767 1348 1796 eorum.
1381 1753 1480 1797 Alio

97 1821 213 1865 enim
228 1819 324 1864 loeo
348 1819 542 1863 Psalmus
560 1820 643 1863 hoc
663 1818 781 1873 dicit,
797 1819 946 1862 volens
962 1835 1033 1862 eos
1051 1821 1278 1864 ostendere
1295 1822 1482 1866 inaniter

97 1892 259 1935 saevisse
276 1926 286 1946 ‚
311 1899 354 1933 et
374 1890 558 1933 inaniter
585 1889 632 1933 in
656 1888 786 1932 furias
809 1889 1097 1948 praecipitatos
1119 1905 1208 1933 esse
1237 1910 1246 1934 ;
1274 1893 1483 1950 quoniam

97 1960 206 2004 nihil
237 1968 473 2020 potuerunt
507 1957 648 2002 facere
680 1959 851 2003 Christo
889 1958 943 2001 ad
984 1959 1134 2002 horam
1170 1961 1374 2005 crucifixo
1390 1998 1401 2016 ⁷
1438 1973 1484 2007 et

98 2040 244 2090 postea
271 2029 530 2087 resurgenti,
559 2037 688 2088 atque
723 2028 770 2071 in
797 2027 910 2072 coelo
937 2027 1132 2073 sedenti:
1163 2048 1182 2071 «
1212 2032 1385 2089 Sagittae
1412 2034 1481 2076 in-

101 2120 120 2143 »
155 2101 342 2145 fantium
360 2099 485 2144 factae
507 2108 609 2142 sunt
630 2098 766 2158 plagae
784 2114 935 2142 eorum
949 2100 980 2142 3.
1005 2117 1024 2139 »
1047 2100 1273 2152 Quomodo
1292 2102 1480 2147 infantes

99 2169 263 2215 faciunt
280 2169 361 2214 sibi
383 2170 582 2227 sagittas?
604 2172 665 2212 De
683 2169 831 2212 cannis
846 2171 863 2210 ⁸?
888 2169 1063 2226 Sagittae
1085 2179 1230 2214 autem
1253 2174 1382 2230 quae?
1405 2184 1482 2218 aut

100 2258 198 2302 quae
218 2241 359 2285 vires?
377 2249 452 2284 aut
469 2239 545 2299 qui
563 2241 711 2283 arcus?
728 2247 804 2282 aut
821 2238 896 2298 qui
918 2239 1053 2282 ictus?
1066 2249 1140 2283 aut
1153 2240 1271 2300 quod
1291 2242 1449 2287 vulnus
1462 2248 1482 2288 '2³

106 2332 126 2355 (ι
158 2310 357 2355 Exaltare
389 2325 518 2369 super
550 2309 684 2353 coelos
717 2312 858 2363 Deus,
890 2318 931 2352 et
960 2324 1087 2368 super
1115 2325 1288 2354 omnem
1321 2321 1481 2357 terram

104 2400 124 2423 »
160 2380 293 2440 gloria
316 2390 406 2424 tua.
435 2398 455 2421 »
482 2379 647 2439 thuid
675 2378 870 2422 exaltaris
898 2394 1027 2437 super
1053 2378 1186 2423 coelos
1209 2383 1349 2427 Deus?
1372 2386 1404 2427 F
1410 2400 1482 2428 ra-

102 2461 208 2507 tres,
234 2450 468 2495 exaltatum
489 2453 629 2493 Deum
645 2465 774 2508 super
792 2448 926 2493 coelos
948 2464 1037 2493 non
1053 2449 1272 2506 videmus,
1297 2453 1373 2497 sed
1393 2470 1483 2498 cre-

104 2522 245 2574 dimus
275 2541 284 2565 :
319 2535 448 2580 super
485 2534 659 2564 omnem
683 2528 829 2563 autem
860 2529 1019 2563 terram
1053 2519 1231 2577 gloriam
1264 2523 1355 2582 ejus
1393 2540 1484 2569 non

153 2613 160 2628 ¹
183 2606 293 2638 Matth.
314 2615 411 2646 xxvn,
431 2603 463 2646 4,
483 2607 620 2638 etsoan.
641 2613 706 2644 xrx,
724 2604 756 2636 6.
779 2621 820 2627 —
840 2611 853 2626 ²
872 2603 951 2636 Psal.
972 2614 1036 2645 rvi,
1058 2603 1090 2636 6.
1109 2621 1150 2627 —
1167 2603 1180 2627 3
1202 2606 1252 2639 Id.
1276 2617 1362 2648 mu,
1376 2608 1409 2640 8.

240 2669 360 2700 cxvl.
1193 2659 1219 2697 2
