1889 3285
22 2836 27 3014 ,ἠύ
14 1843 26 2832 ——--————————-—————-———-

292 319 534 351 ENARRATIO
567 322 582 348 1
612 321 660 349 nv
691 316 895 349 PsALMUM
926 319 1033 348 Lv111
1051 337 1062 358 ,
1096 318 1235 347 SERMO
1266 319 1297 344 1.
1426 302 1483 343 ‘75

108 410 129 434 »
163 390 240 436 Dei
255 391 285 433 ¹.
313 407 334 430 »
355 392 498 442 Quare
522 388 588 431 bis
611 389 794 432 acutus?
814 401 972 447 quare,
997 384 1078 429 nisi
1100 384 1202 445 quia
1226 398 1277 427 ex
1297 391 1485 443 utroque

107 464 381 505 Testamento
401 457 558 502 feriens
575 459 594 499 ⁶?
615 460 708 502 Hoc
731 457 873 516 gladio
890 455 1209 508 mactabantur,
1244 452 1298 497 de
1328 452 1486 512 quibus

106 529 333 575 dicebatur
355 532 483 572 Petro
505 547 513 572 :
544 546 563 568 «
588 530 745 581 Macta,
771 535 813 570 et
831 525 1086 570 manduca2.
1107 527 1164 568 Et
1185 522 1354 582 gladius
1368 521 1488 566 inla-

108 618 130 641 »
164 600 244 644 biis
259 614 410 643 eorum
433 617 441 642 :
468 598 684 651 Quoniam
708 597 803 657 quis
821 595 1014 640 audivit?
1034 612 1053 636 n
1080 597 1336 655 Loquentur
1356 592 1402 635 in
1414 606 1489 636 ore

76 721 82 727 ,
105 687 184 715 suo
211 689 220 714 :
250 689 270 712 «
291 670 394 723 Quis
424 668 589 713 audivit
605 670 622 712 Ρ
637 686 657 709 »
683 667 729 711 id
751 677 834 722 est,
867 665 1261 711 stomachabuntur
1286 663 1490 708 adversus

105 741 249 802 pigros
269 739 324 784 ad
341 740 487 783 fidem.
513 739 597 792 Qui
619 738 750 798 paulo
767 747 866 781 ante
890 745 933 780 et
954 737 1033 796 ipsi
1056 736 1231 780 credere
1253 734 1462 779 nolebant
1476 768 1487 789 ,

106 810 286 856 taedium
300 810 450 853 denon
467 808 744 853 credentibus
753 807 992 867 patiuntur.
1005 811 1185 861 Etvere,
1201 805 1369 859 fratres,
1381 820 1490 849 con-

106 879 384 939 tingit.Vides
391 880 610 923 hominem
620 879 792 938 pigrum
807 889 1040 939 antequam
1050 878 1103 921 sit
1110 877 1176 922 Ch
1183 876 1398 933 risti'anus3
1409 875 1492 919 cla-

106 965 198 996 mas
211 950 265 995 ad
279 949 402 994 illum
414 949 611 1010 quotidie
623 985 632 1004 ,
643 950 713 992 vix
732 948 999 994 convertitur
1016 968 1024 993 ε
1041 956 1334 1002 convertatur,
1353 946 1494 1006 etjam

106 1021 202 1066 vult
218 1035 366 1065 omnes
383 1035 474 1064 esse
488 1020 771 1074 Christianos,
789 1028 832 1062 et
848 1019 1030 1063 miratur
1043 1018 1145 1079 quia
1161 1017 1361 1061 nondum
1373 1024 1489 1060 sunt.

107 1090 279 1136 Excidit
293 1090 355 1134 illi
368 1089 488 1150 quod
509 1089 563 1134 ad
570 1105 793 1149 vesperam
807 1105 1037 1134 conversus
1050 1098 1113 1133 est
1128 1088 1222 1133 :sed
1240 1087 1341 1148 quia
1356 1085 1495 1131 factus

108 1171 171 1206 est
183 1161 372 1205 esuriens
391 1160 502 1205 sicut
515 1160 647 1215 canis,
662 1161 795 1204 habet
807 1161 935 1204 etiam
945 1160 990 1203 in
999 1159 1124 1204 labiis
1135 1158 1346 1218 gladium,
1361 1156 1467 1201 dicit
1482 1175 1491 1201 :

113 1251 133 1275 «
165 1232 270 1285 Quis
311 1230 502 1275 audivit?
522 1249 542 1271 η
570 1229 682 1283 Quid
714 1239 778 1274 est
804 1250 812 1274 :
842 1250 861 1272 «
887 1230 992 1283 Quis
1014 1229 1205 1273 audivit?
1222 1247 1242 1269 »
1273 1227 1378 1281 Quis
1403 1242 1496 1271 cre-

110 1302 221 1347 didit
249 1301 415 1346 auditui
438 1310 606 1356 nostro,
625 1309 668 1344 et
696 1301 923 1345 brachium
946 1301 1118 1344 Domini
1154 1300 1224 1344 cui
1257 1299 1497 1343 revelatum

110 1375 214 1417 est3.
235 1392 254 1414 «
273 1373 487 1426 Quoniam
502 1372 598 1432 quis
621 1371 786 1416 audivit
803 1373 820 1415 Ξ)
839 1390 857 1411 »
877 1374 974 1416 Non
997 1370 1184 1415 credunt
1203 1373 1227 1415 J
1231 1370 1369 1428 udaei3
1388 1385 1496 1414 con-

111 1443 221 1487 versi
243 1452 344 1487 sunt
362 1441 417 1486 ad
435 1443 615 1496 Gentes,
645 1450 687 1485 et
708 1441 1093 1485 annuntiaverunt.
1120 1440 1262 1485 Judaei
1289 1455 1379 1485 non
1400 1454 1496 1484 cre-

111 1513 301 1557 debant:
322 1521 365 1556 et
388 1521 533 1555 tamen
554 1527 631 1571 per
654 1511 877 1556 credentes
899 1511 1074 1556 Judaeos
1102 1510 1390 1570 Evangelium
1411 1511 1497 1555 cir-

110 1583 303 1628 cumibat
318 1582 551 1637 civitatem,
564 1592 607 1626 et
621 1583 849 1627 dicebant:
870 1602 889 1624 «
909 1582 1125 1635 Quoniam
1148 1583 1243 1642 quis
1267 1582 1459 1626 audivit?
1473 1599 1493 1622 »

168 1654 311 1696 XVII.
336 1672 356 1695 «
382 1655 439 1696 Et
452 1661 500 1696 tu
513 1688 523 1707 ,
542 1653 747 1707 Domine,
764 1652 980 1697 deridebis
994 1668 1065 1697 eos
1080 1654 1111 1696 4.
1137 1652 1242 1706 Quis
1256 1651 1450 1696 audivit?
1473 1669 1494 1693 »

54 1730 58 1734 ’
112 1725 272 1768 Omnes
305 1731 453 1781 gentes
494 1723 737 1766 christianae
769 1722 929 1768 futurae
969 1733 1096 1780 sunt,
1136 1733 1181 1768 et
1212 1740 1289 1768 vos
1318 1723 1458 1768 dicitis
1485 1742 1495 1768 :

117 1812 138 1836 «
162 1793 267 1846 Quis
302 1791 497 1837 audivit?
521 1810 541 1834 »
572 1791 685 1846 Quid
719 1801 804 1847 est,
825 1812 844 1834 «
870 1794 1092 1838 Deridebis
1125 1796 1226 1838 eos?
1248 1798 1333 1839 Pro
1361 1793 1498 1838 nihilo

113 1881 135 1905 »
158 1863 339 1907 habebis
356 1878 506 1907 omnes
529 1871 692 1921 gentes.
720 1880 740 1903 »
760 1862 878 1907 Nihil
904 1872 1004 1907 ante
1021 1873 1064 1907 te
1088 1864 1169 1908 erit
1187 1883 1196 1908 ;
1214 1865 1316 1924 quia
1339 1862 1499 1908 facilli·-

112 1949 233 1978 mum
259 1935 340 1978 erit
358 1943 408 1978 ut
429 1933 608 1978 credant
627 1934 671 1977 in
692 1942 735 1977 te
753 1949 902 1978 omnes
925 1943 1088 1993 gentes.

170 2007 335 2048 XVIII.
359 2024 380 2047 «
406 2003 726 2049 Fortitudinem
759 2019 900 2048 meam
931 2005 987 2049 ad
1015 2014 1058 2048 te
1083 2004 1324 2049 custodiam
1340 2007 1371 2049 ⁵.
1395 2004 1502 2049 »Illi

114 2075 230 2118 enim
252 2074 385 2119 fortes
414 2076 513 2119 ideo
534 2074 809 2129 ceciderunt,
839 2075 941 2134 quia
962 2074 1269 2120 fortitudinem
1298 2090 1420 2120 suam
1447 2077 1503 2121 ad

114 2154 158 2188 te
173 2161 262 2189 non
285 2145 587 2190 custodierunt
607 2163 616 2188 ε
640 2143 687 2188 id
707 2153 793 2200 est,
818 2145 882 2188 illi
910 2146 986 2205 qui
1011 2161 1139 2205 super
1162 2161 1233 2190 me
1253 2146 1503 2191 insurrexe-

115 2224 218 2259 runt
237 2224 281 2258 et
300 2216 537 2269 irruerunt,
555 2214 611 2259 de
630 2230 674 2259 se
695 2224 1080 2274 praesumpserunt.
1107 2218 1229 2274 «Ego
1248 2225 1393 2260 autem
1417 2217 1503 2262 for·

118 2303 138 2327 n
162 2284 396 2329 titudinem
433 2301 575 2329 meam
599 2285 654 2329 ad
681 2281 728 2329 'te
759 2286 1035 2350 custodiam-2
1063 2306 1083 2327 »
1121 2287 1224 2348 quia
1251 2288 1285 2331 si
1314 2288 1470 2333 recedo
1487 2323 1499 2344 ,

115 2355 249 2412 cado,
279 2355 313 2399 si
343 2356 523 2410 accedo,
560 2354 711 2400 fortior
732 2357 804 2400 fio.
831 2355 985 2400 Videte
1014 2357 1130 2401 enim
1161 2358 1270 2418 quid
1297 2367 1385 2413 est,
1413 2358 1503 2403 fra-

53 2430 60 2436 ’
115 2435 199 2470 tres
214 2462 225 2482 ,
248 2427 294 2470 in
315 2426 458 2470 anima
477 2427 685 2471 humana.
706 2430 802 2473 Non
817 2428 950 2472 habet
974 2444 1024 2471 ex
1041 2444 1085 2472 se
1101 2428 1250 2473 lumen
1268 2465 1279 2485 ,
1304 2445 1394 2474 non
1415 2430 1498 2474 ha-

117 2496 191 2540 bet
214 2512 264 2540 ex
287 2512 330 2540 se
343 2497 454 2540 vires
471 2516 479 2542 ε
499 2506 641 2541 totum
655 2507 800 2542 autern
815 2498 937 2559 quod
951 2498 1183 2558 pulchrum
1201 2509 1264 2544 est
1276 2500 1322 2543 in
1337 2501 1498 2556 anima,

164 2599 173 2615 ¹
194 2592 308 2636 Ephes.
327 2605 382 2634 v1‚
411 2604 461 2635 17.
478 2611 520 2616 —
541 2601 553 2616 ²
572 2588 645 2627 A'ct.
663 2605 702 2634 x,
736 2596 786 2627 13.
804 2594 817 2618 3
833 2613 873 2618 —
889 2594 988 2629 3Isa'1‘.
1007 2607 1078 2637 Lm,
1103 2608 1133 2635 1,
1161 2601 1194 2629 et
1208 2599 1298 2629 Rom.
1321 2607 1355 2638 x,
1385 2597 1436 2629 16.
1458 2614 1499 2622 —-

118 2647 134 2676 4
157 2648 234 2680 Psal.
254 2660 350 2690 ινιιι,
368 2661 404 2691 9.
427 2666 468 2673 —-
482 2648 497 2673 5
515 2649 595 2683 Ibid.
622 2662 672 2684 10.
