1889 3285
383 194 467 233 376
803 203 836 230 s.
872 203 1103 233 Avens'nm
1136 207 1318 235 EPISCOP!

384 292 402 313 »
437 269 686 315 colluctatio
708 268 936 314 adversum
952 286 1125 315 earnem
1144 281 1187 316 et
1203 272 1458 331 sanguinem
1473 307 1484 327 ,
1507 272 1583 316 sed
1605 271 1760 318 adver-

385 361 402 382 »
437 356 506 384 sus
539 340 804 399 principatus
838 350 880 384 et
914 350 1144 400 potestates
1168 353 1211 387 et
1244 352 1430 388 rectores
1462 342 1618 387 mundi
1639 352 1761 387 tene-

385 430 402 451 »
438 410 614 453 brarum
641 410 818 466 harum,
847 410 1050 455 adversus
1079 412 1284 471 spiritalia
1315 413 1521 473 nequitiae
1539 415 1570 456 ¹.
1601 432 1618 454 »
1645 415 1760 470 Ergo

373 480 543 540 jtlvenis
582 489 644 524 est
677 481 752 540 qui
791 490 954 539 pugnat
976 490 1126 526 contra
1146 482 1225 526 ista
1248 502 1256 527 ε
1282 483 1357 527 sed
1379 483 1574 543 quamvis
1590 483 1762 542 juvenis

376 551 457 605 sit,
483 548 619 604 cadit,
659 550 739 594 nisi
766 550 838 593 ille
865 551 917 594 sit
943 565 1037 610 spes
1061 553 1152 611 ejus
1181 552 1251 597 cui
1282 552 1439 597 elamat
1464 572 1472 596 :
1503 572 1523 594 «
1548 553 1758 607 Domine,

382 640 399 661 »
433 635 528 678 spes
551 635 645 663 mea
669 637 691 663 a
707 621 941 679 juventute
965 636 1073 665 mea.
1104 642 1121 662 >›

433 692 554 734 VIlI.
585 709 601 729 «
630 693 681 733 In
704 699 745 733 te
767 691 957 735 cantatio
977 706 1071 734 mea
1093 707 1278 750 semper.
1306 712 1323 733 »
1355 690 1581 751 Numquid
1600 707 1651 734 ex
1672 708 1761 751 quo

374 760 420 804 in
442 769 484 804 te
508 776 677 820 sperare
707 761 819 817 coepi
848 777 986 821 usque
1008 764 1156 806 nunc?
1176 762 1286 816 Sed,
1318 780 1337 803 «
1365 764 1542 820 Semper
1558 796 1570 816 ,
1599 780 1619 801 »
1645 761 1763 814 Quid

376 839 439 874 est
457 865 468 885 ,
498 848 518 871 «
543 832 744 889 Semper?
767 850 784 871 »
812 833 910 875 Non
933 840 1104 875 tantum
1128 840 1321 890 tempore
1346 830 1474 886 fidei,
1500 830 1576 874 sed
1597 839 1640 874 et
1659 839 1763 875 tem-

375 915 479 960 pore
513 900 684 959 speeiei.
715 919 734 941 «
759 903 886 945 Nune
919 901 1036 944 enim
1070 900 1266 961 quandiu
1297 917 1445 945 sumus
1475 902 1520 945 in
1552 917 1760 961 corpore,

378 991 398 1013 »
433 972 760 1031 peregrinamur
783 988 807 1015 a
827 972 1014 1017 Domino
1035 993 1046 1029 3
1070 988 1147 1032 per
1168 972 1299 1016 fidem
1323 973 1439 1016 enim
1463 972 1760 1027 ambulamus,

380 1060 400 1084 »
436 1058 525 1086 non
543 1057 619 1101 per
636 1043 824 1101 speciem
841 1046 857 1069 ²
882 1062 890 1086 :
919 1061 939 1084 >›
966 1043 1111 1087 veniet
1132 1052 1304 1102 tempus
1332 1052 1382 1086 ut
1403 1042 1625 1086 videamus
1646 1042 1768 1102 quod

374 1128 465 1157 non
486 1112 626 1156 visum
659 1113 876 1156 credimus
897 1132 906 1157 :
932 1113 1024 1157 viso
1048 1122 1195 1157 autem
1216 1112 1337 1173 quod
1371 1112 1590 1157 credimus
1606 1147 1616 1167 ,
1642 1112 1764 1156 laeta-

374 1183 521 1226 bimur
546 1202 554 1226 :
580 1183 671 1226 viso
704 1191 850 1226 autem
871 1182 992 1243 quod
1010 1199 1099 1228 non
1121 1182 1402 1227 crediderunt
1427 1183 1550 1242 impii
1573 1182 1763 1226 confun-

374 1251 548 1297 dentur.
578 1254 699 1295 Tunc
713 1252 858 1295 veniet
880 1268 961 1307 res,
982 1253 1104 1311 cujus
1122 1262 1185 1296 est
1205 1252 1337 1296 modo
1361 1267 1471 1311 spes.
1488 1271 1507 1293 «
1528 1254 1630 1311 Spes
1649 1252 1765 1296 enim

379 1340 398 1363 »
436 1337 535 1381 quae
563 1320 757 1375 videtur,
798 1337 888 1365 non
923 1331 987 1366 est
1006 1337 1116 1381 spes.
1147 1322 1189 1366 Si
1211 1331 1357 1365 autem
1379 1321 1500 1382 quod
1521 1337 1612 1366 non
1641 1322 1766 1365 vide-

379 1410 399 1432 »
434 1407 531 1434 mus
564 1406 810 1450 speramus,
851 1406 929 1450 per
957 1391 1212 1450 patientiam
1234 1392 1557 1451 expectamusss.
1586 1410 1605 1433 »
1631 1390 1766 1436 Modo

377 1477 479 1520 ergo
503 1462 634 1519 gemis
651 1496 661 1515 ,
687 1461 819 1505 modo
842 1462 886 1505 in
907 1461 1055 1506 locum
1077 1462 1233 1520 refugii
1250 1462 1385 1506 curris
1399 1497 1410 1517 ,
1431 1471 1481 1506 ut
1502 1462 1644 1506 salvus
1666 1462 1764 1514 fias;

376 1532 508 1576 modo
530 1533 576 1574 in
598 1531 848 1574 infirmitate
874 1532 1037 1590 positus
1063 1531 1283 1576 medicum
1306 1548 1429 1591 rogas
1463 1552 1471 1576 :
1505 1532 1610 1592 quid
1629 1567 1640 1586 ‚
1665 1547 1767 1576 cum

379 1602 593 1661 acceperis
616 1600 852 1660 perlectam
881 1603 1011 1645 etiam
1045 1602 1273 1646 sanitatem
1291 1638 1301 1657 ,
1328 1603 1435 1662 quid
1463 1618 1563 1646 cum
1581 1603 1768 1647 effectus

387 1672 520 1716 fueris
542 1670 722 1731 aequalis
745 1671 922 1730 Angelis
944 1673 1060 1727 Dei4,
1077 1673 1164 1732 jam
1184 1672 1295 1717 forte
1311 1673 1436 1716 istam
1461 1673 1662 1731 gratiam,
1687 1688 1774 1732 qua

378 1743 587 1786 liberatus
625 1758 694 1797 es,
735 1741 1031 1787 oblivisceris?
1067 1743 1207 1787 Absit.
1239 1762 1258 1784 «
1291 1747 1343 1787 In
1377 1753 1420 1788 te
1449 1744 1640 1788 cantatio
1672 1759 1768 1788 mea

384 1832 403 1854 »
439 1827 624 1871 semper.
655 1830 674 1851 n

440 1885 517 1926 IX.
552 1901 571 1923 «
599 1885 825 1941 Tanquam
849 1882 1097 1941 prodigium
1122 1881 1261 1926 factus
1295 1898 1390 1926 sum
1412 1882 1560 1927 multis
1580 1885 1611 1928 ⁵.
1641 1901 1661 1924 »
1688 1884 1769 1929 Hic

383 1963 575 2012 tempore
613 1954 728 2012 spei,
776 1963 971 2012 tempore
1003 1954 1211 2011 gemitus,
1252 1962 1448 2014 tempore
1481 1953 1764 2009 humilitatis,

379 2034 573 2082 tempore
609 2023 798 2077 doloris,
832 2033 1027 2082 tempore
1059 2024 1346 2079 infirmitatis,
1388 2033 1583 2083 tempore
1603 2026 1721 2069 vocis
1744 2040 1767 2069 a

380 2093 689 2153 compedibus,
713 2094 784 2137 hic
807 2109 909 2151 ergo
941 2092 1080 2153 quid?
1107 2113 1126 2135 «
1154 2097 1379 2154 Tanquam
1406 2093 1654 2153 prodigium
1672 2096 1768 2139 fac-

383 2183 402 2205 »
439 2173 506 2206 tus
529 2178 624 2206 sum
643 2163 804 2206 multis.
825 2181 844 2203 »
863 2165 1003 2218 Unde,
1026 2166 1282 2223 «Tanquam
1310 2163 1586 2223 prodigium?
1603 2183 1622 2205 »
1643 2163 1767 2209 Unde

379 2235 486 2278 mihi
508 2233 719 2277 insultant
735 2235 810 2294 qui
828 2250 895 2278 me
915 2235 1162 2294 prodigium
1183 2236 1479 2294 putantPQuia
1495 2236 1625 2279 credo
1647 2234 1767 2295 quod

382 2321 472 2349 non
493 2304 635 2349 video.
664 2305 731 2348 Illi
754 2306 869 2348 enim
893 2306 1008 2349 beati
1031 2306 1076 2349 in
1094 2306 1157 2349 his
1180 2322 1278 2366 quae
1300 2305 1451 2350 vident
1466 2341 1478 2361 ,
1503 2306 1700 2350 exultant
1721 2306 1767 2349 in

381 2384 489 2434 potu
507 2410 518 2430 ,
542 2376 588 2418 in
607 2374 776 2419 luxuria
793 2410 803 2430 ,
828 2376 873 2419 in
895 2376 1228 2420 scortationibus
1245 2411 1256 2430 ,
1283 2376 1327 2419 in
1351 2376 1528 2421 avaritia
1543 2411 1554 2427 ,
1578 2376 1624 2419 in
1652 2375 1765 2420 divi-

432 2477 440 2493 ¹
459 2469 574 2512 Ephes.
598 2481 642 2510 vt,
669 2479 719 2503 12.
741 2487 780 2493 —
802 2477 814 2493 ²
832 2479 851 2502 9.
870 2472 942 2502 Cor.
969 2482 1004 2511 v,
1018 2471 1050 2502 6.
1071 2488 1109 2493 -
1124 2469 1136 2493 3
1152 2473 1241 2503 Rom.
1262 2482 1328 2511 vm,
1344 2470 1398 2512 24.
1419 2488 1460 2494 —-
1478 2470 1595 2504 4Matt.
1619 2481 1694 2511 xxn,
1710 2470 1763 2503 30.

388 2542 427 2549 —·
451 2524 464 2548 5
483 2524 561 2557 Psal.
584 2536 657 2565 Lxx,
679 2537 707 2567 7.

1859 2254 1862 2287 ι

1859 2316 1863 2387 ἔ
