1889 3285
391 235 633 265 ENARRA'no
665 237 711 263 m
743 233 946 262 PSALMUM
977 235 1082 263 Lv11.
1375 223 1431 262 2¹7

54 304 223 364 quisse3
251 301 359 362 quid
384 302 424 345 ei
449 299 580 344 velles
595 315 619 343 a
644 308 721 343 tuo
751 299 890 343 amico
920 298 1143 358 praestari?
1174 298 1428 357 Responde,

48 373 196 433 judica
217 387 406 424 causam,
423 369 578 430 judicis
593 368 785 412 tribunal
809 378 872 412 est
897 369 942 412 in
958 377 1102 412 mente
1123 376 1215 422 tua,
1232 367 1353 411 sedet
1372 367 1434 411 ibi

55 446 194 491 Deus,
229 440 350 484 adest
384 439 620 483 accusatrix
640 438 922 492 conscientia,
953 445 1090 481 tortor
1120 437 1266 480 timor.
1287 439 1340 480 In
1361 451 1430 480 re-

56 514 137 557 bus
170 510 371 555 humanis
397 525 466 564 es,
502 509 546 552 in
577 508 778 552 societate
809 509 998 552 humana
1029 507 1231 551 detineris
1260 526 1269 551 :
1294 507 1435 564 cogita

54 581 160 643 quid
179 581 309 624 velles
332 579 523 640 praestari
539 578 629 623 filio
651 588 728 622 tuo
744 579 798 622 ab
821 579 957 622 amico
980 586 1070 621 tuo.
1096 577 1205 622 Novi
1227 575 1330 636 quid
1355 576 1435 620 tibi

55 651 313 711 respondeat
329 649 530 707 cogitatio
551 657 642 692 tua.
671 649 737 692 Sic
753 647 900 707 judica
916 682 927 702 ‚
952 648 1061 691 sicut
1085 645 1222 690 audis.
1255 646 1403 690 Indica
1420 680 1432 698 ‚

54 737 135 766 vox
164 720 258 764 erit.
284 723 379 763 Vox
400 718 590 762 veritatis
620 733 710 762 non
740 727 880 774 tacet3
904 732 995 761 non
1014 716 1138 760 labiis
1160 716 1341 769 clamat,
1361 714 1437 759 sed

53 789 316 837 vociferatur
339 805 389 832 ex
422 788 552 832 corde
590 807 598 831 :
635 787 794 831 adhibe
820 801 966 830 aurem
985 821 996 841 ,
1018 786 1078 829 ibi
1101 794 1191 830 esto
1214 800 1314 829 cum
1346 784 1437 828 filio

54 862 177 906 amici
198 861 274 904 tui.
293 859 424 903 Vides
442 858 620 903 sortasse
632 858 761 902 etiam
778 858 1044 914 indigentem
1060 857 1225 914 vagari,
1246 856 1440 899 nescien-

53 941 141 975 tem
173 928 278 990 quid
314 937 437 988 pater
468 929 559 987 ejus
597 927 820 981 habuerit,
865 926 943 969 ubi
975 926 1192 985 posuerit,
1223 925 1294 969 cui
1315 940 1438 969 com-

51 998 323 1044 mendaverit
361 1017 370 1041 ε
403 998 543 1055 cogita
580 1006 623 1040 et
659 995 797 1040 filium
836 1004 989 1053 tuum3
1026 994 1093 1039 fac
1131 995 1258 1039 illum
1295 995 1440 1039 vivere

54 1085 184 1131 quem
198 1069 441 1113 contemnis
457 1077 682 1112 mortuum
704 1101 714 1120 ,
735 1076 778 1110 te
799 1075 1024 1110 mortuum
1052 1066 1195 1124 cogita
1223 1074 1273 1109 ut
1302 1065 1436 1108 vivas.

57 1139 143 1185 Sed
185 1137 305 1182 aliud
336 1138 466 1197 jubet
507 1137 681 1181 avaritia
711 1171 721 1190 ‚
753 1136 882 1195 jubet
916 1145 1066 1179 contra
1108 1139 1284 1191 Deum·²
1326 1137 1442 1178 Deus

53 1208 197 1262 aliud,
236 1207 352 1252 aliud
389 1207 564 1250 avaritia
595 1226 604 1251 :
635 1204 755 1249 aliud
791 1207 835 1249 in
869 1204 1069 1264 paradiso
1106 1204 1308 1249 conditor
1337 1218 1442 1247 nos-

58 1289 120 1323 ter
135 1313 145 1331 ,
172 1277 291 1321 aliud
315 1277 370 1321 de
391 1286 633 1320 transverso
652 1275 855 1319 seductor
879 1290 1068 1334 serpens.
1085 1275 1244 1318 Veniat
1264 1274 1309 1317 in
1323 1288 1443 1317 men-

54 1357 143 1392 tem
174 1347 291 1406 prior
329 1362 451 1390 casus
489 1354 591 1389 tuus
631 1364 640 1389 ε
679 1354 906 1404 propterea
946 1344 1141 1388 mortalis
1163 1378 1174 1399 ‚
1214 1352 1442 1402 propterea

55 1418 282 1471 laborans,
316 1425 544 1475 propterea
572 1416 618 1459 in
640 1415 796 1459 sudore
829 1414 976 1459 vultus
1006 1403 1071 1458 tui
1095 1429 1253 1473 panem
1294 1428 1442 1457 come-

55 1487 192 1542 dens‚
228 1496 456 1546 propterea
487 1486 628 1545 spinas
657 1495 700 1530 et
727 1484 911 1529 tribulos
949 1485 1025 1529 tibi
1063 1493 1177 1528 terra
1207 1484 1404 1542 generat¹
1431 1502 1440 1527 ε

55 1558 350 1617 experimento
383 1555 521 1610 disce,
556 1555 676 1615 quod
708 1555 885 1599 noluisti
916 1562 1152 1614 praecepto.
1197 1553 1281 1598 Sed
1310 1553 1446 1598 vincit

56 1626 268 1686 cupiditas
295 1645 304 1670 :
328 1641 406 1669 cur
418 1641 505 1668 non
524 1626 668 1684 potius
684 1624 838 1668 veritas
855 1626 872 1667 P
890 1627 948 1668 Et
963 1624 1041 1667 ubi
1064 1632 1128 1667 est
1144 1622 1265 1682 quod
1285 1622 1444 1682 loque-

55 1696 202 1740 baris?
235 1699 348 1739 Ecce
381 1695 543 1753 cogitas
570 1709 723 1738 aurum
752 1708 931 1751 negare,
962 1709 1060 1737 ecce
1088 1694 1251 1752 cogitas
1280 1690 1444 1736 haeredi

58 1767 184 1811 amici
213 1767 276 1810 tui
297 1781 470 1825 prorsus
491 1764 770 1809 abscondere.
798 1767 1171 1823 Interrogaveram
1191 1751 1323 1823 paulo
1346 1771 1445 1806 ante

59 1837 169 1897 quid
190 1837 244 1880 sit
283 1837 480 1890 charius,
519 1845 562 1879 et
595 1834 701 1895 quid
735 1836 789 1878 sit
825 1835 1006 1889 melius,
1045 1849 1200 1878 aurum
1236 1849 1291 1877 an
1319 1833 1441 1876 fides.

60 1909 203 1960 Quare
233 1906 352 1950 aliud
383 1906 515 1959 dicis,
553 1904 671 1948 aliud
705 1904 816 1961 agis?
845 1907 942 1948 Non
970 1904 1096 1948 times
1127 1904 1241 1947 hanc
1267 1917 1442 1957 vocem,

65 1978 135 2023 «Si
148 1992 246 2022 vere
251 1977 461 2036 justitiam
472 1975 717 2036 loquimini,
734 1984 848 2019 recta
856 1974 1146 2035 judicate‚filii
1158 1974 1388 2018 hominurn
1399 1975 1444 2016 Ρ»

60 2050 175 2091 Ecce
191 2047 363 2091 locutus
396 2062 440 2090 es
474 2045 581 2090 mihi
612 2044 837 2099 meliorem
857 2060 947 2088 esse
968 2044 1101 2087 fidem
1119 2079 1129 2098 ,
1155 2043 1259 2087 etin
1279 2042 1446 2102 judicio

61 2126 137 2162 tuo
162 2117 317 2161 melius
335 2116 492 2160 duxisti
510 2130 679 2159 aurum.
700 2118 798 2159 Non
818 2115 875 2158 sio
887 2113 1092 2174 judicasti
1113 2122 1163 2157 ut
1180 2113 1351 2158 locutus
1372 2128 1415 2157 es
1434 2132 1444 2158 :

61 2202 161 2230 vera
181 2187 354 2230 locutus
374 2201 417 2229 es
431 2221 446 2241 ,
471 2195 514 2229 et
535 2184 640 2228 falsa
656 2184 873 2244 judicasti.
907 2186 1022 2242 Ergo
1045 2192 1088 2226 et
1110 2198 1210 2227 cum
1230 2181 1446 2242 loqueba—

65 2257 119 2299 ris
135 2255 368 2316 justitiam,
394 2271 483 2298 non
509 2270 608 2298 vere
631 2253 892 2314 loquebaris.
924 2272 942 2294 t(
971 2253 1013 2297 Si
1044 2252 1160 2296 enim
1187 2267 1287 2296 vere
1315 2252 1447 2312 justi-

67 2343 87 2365 »
112 2325 217 2368 tiam
236 2320 491 2384 loquimini,
510 2333 624 2367 recta
634 2323 842 2383 judicate,
862 2322 937 2365 filii
951 2322 1195 2366 hominum.
1221 2339 1240 2361 »
1258 2321 1447 2374 Quando

63 2396 168 2438 mihi
191 2395 244 2438 de
263 2395 428 2454 justitia
457 2394 746 2453 respondebas
767 2429 777 2448 ,
808 2391 1102 2437 erubescendo
1119 2426 1130 2446 ,
1155 2406 1242 2435 non
1268 2390 1448 2437 fatendo

63 2464 325 2524 loquebaris.

113 2555 120 2570 ¹
143 2550 218 2579 Gen.
238 2559 283 2585 ιιι,
311 2558 363 2590 ¹7>
388 2547 437 2579 18.
