<?xml version="1.0" encoding="UTF-8"?>
<!DOCTYPE html PUBLIC "-//W3C//DTD XHTML 1.0 Transitional//EN"
    "http://www.w3.org/TR/xhtml1/DTD/xhtml1-transitional.dtd">
<html xmlns="http://www.w3.org/1999/xhtml" xml:lang="en" lang="en">
 <head>
  <title>
</title>
<meta http-equiv="Content-Type" content="text/html;charset=utf-8" />
  <meta name='ocr-system' content='tesseract 3.04.00' />
  <meta name='ocr-capabilities' content='ocr_page ocr_carea ocr_par ocr_line ocrx_word'/>
</head>
<body>
  <div class='ocr_page' id='page_1' title='image "./operaomniaaccura09auguuoft_0283.png"; bbox 0 0 1889 3285; ppageno 0'>
   <div class='ocr_carea' id='block_1_1' title="bbox 369 262 1415 300">
    <p class='ocr_par' dir='ltr' id='par_1_1' title="bbox 369 262 1415 300">
     <span class='ocr_line' id='line_1_1' title="bbox 369 262 1415 300; baseline 0.002 -3"><span class='ocrx_word' id='word_1_1' title='bbox 369 270 611 298; x_wconf 74' lang='lat' dir='ltr'>ENARRATIO</span> <span class='ocrx_word' id='word_1_2' title='bbox 644 272 689 298; x_wconf 80' lang='lat' dir='ltr'>IN</span> <span class='ocrx_word' id='word_1_3' title='bbox 721 272 924 300; x_wconf 77' lang='lat' dir='ltr'><strong>PSALMUM</strong></span> <span class='ocrx_word' id='word_1_4' title='bbox 957 273 1092 300; x_wconf 77' lang='lat' dir='ltr'>van.</span> <span class='ocrx_word' id='word_1_5' title='bbox 1335 262 1415 299; x_wconf 81' lang='lat'>271</span> 
     </span>
    </p>
   </div>
   <div class='ocr_carea' id='block_1_2' title="bbox 19 334 1428 2438">
    <p class='ocr_par' dir='ltr' id='par_1_2' title="bbox 19 334 1428 2438">
     <span class='ocr_line' id='line_1_2' title="bbox 40 334 1417 397; baseline 0.001 -20"><span class='ocrx_word' id='word_1_6' title='bbox 40 352 62 375; x_wconf 84' lang='lat'>»</span> <span class='ocrx_word' id='word_1_7' title='bbox 87 344 231 379; x_wconf 88' lang='lat' dir='ltr'>autem</span> <span class='ocrx_word' id='word_1_8' title='bbox 268 334 506 379; x_wconf 87' lang='lat' dir='ltr'>abundavit</span> <span class='ocrx_word' id='word_1_9' title='bbox 528 334 760 392; x_wconf 80' lang='lat' dir='ltr'>delictum,</span> <span class='ocrx_word' id='word_1_10' title='bbox 797 337 1166 397; x_wconf 82' lang='lat' dir='ltr'>superabundavit</span> <span class='ocrx_word' id='word_1_11' title='bbox 1203 338 1380 396; x_wconf 80' lang='lat' dir='ltr'>gratia¹.</span> <span class='ocrx_word' id='word_1_12' title='bbox 1399 356 1417 379; x_wconf 90' lang='lat'>»</span> 
     </span>
     <span class='ocr_line' id='line_1_3' title="bbox 35 402 1422 468; baseline 0.001 -17"><span class='ocrx_word' id='word_1_13' title='bbox 35 407 233 466; x_wconf 82' lang='lat' dir='ltr'><strong>Namque</strong></span> <span class='ocrx_word' id='word_1_14' title='bbox 255 402 506 449; x_wconf 79' lang='lat' dir='ltr'><strong>abundante</strong></span> <span class='ocrx_word' id='word_1_15' title='bbox 524 404 698 461; x_wconf 81' lang='lat' dir='ltr'>delicto,</span> <span class='ocrx_word' id='word_1_16' title='bbox 717 407 1015 468; x_wconf 74' lang='lat' dir='ltr'>multiplicatae</span> <span class='ocrx_word' id='word_1_17' title='bbox 1027 417 1129 452; x_wconf 89' lang='lat' dir='ltr'>sunt</span> <span class='ocrx_word' id='word_1_18' title='bbox 1148 408 1422 453; x_wconf 72' lang='lat' dir='ltr'>infirmitates</span> 
     </span>
     <span class='ocr_line' id='line_1_4' title="bbox 36 474 1423 538; baseline 0.001 -18"><span class='ocrx_word' id='word_1_19' title='bbox 36 490 188 520; x_wconf 83' lang='lat' dir='ltr'>eorum</span> <span class='ocrx_word' id='word_1_20' title='bbox 203 509 213 529; x_wconf 92' lang='lat'>‚</span> <span class='ocrx_word' id='word_1_21' title='bbox 238 483 281 518; x_wconf 79' lang='lat' dir='ltr'>et</span> <span class='ocrx_word' id='word_1_22' title='bbox 301 483 450 534; x_wconf 87' lang='lat' dir='ltr'>postea</span> <span class='ocrx_word' id='word_1_23' title='bbox 470 474 845 521; x_wconf 72' lang='lat' dir='ltr'>acceleraverunt²</span> <span class='ocrx_word' id='word_1_24' title='bbox 868 497 877 522; x_wconf 86' lang='lat'>:</span> <span class='ocrx_word' id='word_1_25' title='bbox 897 478 1000 538; x_wconf 87' lang='lat' dir='ltr'>quia</span> <span class='ocrx_word' id='word_1_26' title='bbox 1020 479 1351 535; x_wconf 83' lang='lat' dir='ltr'>ingemuerunt,</span> <span class='ocrx_word' id='word_1_27' title='bbox 1377 487 1423 522; x_wconf 84' lang='lat' dir='ltr'>et</span> 
     </span>
     <span class='ocr_line' id='line_1_5' title="bbox 36 546 1424 609; baseline 0.001 -18"><span class='ocrx_word' id='word_1_28' title='bbox 36 547 350 591; x_wconf 80' lang='lat' dir='ltr'>invocaverunt</span> <span class='ocrx_word' id='word_1_29' title='bbox 367 580 378 597; x_wconf 81' lang='lat'>,</span> <span class='ocrx_word' id='word_1_30' title='bbox 417 555 468 590; x_wconf 81' lang='lat' dir='ltr'>ut</span> <span class='ocrx_word' id='word_1_31' title='bbox 508 546 601 605; x_wconf 90' lang='lat' dir='ltr'>ipso</span> <span class='ocrx_word' id='word_1_32' title='bbox 626 546 859 607; x_wconf 81' lang='lat' dir='ltr'>adjuvante</span> <span class='ocrx_word' id='word_1_33' title='bbox 882 549 1137 609; x_wconf 87' lang='lat' dir='ltr'>impleretur</span> <span class='ocrx_word' id='word_1_34' title='bbox 1167 548 1289 609; x_wconf 89' lang='lat' dir='ltr'>quod</span> <span class='ocrx_word' id='word_1_35' title='bbox 1329 548 1424 609; x_wconf 90' lang='lat' dir='ltr'>ipso</span> 
     </span>
     <span class='ocr_line' id='line_1_6' title="bbox 31 616 626 676; baseline -0.002 -14"><span class='ocrx_word' id='word_1_36' title='bbox 31 618 215 675; x_wconf 83' lang='lat' dir='ltr'>jubente</span> <span class='ocrx_word' id='word_1_37' title='bbox 237 632 326 661; x_wconf 92' lang='lat' dir='ltr'>non</span> <span class='ocrx_word' id='word_1_38' title='bbox 347 616 626 676; x_wconf 84' lang='lat' dir='ltr'>implebatur.</span> 
     </span>
     <span class='ocr_line' id='line_1_7' title="bbox 93 687 1421 750; baseline 0.002 -19"><span class='ocrx_word' id='word_1_39' title='bbox 93 689 196 731; x_wconf 77' lang='lat' dir='ltr'>XII.</span> <span class='ocrx_word' id='word_1_40' title='bbox 223 689 300 730; x_wconf 86' lang='lat' dir='ltr'>Est</span> <span class='ocrx_word' id='word_1_41' title='bbox 320 687 365 730; x_wconf 90' lang='lat' dir='ltr'>in</span> <span class='ocrx_word' id='word_1_42' title='bbox 386 687 451 730; x_wconf 85' lang='lat' dir='ltr'>his</span> <span class='ocrx_word' id='word_1_43' title='bbox 473 687 616 732; x_wconf 81' lang='lat' dir='ltr'>verbis</span> <span class='ocrx_word' id='word_1_44' title='bbox 645 698 689 733; x_wconf 83' lang='lat' dir='ltr'>et</span> <span class='ocrx_word' id='word_1_45' title='bbox 721 688 828 734; x_wconf 91' lang='lat' dir='ltr'>alius</span> <span class='ocrx_word' id='word_1_46' title='bbox 851 705 997 734; x_wconf 90' lang='lat' dir='ltr'>sensus</span> <span class='ocrx_word' id='word_1_47' title='bbox 1020 725 1032 745; x_wconf 85' lang='lat'>‚</span> <span class='ocrx_word' id='word_1_48' title='bbox 1057 690 1134 750; x_wconf 87' lang='lat' dir='ltr'>qui</span> <span class='ocrx_word' id='word_1_49' title='bbox 1155 689 1421 749; x_wconf 84' lang='lat' dir='ltr'>probabilior</span> 
     </span>
     <span class='ocr_line' id='line_1_8' title="bbox 35 755 1423 820; baseline 0.002 -18"><span class='ocrx_word' id='word_1_50' title='bbox 35 757 141 802; x_wconf 83' lang='lat' dir='ltr'>mihi</span> <span class='ocrx_word' id='word_1_51' title='bbox 169 756 357 802; x_wconf 87' lang='lat' dir='ltr'>videtur.</span> <span class='ocrx_word' id='word_1_52' title='bbox 383 755 526 801; x_wconf 86' lang='lat' dir='ltr'>Multo</span> <span class='ocrx_word' id='word_1_53' title='bbox 559 759 676 802; x_wconf 88' lang='lat' dir='ltr'>enim</span> <span class='ocrx_word' id='word_1_54' title='bbox 698 760 1008 819; x_wconf 82' lang='lat' dir='ltr'>congruentius</span> <span class='ocrx_word' id='word_1_55' title='bbox 1037 759 1297 819; x_wconf 82' lang='lat' dir='ltr'>intelligitur</span> <span class='ocrx_word' id='word_1_56' title='bbox 1327 760 1423 820; x_wconf 89' lang='lat' dir='ltr'>ipsa</span> 
     </span>
     <span class='ocr_line' id='line_1_9' title="bbox 36 825 1424 890; baseline 0.002 -19"><span class='ocrx_word' id='word_1_57' title='bbox 36 829 172 886; x_wconf 83' lang='lat' dir='ltr'>gratia</span> <span class='ocrx_word' id='word_1_58' title='bbox 200 825 347 886; x_wconf 87' lang='lat' dir='ltr'>pluvia</span> <span class='ocrx_word' id='word_1_59' title='bbox 367 826 611 872; x_wconf 84' lang='lat' dir='ltr'>voluntaria</span> <span class='ocrx_word' id='word_1_60' title='bbox 629 864 640 883; x_wconf 83' lang='lat'>,</span> <span class='ocrx_word' id='word_1_61' title='bbox 674 830 776 889; x_wconf 84' lang='lat' dir='ltr'>quia</span> <span class='ocrx_word' id='word_1_62' title='bbox 799 829 929 874; x_wconf 85' lang='lat' dir='ltr'>nullis</span> <span class='ocrx_word' id='word_1_63' title='bbox 951 830 1299 890; x_wconf 84' lang='lat' dir='ltr'>praecedentibus</span> <span class='ocrx_word' id='word_1_64' title='bbox 1316 845 1424 890; x_wconf 84' lang='lat' dir='ltr'>ope-</span> 
     </span>
     <span class='ocr_line' id='line_1_10' title="bbox 35 897 1426 961; baseline 0.001 -19"><span class='ocrx_word' id='word_1_65' title='bbox 35 913 134 942; x_wconf 80' lang='lat' dir='ltr'>rum</span> <span class='ocrx_word' id='word_1_66' title='bbox 161 897 322 941; x_wconf 83' lang='lat' dir='ltr'>meritis</span> <span class='ocrx_word' id='word_1_67' title='bbox 355 897 486 955; x_wconf 86' lang='lat' dir='ltr'>gratis</span> <span class='ocrx_word' id='word_1_68' title='bbox 512 897 655 942; x_wconf 86' lang='lat' dir='ltr'>datur.</span> <span class='ocrx_word' id='word_1_69' title='bbox 693 919 713 942; x_wconf 85' lang='lat'>«</span> <span class='ocrx_word' id='word_1_70' title='bbox 740 901 782 944; x_wconf 89' lang='lat' dir='ltr'>Si</span> <span class='ocrx_word' id='word_1_71' title='bbox 816 901 931 944; x_wconf 89' lang='lat' dir='ltr'>enim</span> <span class='ocrx_word' id='word_1_72' title='bbox 959 901 1118 958; x_wconf 83' lang='lat' dir='ltr'>gratia,</span> <span class='ocrx_word' id='word_1_73' title='bbox 1139 901 1228 961; x_wconf 85' lang='lat' dir='ltr'>jam</span> <span class='ocrx_word' id='word_1_74' title='bbox 1257 915 1346 945; x_wconf 88' lang='lat' dir='ltr'>non</span> <span class='ocrx_word' id='word_1_75' title='bbox 1374 916 1426 944; x_wconf 80' lang='lat' dir='ltr'>ex</span> 
     </span>
     <span class='ocr_line' id='line_1_11' title="bbox 38 968 1426 1031; baseline 0.003 -19"><span class='ocrx_word' id='word_1_76' title='bbox 38 987 60 1012; x_wconf 86' lang='lat'>»</span> <span class='ocrx_word' id='word_1_77' title='bbox 93 969 298 1029; x_wconf 85' lang='lat' dir='ltr'>operibus</span> <span class='ocrx_word' id='word_1_78' title='bbox 334 988 344 1014; x_wconf 79' lang='lat'>2</span> <span class='ocrx_word' id='word_1_79' title='bbox 387 968 581 1029; x_wconf 91' lang='lat' dir='ltr'>alioquin</span> <span class='ocrx_word' id='word_1_80' title='bbox 614 971 749 1028; x_wconf 81' lang='lat' dir='ltr'>gratia</span> <span class='ocrx_word' id='word_1_81' title='bbox 776 972 869 1031; x_wconf 83' lang='lat' dir='ltr'>jam</span> <span class='ocrx_word' id='word_1_82' title='bbox 902 987 991 1015; x_wconf 91' lang='lat' dir='ltr'>non</span> <span class='ocrx_word' id='word_1_83' title='bbox 1019 980 1082 1015; x_wconf 85' lang='lat' dir='ltr'>est</span> <span class='ocrx_word' id='word_1_84' title='bbox 1115 972 1249 1029; x_wconf 80' lang='lat' dir='ltr'>gratia</span> <span class='ocrx_word' id='word_1_85' title='bbox 1263 973 1294 1015; x_wconf 84' lang='lat'>³.</span> <span class='ocrx_word' id='word_1_86' title='bbox 1326 974 1426 1016; x_wconf 86' lang='lat' dir='ltr'>Non</span> 
     </span>
     <span class='ocr_line' id='line_1_12' title="bbox 39 1038 1425 1101; baseline 0.001 -19"><span class='ocrx_word' id='word_1_87' title='bbox 39 1059 59 1082; x_wconf 91' lang='lat'>»</span> <span class='ocrx_word' id='word_1_88' title='bbox 92 1039 210 1083; x_wconf 91' lang='lat' dir='ltr'>enim</span> <span class='ocrx_word' id='word_1_89' title='bbox 226 1038 384 1098; x_wconf 84' lang='lat' dir='ltr'>dignus</span> <span class='ocrx_word' id='word_1_90' title='bbox 406 1055 518 1094; x_wconf 84' lang='lat' dir='ltr'>sum,</span> <span class='ocrx_word' id='word_1_91' title='bbox 533 1040 692 1101; x_wconf 80' lang='lat' dir='ltr'>inquit,</span> <span class='ocrx_word' id='word_1_92' title='bbox 717 1041 862 1086; x_wconf 85' lang='lat' dir='ltr'>vocari</span> <span class='ocrx_word' id='word_1_93' title='bbox 882 1041 1131 1100; x_wconf 79' lang='lat' dir='ltr'>Apostolus,</span> <span class='ocrx_word' id='word_1_94' title='bbox 1156 1041 1260 1101; x_wconf 84' lang='lat' dir='ltr'>quia</span> <span class='ocrx_word' id='word_1_95' title='bbox 1279 1056 1425 1100; x_wconf 68' lang='lat' dir='ltr'>perse-e</span> 
     </span>
     <span class='ocr_line' id='line_1_13' title="bbox 38 1109 1423 1171; baseline 0.003 -19"><span class='ocrx_word' id='word_1_96' title='bbox 38 1127 60 1151; x_wconf 69' lang='lat' dir='ltr'>&gt;v</span> <span class='ocrx_word' id='word_1_97' title='bbox 93 1119 220 1154; x_wconf 90' lang='lat' dir='ltr'>cutus</span> <span class='ocrx_word' id='word_1_98' title='bbox 233 1125 328 1153; x_wconf 89' lang='lat' dir='ltr'>sum</span> <span class='ocrx_word' id='word_1_99' title='bbox 343 1109 581 1154; x_wconf 82' lang='lat' dir='ltr'>Ecclesiam</span> <span class='ocrx_word' id='word_1_100' title='bbox 595 1111 673 1154; x_wconf 91' lang='lat' dir='ltr'>Dei</span> <span class='ocrx_word' id='word_1_101' title='bbox 691 1130 700 1155; x_wconf 73' lang='grc' dir='ltr'>ι</span> <span class='ocrx_word' id='word_1_102' title='bbox 718 1111 852 1168; x_wconf 82' lang='lat' dir='ltr'>gratia</span> <span class='ocrx_word' id='word_1_103' title='bbox 875 1120 1021 1154; x_wconf 88' lang='lat' dir='ltr'>autem</span> <span class='ocrx_word' id='word_1_104' title='bbox 1036 1111 1113 1155; x_wconf 92' lang='lat' dir='ltr'>Dei</span> <span class='ocrx_word' id='word_1_105' title='bbox 1125 1126 1221 1155; x_wconf 89' lang='lat' dir='ltr'>sum</span> <span class='ocrx_word' id='word_1_106' title='bbox 1239 1110 1284 1155; x_wconf 90' lang='lat' dir='ltr'>id</span> <span class='ocrx_word' id='word_1_107' title='bbox 1302 1111 1423 1171; x_wconf 84' lang='lat' dir='ltr'>quod</span> 
     </span>
     <span class='ocr_line' id='line_1_14' title="bbox 37 1179 1424 1242; baseline 0.001 -18"><span class='ocrx_word' id='word_1_108' title='bbox 37 1199 58 1224; x_wconf 72' lang='lat' dir='ltr'>n</span> <span class='ocrx_word' id='word_1_109' title='bbox 92 1182 230 1224; x_wconf 69' lang='lat' dir='ltr'>sum4.</span> <span class='ocrx_word' id='word_1_110' title='bbox 249 1199 270 1222; x_wconf 89' lang='lat'>»</span> <span class='ocrx_word' id='word_1_111' title='bbox 297 1183 401 1225; x_wconf 81' lang='lat' dir='ltr'>Haec</span> <span class='ocrx_word' id='word_1_112' title='bbox 417 1189 480 1225; x_wconf 86' lang='lat' dir='ltr'>est</span> <span class='ocrx_word' id='word_1_113' title='bbox 500 1180 647 1240; x_wconf 89' lang='lat' dir='ltr'>pluvia</span> <span class='ocrx_word' id='word_1_114' title='bbox 665 1179 922 1225; x_wconf 83' lang='lat' dir='ltr'>voluntaria.</span> <span class='ocrx_word' id='word_1_115' title='bbox 949 1199 970 1223; x_wconf 71' lang='grc' dir='ltr'>α</span> <span class='ocrx_word' id='word_1_116' title='bbox 989 1180 1244 1226; x_wconf 82' lang='lat' dir='ltr'>Voluntarie</span> <span class='ocrx_word' id='word_1_117' title='bbox 1261 1183 1424 1242; x_wconf 86' lang='lat' dir='ltr'>quippe</span> 
     </span>
     <span class='ocr_line' id='line_1_15' title="bbox 30 1250 1418 1310; baseline 0.004 -19"><span class='ocrx_word' id='word_1_118' title='bbox 30 1270 58 1290; x_wconf 65' lang='lat' dir='ltr'>v»2</span> <span class='ocrx_word' id='word_1_119' title='bbox 93 1251 243 1308; x_wconf 83' lang='lat' dir='ltr'>genuit</span> <span class='ocrx_word' id='word_1_120' title='bbox 261 1266 339 1294; x_wconf 92' lang='lat' dir='ltr'>nos</span> <span class='ocrx_word' id='word_1_121' title='bbox 369 1250 502 1295; x_wconf 89' lang='lat' dir='ltr'>verbo</span> <span class='ocrx_word' id='word_1_122' title='bbox 528 1250 764 1294; x_wconf 83' lang='lat' dir='ltr'>veritatis⁵.</span> <span class='ocrx_word' id='word_1_123' title='bbox 795 1269 815 1292; x_wconf 90' lang='lat'>»</span> <span class='ocrx_word' id='word_1_124' title='bbox 850 1253 954 1295; x_wconf 83' lang='lat' dir='ltr'>Haec</span> <span class='ocrx_word' id='word_1_125' title='bbox 980 1250 1129 1310; x_wconf 89' lang='lat' dir='ltr'>pluvia</span> <span class='ocrx_word' id='word_1_126' title='bbox 1155 1250 1418 1296; x_wconf 81' lang='lat' dir='ltr'>voluntaria.</span> 
     </span>
     <span class='ocr_line' id='line_1_16' title="bbox 35 1319 1423 1365; baseline 0.001 -1"><span class='ocrx_word' id='word_1_127' title='bbox 35 1320 145 1364; x_wconf 91' lang='lat' dir='ltr'>Inde</span> <span class='ocrx_word' id='word_1_128' title='bbox 165 1319 268 1364; x_wconf 86' lang='lat' dir='ltr'>alibi</span> <span class='ocrx_word' id='word_1_129' title='bbox 284 1320 444 1364; x_wconf 86' lang='lat' dir='ltr'>dicitur</span> <span class='ocrx_word' id='word_1_130' title='bbox 471 1339 479 1365; x_wconf 73' lang='grc' dir='ltr'><strong><em>ε</em></strong></span> <span class='ocrx_word' id='word_1_131' title='bbox 510 1338 530 1361; x_wconf 86' lang='lat'>«</span> <span class='ocrx_word' id='word_1_132' title='bbox 549 1322 680 1364; x_wconf 88' lang='lat' dir='ltr'>Scuto</span> <span class='ocrx_word' id='word_1_133' title='bbox 699 1319 827 1363; x_wconf 80' lang='lat' dir='ltr'>bonae</span> <span class='ocrx_word' id='word_1_134' title='bbox 844 1320 1081 1365; x_wconf 86' lang='lat' dir='ltr'>voluntatis</span> <span class='ocrx_word' id='word_1_135' title='bbox 1100 1330 1189 1363; x_wconf 80' lang='lat' dir='ltr'>tuae</span> <span class='ocrx_word' id='word_1_136' title='bbox 1207 1322 1423 1365; x_wconf 80' lang='lat' dir='ltr'>coronasti</span> 
     </span>
     <span class='ocr_line' id='line_1_17' title="bbox 36 1389 1420 1450; baseline 0.003 -18"><span class='ocrx_word' id='word_1_137' title='bbox 36 1408 58 1432; x_wconf 82' lang='lat'><strong>»</strong></span> <span class='ocrx_word' id='word_1_138' title='bbox 93 1392 218 1435; x_wconf 71' lang='lat' dir='ltr'>nos‘3.</span> <span class='ocrx_word' id='word_1_139' title='bbox 247 1408 267 1432; x_wconf 75' lang='lat' dir='ltr'>n</span> <span class='ocrx_word' id='word_1_140' title='bbox 295 1393 424 1434; x_wconf 86' lang='lat' dir='ltr'>Istam</span> <span class='ocrx_word' id='word_1_141' title='bbox 442 1389 639 1450; x_wconf 86' lang='lat' dir='ltr'>pluviam</span> <span class='ocrx_word' id='word_1_142' title='bbox 668 1405 769 1434; x_wconf 87' lang='lat' dir='ltr'>cum</span> <span class='ocrx_word' id='word_1_143' title='bbox 793 1393 907 1434; x_wconf 88' lang='lat' dir='ltr'>Deus</span> <span class='ocrx_word' id='word_1_144' title='bbox 933 1390 1134 1434; x_wconf 86' lang='lat' dir='ltr'>transiret</span> <span class='ocrx_word' id='word_1_145' title='bbox 1153 1391 1200 1434; x_wconf 87' lang='lat' dir='ltr'>in</span> <span class='ocrx_word' id='word_1_146' title='bbox 1221 1390 1391 1437; x_wconf 88' lang='lat' dir='ltr'>deserto</span> <span class='ocrx_word' id='word_1_147' title='bbox 1409 1427 1420 1448; x_wconf 84' lang='lat'><strong><em>‚</em></strong></span> 
     </span>
     <span class='ocr_line' id='line_1_18' title="bbox 19 1457 1420 1522; baseline -0.001 -16"><span class='ocrx_word' id='word_1_148' title='bbox 19 1457 80 1506; x_wconf 75' lang='lat' dir='ltr'>&#39;id</span> <span class='ocrx_word' id='word_1_149' title='bbox 97 1471 177 1517; x_wconf 84' lang='lat' dir='ltr'>est,</span> <span class='ocrx_word' id='word_1_150' title='bbox 204 1461 515 1522; x_wconf 85' lang='lat' dir='ltr'>praedicaretur</span> <span class='ocrx_word' id='word_1_151' title='bbox 535 1461 581 1505; x_wconf 91' lang='lat' dir='ltr'>in</span> <span class='ocrx_word' id='word_1_152' title='bbox 603 1461 832 1516; x_wconf 87' lang='lat' dir='ltr'>Gentibus,</span> <span class='ocrx_word' id='word_1_153' title='bbox 860 1480 881 1504; x_wconf 88' lang='lat'>«</span> <span class='ocrx_word' id='word_1_154' title='bbox 900 1460 1014 1506; x_wconf 88' lang='lat' dir='ltr'>Coeli</span> <span class='ocrx_word' id='word_1_155' title='bbox 1031 1461 1354 1507; x_wconf 80' lang='lat' dir='ltr'>distillaverunt</span> <span class='ocrx_word' id='word_1_156' title='bbox 1372 1482 1381 1508; x_wconf 74' lang='grc' dir='ltr'>ε</span> <span class='ocrx_word' id='word_1_157' title='bbox 1398 1481 1420 1505; x_wconf 84' lang='lat'>»</span> 
     </span>
     <span class='ocr_line' id='line_1_19' title="bbox 34 1530 1424 1593; baseline 0.001 -17"><span class='ocrx_word' id='word_1_158' title='bbox 34 1548 126 1577; x_wconf 89' lang='lat' dir='ltr'>non</span> <span class='ocrx_word' id='word_1_159' title='bbox 147 1541 293 1576; x_wconf 88' lang='lat' dir='ltr'>tamen</span> <span class='ocrx_word' id='word_1_160' title='bbox 314 1548 338 1577; x_wconf 86' lang='lat' dir='ltr'>a</span> <span class='ocrx_word' id='word_1_161' title='bbox 359 1549 403 1576; x_wconf 88' lang='lat' dir='ltr'>se</span> <span class='ocrx_word' id='word_1_162' title='bbox 421 1532 540 1591; x_wconf 87' lang='lat' dir='ltr'>ipsis,</span> <span class='ocrx_word' id='word_1_163' title='bbox 563 1531 655 1587; x_wconf 86' lang='lat' dir='ltr'>sed,</span> <span class='ocrx_word' id='word_1_164' title='bbox 672 1550 692 1574; x_wconf 92' lang='lat'>«</span> <span class='ocrx_word' id='word_1_165' title='bbox 711 1535 750 1576; x_wconf 83' lang='lat' dir='ltr'>A</span> <span class='ocrx_word' id='word_1_166' title='bbox 766 1530 875 1576; x_wconf 86' lang='lat' dir='ltr'>facie</span> <span class='ocrx_word' id='word_1_167' title='bbox 896 1532 995 1587; x_wconf 84' lang='lat' dir='ltr'>Dei,</span> <span class='ocrx_word' id='word_1_168' title='bbox 1017 1549 1036 1573; x_wconf 71' lang='lat'>³)</span> <span class='ocrx_word' id='word_1_169' title='bbox 1055 1533 1262 1592; x_wconf 86' lang='lat' dir='ltr'>quoniam</span> <span class='ocrx_word' id='word_1_170' title='bbox 1279 1542 1323 1577; x_wconf 88' lang='lat' dir='ltr'>et</span> <span class='ocrx_word' id='word_1_171' title='bbox 1343 1533 1424 1593; x_wconf 87' lang='lat' dir='ltr'>ipsi</span> 
     </span>
     <span class='ocr_line' id='line_1_20' title="bbox 32 1601 1421 1664; baseline 0.001 -17"><span class='ocrx_word' id='word_1_172' title='bbox 32 1602 172 1662; x_wconf 78' lang='lat' dir='ltr'>gratia</span> <span class='ocrx_word' id='word_1_173' title='bbox 194 1602 274 1647; x_wconf 90' lang='lat' dir='ltr'>Dei</span> <span class='ocrx_word' id='word_1_174' title='bbox 296 1611 398 1646; x_wconf 88' lang='lat' dir='ltr'>sunt</span> <span class='ocrx_word' id='word_1_175' title='bbox 415 1603 460 1646; x_wconf 85' lang='lat' dir='ltr'>id</span> <span class='ocrx_word' id='word_1_176' title='bbox 473 1601 594 1662; x_wconf 87' lang='lat' dir='ltr'>quod</span> <span class='ocrx_word' id='word_1_177' title='bbox 620 1610 737 1645; x_wconf 88' lang='lat' dir='ltr'>sunt.</span> <span class='ocrx_word' id='word_1_178' title='bbox 763 1601 935 1647; x_wconf 87' lang='lat' dir='ltr'>Etideo</span> <span class='ocrx_word' id='word_1_179' title='bbox 960 1605 1122 1647; x_wconf 87' lang='lat' dir='ltr'>«Mons</span> <span class='ocrx_word' id='word_1_180' title='bbox 1147 1603 1296 1658; x_wconf 82' lang='lat' dir='ltr'>Sina,»</span> <span class='ocrx_word' id='word_1_181' title='bbox 1316 1604 1421 1664; x_wconf 86' lang='lat' dir='ltr'>quia</span> 
     </span>
     <span class='ocr_line' id='line_1_21' title="bbox 32 1671 1422 1733; baseline 0.001 -16"><span class='ocrx_word' id='word_1_182' title='bbox 32 1673 184 1733; x_wconf 83' lang='lat' dir='ltr'>etipse</span> <span class='ocrx_word' id='word_1_183' title='bbox 204 1673 280 1733; x_wconf 87' lang='lat' dir='ltr'>qui</span> <span class='ocrx_word' id='word_1_184' title='bbox 303 1672 399 1733; x_wconf 90' lang='lat' dir='ltr'>plus</span> <span class='ocrx_word' id='word_1_185' title='bbox 424 1672 625 1717; x_wconf 89' lang='lat' dir='ltr'>omnibus</span> <span class='ocrx_word' id='word_1_186' title='bbox 642 1671 727 1716; x_wconf 87' lang='lat' dir='ltr'>illis</span> <span class='ocrx_word' id='word_1_187' title='bbox 748 1671 963 1716; x_wconf 82' lang='lat' dir='ltr'>laboravit</span> <span class='ocrx_word' id='word_1_188' title='bbox 979 1707 990 1727; x_wconf 84' lang='lat'>‚</span> <span class='ocrx_word' id='word_1_189' title='bbox 1020 1688 1112 1716; x_wconf 91' lang='lat' dir='ltr'>non</span> <span class='ocrx_word' id='word_1_190' title='bbox 1134 1673 1225 1732; x_wconf 89' lang='lat' dir='ltr'>ipse</span> <span class='ocrx_word' id='word_1_191' title='bbox 1247 1683 1392 1718; x_wconf 85' lang='lat' dir='ltr'>autem</span> <span class='ocrx_word' id='word_1_192' title='bbox 1408 1706 1422 1729; x_wconf 78' lang='lat'>‚</span> 
     </span>
     <span class='ocr_line' id='line_1_22' title="bbox 29 1742 1426 1803; baseline 0 -15"><span class='ocrx_word' id='word_1_193' title='bbox 29 1743 110 1788; x_wconf 70' lang='lat' dir='ltr'>sed</span> <span class='ocrx_word' id='word_1_194' title='bbox 134 1744 268 1803; x_wconf 84' lang='lat' dir='ltr'>gratia</span> <span class='ocrx_word' id='word_1_195' title='bbox 283 1744 362 1788; x_wconf 83' lang='lat' dir='ltr'>Dei</span> <span class='ocrx_word' id='word_1_196' title='bbox 378 1759 478 1788; x_wconf 87' lang='lat' dir='ltr'>cum</span> <span class='ocrx_word' id='word_1_197' title='bbox 496 1742 593 1787; x_wconf 82' lang='lat' dir='ltr'>illo7</span> <span class='ocrx_word' id='word_1_198' title='bbox 608 1777 619 1798; x_wconf 84' lang='lat'>‚</span> <span class='ocrx_word' id='word_1_199' title='bbox 642 1751 693 1786; x_wconf 89' lang='lat' dir='ltr'>ut</span> <span class='ocrx_word' id='word_1_200' title='bbox 705 1742 1000 1786; x_wconf 84' lang='lat' dir='ltr'>abundantius</span> <span class='ocrx_word' id='word_1_201' title='bbox 1018 1742 1241 1788; x_wconf 86' lang='lat' dir='ltr'>distillaret</span> <span class='ocrx_word' id='word_1_202' title='bbox 1257 1744 1302 1787; x_wconf 90' lang='lat' dir='ltr'>in</span> <span class='ocrx_word' id='word_1_203' title='bbox 1319 1760 1426 1803; x_wconf 86' lang='lat' dir='ltr'>gen-</span> 
     </span>
     <span class='ocr_line' id='line_1_23' title="bbox 35 1812 1426 1871; baseline 0 -12"><span class='ocrx_word' id='word_1_204' title='bbox 35 1815 166 1871; x_wconf 72' lang='lat' dir='ltr'>tihus,</span> <span class='ocrx_word' id='word_1_205' title='bbox 193 1814 239 1859; x_wconf 91' lang='lat' dir='ltr'>id</span> <span class='ocrx_word' id='word_1_206' title='bbox 260 1823 339 1868; x_wconf 85' lang='lat' dir='ltr'>est,</span> <span class='ocrx_word' id='word_1_207' title='bbox 364 1814 411 1857; x_wconf 90' lang='lat' dir='ltr'>in</span> <span class='ocrx_word' id='word_1_208' title='bbox 432 1813 617 1867; x_wconf 84' lang='lat' dir='ltr'>deserto,</span> <span class='ocrx_word' id='word_1_209' title='bbox 643 1812 720 1857; x_wconf 91' lang='lat' dir='ltr'>ubi</span> <span class='ocrx_word' id='word_1_210' title='bbox 750 1813 948 1858; x_wconf 89' lang='lat' dir='ltr'>Christus</span> <span class='ocrx_word' id='word_1_211' title='bbox 969 1829 1059 1857; x_wconf 93' lang='lat' dir='ltr'>non</span> <span class='ocrx_word' id='word_1_212' title='bbox 1082 1822 1175 1857; x_wconf 87' lang='lat' dir='ltr'>crat</span> <span class='ocrx_word' id='word_1_213' title='bbox 1191 1815 1426 1859; x_wconf 71' lang='lat' dir='ltr'>annuntia-</span> 
     </span>
     <span class='ocr_line' id='line_1_24' title="bbox 35 1881 1426 1944; baseline -0.001 -15"><span class='ocrx_word' id='word_1_214' title='bbox 35 1893 122 1940; x_wconf 75' lang='lat' dir='ltr'>tus,</span> <span class='ocrx_word' id='word_1_215' title='bbox 142 1900 199 1928; x_wconf 91' lang='lat' dir='ltr'>ne</span> <span class='ocrx_word' id='word_1_216' title='bbox 213 1900 342 1944; x_wconf 79' lang='lat' dir='ltr'>super</span> <span class='ocrx_word' id='word_1_217' title='bbox 354 1883 543 1927; x_wconf 86' lang='lat' dir='ltr'>alienum</span> <span class='ocrx_word' id='word_1_218' title='bbox 564 1881 902 1927; x_wconf 83' lang='lat' dir='ltr'>fundamentum</span> <span class='ocrx_word' id='word_1_219' title='bbox 920 1884 1157 1929; x_wconf 82' lang='lat' dir='ltr'>aedificaret</span> <span class='ocrx_word' id='word_1_220' title='bbox 1169 1886 1186 1911; x_wconf 77' lang='grc'>8</span> <span class='ocrx_word' id='word_1_221' title='bbox 1203 1905 1214 1942; x_wconf 78' lang='lat'>3</span> <span class='ocrx_word' id='word_1_222' title='bbox 1235 1885 1341 1944; x_wconf 84' lang='lat' dir='ltr'>ipse,</span> <span class='ocrx_word' id='word_1_223' title='bbox 1360 1884 1426 1928; x_wconf 89' lang='lat' dir='ltr'>in-</span> 
     </span>
     <span class='ocr_line' id='line_1_25' title="bbox 30 1953 1420 2017; baseline 0 -17"><span class='ocrx_word' id='word_1_224' title='bbox 30 1969 186 2017; x_wconf 74' lang='lat' dir='ltr'>quam,</span> <span class='ocrx_word' id='word_1_225' title='bbox 208 1954 399 2000; x_wconf 70' lang='lat' dir='ltr'>Israelita</span> <span class='ocrx_word' id='word_1_226' title='bbox 415 1964 506 1999; x_wconf 82' lang='lat' dir='ltr'>erat</span> <span class='ocrx_word' id='word_1_227' title='bbox 523 1969 574 1998; x_wconf 88' lang='lat' dir='ltr'>ex</span> <span class='ocrx_word' id='word_1_228' title='bbox 596 1968 750 2012; x_wconf 79' lang='lat' dir='ltr'>genere</span> <span class='ocrx_word' id='word_1_229' title='bbox 772 1953 918 2009; x_wconf 74' lang='lat' dir='ltr'>Israel,</span> <span class='ocrx_word' id='word_1_230' title='bbox 937 1953 992 1998; x_wconf 90' lang='lat' dir='ltr'>de</span> <span class='ocrx_word' id='word_1_231' title='bbox 1007 1955 1126 1999; x_wconf 88' lang='lat' dir='ltr'>tribu</span> <span class='ocrx_word' id='word_1_232' title='bbox 1148 1956 1390 2016; x_wconf 84' lang='lat' dir='ltr'>Benjamin⁹</span> <span class='ocrx_word' id='word_1_233' title='bbox 1410 1973 1420 2001; x_wconf 77' lang='lat'>2</span> 
     </span>
     <span class='ocr_line' id='line_1_26' title="bbox 35 2023 1425 2087; baseline 0 -17"><span class='ocrx_word' id='word_1_234' title='bbox 35 2036 81 2071; x_wconf 85' lang='lat' dir='ltr'>et</span> <span class='ocrx_word' id='word_1_235' title='bbox 106 2027 197 2087; x_wconf 87' lang='lat' dir='ltr'>ipse</span> <span class='ocrx_word' id='word_1_236' title='bbox 225 2042 326 2084; x_wconf 82' lang='lat' dir='ltr'>ergo</span> <span class='ocrx_word' id='word_1_237' title='bbox 352 2023 396 2070; x_wconf 83' lang='lat' dir='ltr'>in</span> <span class='ocrx_word' id='word_1_238' title='bbox 433 2025 685 2070; x_wconf 84' lang='lat' dir='ltr'>servitutem</span> <span class='ocrx_word' id='word_1_239' title='bbox 710 2034 937 2082; x_wconf 83' lang='lat' dir='ltr'>generatus</span> <span class='ocrx_word' id='word_1_240' title='bbox 961 2035 1053 2070; x_wconf 86' lang='lat' dir='ltr'>erat</span> <span class='ocrx_word' id='word_1_241' title='bbox 1069 2061 1079 2081; x_wconf 82' lang='lat'>‚</span> <span class='ocrx_word' id='word_1_242' title='bbox 1110 2025 1164 2069; x_wconf 87' lang='lat' dir='ltr'>de</span> <span class='ocrx_word' id='word_1_243' title='bbox 1187 2025 1425 2071; x_wconf 84' lang='lat' dir='ltr'>Jerusalem</span> 
     </span>
     <span class='ocr_line' id='line_1_27' title="bbox 36 2094 1426 2157; baseline 0 -16"><span class='ocrx_word' id='word_1_244' title='bbox 36 2105 226 2151; x_wconf 78' lang='lat' dir='ltr'>terrena,</span> <span class='ocrx_word' id='word_1_245' title='bbox 252 2112 350 2157; x_wconf 79' lang='lat' dir='ltr'>quae</span> <span class='ocrx_word' id='word_1_246' title='bbox 379 2096 509 2139; x_wconf 87' lang='lat' dir='ltr'>servit</span> <span class='ocrx_word' id='word_1_247' title='bbox 531 2111 631 2139; x_wconf 88' lang='lat' dir='ltr'>cum</span> <span class='ocrx_word' id='word_1_248' title='bbox 657 2094 755 2139; x_wconf 84' lang='lat' dir='ltr'>filiis</span> <span class='ocrx_word' id='word_1_249' title='bbox 778 2095 880 2151; x_wconf 82' lang='lat' dir='ltr'>suis,</span> <span class='ocrx_word' id='word_1_250' title='bbox 907 2105 950 2140; x_wconf 86' lang='lat' dir='ltr'>et</span> <span class='ocrx_word' id='word_1_251' title='bbox 969 2095 1067 2141; x_wconf 87' lang='lat' dir='ltr'>ideo</span> <span class='ocrx_word' id='word_1_252' title='bbox 1084 2097 1426 2157; x_wconf 81' lang='lat' dir='ltr'>persequebatur</span> 
     </span>
     <span class='ocr_line' id='line_1_28' title="bbox 37 2164 1426 2228; baseline 0 -16"><span class='ocrx_word' id='word_1_253' title='bbox 37 2166 293 2212; x_wconf 84' lang='lat' dir='ltr'>Ecclesiam.</span> <span class='ocrx_word' id='word_1_254' title='bbox 317 2169 427 2211; x_wconf 86' lang='lat' dir='ltr'>Nam</span> <span class='ocrx_word' id='word_1_255' title='bbox 443 2200 453 2220; x_wconf 83' lang='lat'>,</span> <span class='ocrx_word' id='word_1_256' title='bbox 480 2164 600 2225; x_wconf 87' lang='lat' dir='ltr'>quod</span> <span class='ocrx_word' id='word_1_257' title='bbox 617 2165 707 2224; x_wconf 86' lang='lat' dir='ltr'>ipse</span> <span class='ocrx_word' id='word_1_258' title='bbox 727 2167 1024 2221; x_wconf 81' lang='lat' dir='ltr'>commonuit,</span> <span class='ocrx_word' id='word_1_259' title='bbox 1049 2186 1066 2206; x_wconf 87' lang='grc'>«</span> <span class='ocrx_word' id='word_1_260' title='bbox 1088 2167 1207 2212; x_wconf 88' lang='lat' dir='ltr'>Sicut</span> <span class='ocrx_word' id='word_1_261' title='bbox 1230 2176 1333 2212; x_wconf 86' lang='lat' dir='ltr'>tunc</span> <span class='ocrx_word' id='word_1_262' title='bbox 1350 2168 1426 2228; x_wconf 87' lang='lat' dir='ltr'>qui</span> 
     </span>
     <span class='ocr_line' id='line_1_29' title="bbox 41 2235 1426 2298; baseline 0.001 -18"><span class='ocrx_word' id='word_1_263' title='bbox 41 2256 62 2280; x_wconf 71' lang='lat' dir='ltr'>n</span> <span class='ocrx_word' id='word_1_264' title='bbox 99 2235 339 2282; x_wconf 89' lang='lat' dir='ltr'>secundum</span> <span class='ocrx_word' id='word_1_265' title='bbox 357 2250 528 2279; x_wconf 81' lang='lat' dir='ltr'>carnem</span> <span class='ocrx_word' id='word_1_266' title='bbox 552 2244 775 2294; x_wconf 80' lang='lat' dir='ltr'>generatus</span> <span class='ocrx_word' id='word_1_267' title='bbox 794 2245 857 2279; x_wconf 86' lang='lat' dir='ltr'>est</span> <span class='ocrx_word' id='word_1_268' title='bbox 868 2236 1211 2295; x_wconf 74' lang='lat' dir='ltr'>persequebatur</span> <span class='ocrx_word' id='word_1_269' title='bbox 1232 2253 1332 2282; x_wconf 87' lang='lat' dir='ltr'>eum</span> <span class='ocrx_word' id='word_1_270' title='bbox 1349 2238 1426 2298; x_wconf 90' lang='lat' dir='ltr'>qui</span> 
     </span>
     <span class='ocr_line' id='line_1_30' title="bbox 38 2305 1426 2366; baseline 0.001 -16"><span class='ocrx_word' id='word_1_271' title='bbox 38 2324 63 2350; x_wconf 72' lang='lat' dir='ltr'>-n</span> <span class='ocrx_word' id='word_1_272' title='bbox 97 2307 340 2352; x_wconf 85' lang='lat' dir='ltr'>secundum</span> <span class='ocrx_word' id='word_1_273' title='bbox 354 2306 554 2366; x_wconf 88' lang='lat' dir='ltr'>spiritum</span> <span class='ocrx_word' id='word_1_274' title='bbox 573 2326 584 2362; x_wconf 76' lang='lat'><em>3</em></span> <span class='ocrx_word' id='word_1_275' title='bbox 607 2305 667 2349; x_wconf 85' lang='lat' dir='ltr'>ita</span> <span class='ocrx_word' id='word_1_276' title='bbox 689 2314 732 2349; x_wconf 87' lang='lat' dir='ltr'>et</span> <span class='ocrx_word' id='word_1_277' title='bbox 754 2308 964 2349; x_wconf 79' lang='lat' dir='ltr'>nunc10.»</span> <span class='ocrx_word' id='word_1_278' title='bbox 986 2306 1070 2351; x_wconf 75' lang='lat' dir='ltr'>Sed</span> <span class='ocrx_word' id='word_1_279' title='bbox 1088 2307 1426 2352; x_wconf 84' lang='lat' dir='ltr'>misericordiam</span> 
     </span>
     <span class='ocr_line' id='line_1_31' title="bbox 32 2375 1428 2438; baseline -0.001 -14"><span class='ocrx_word' id='word_1_280' title='bbox 32 2388 302 2424; x_wconf 72' lang='lat' dir='ltr'>consecutus</span> <span class='ocrx_word' id='word_1_281' title='bbox 324 2387 404 2433; x_wconf 82' lang='lat' dir='ltr'>est,</span> <span class='ocrx_word' id='word_1_282' title='bbox 421 2377 522 2438; x_wconf 88' lang='lat' dir='ltr'>quia</span> <span class='ocrx_word' id='word_1_283' title='bbox 544 2377 746 2435; x_wconf 80' lang='lat' dir='ltr'>ignorans</span> <span class='ocrx_word' id='word_1_284' title='bbox 769 2375 873 2421; x_wconf 83' lang='lat' dir='ltr'>fecit</span> <span class='ocrx_word' id='word_1_285' title='bbox 893 2377 939 2420; x_wconf 78' lang='lat' dir='ltr'>i‘n</span> <span class='ocrx_word' id='word_1_286' title='bbox 959 2377 1316 2423; x_wconf 69' lang='lat' dir='ltr'>incredulitatess.</span> <span class='ocrx_word' id='word_1_287' title='bbox 1341 2380 1428 2424; x_wconf 72' lang='lat' dir='ltr'>Mi-</span> 
     </span>
    </p>
   </div>
   <div class='ocr_carea' id='block_1_3' title="bbox 38 2487 1427 2645">
    <p class='ocr_par' dir='ltr' id='par_1_3' title="bbox 38 2487 1427 2645">
     <span class='ocr_line' id='line_1_32' title="bbox 94 2487 1427 2534; baseline 0 -10"><span class='ocrx_word' id='word_1_288' title='bbox 94 2499 102 2515; x_wconf 90' lang='lat'><em>¹</em></span> <span class='ocrx_word' id='word_1_289' title='bbox 127 2494 219 2524; x_wconf 85' lang='lat' dir='ltr'>Rom.</span> <span class='ocrx_word' id='word_1_290' title='bbox 239 2502 271 2533; x_wconf 81' lang='lat' dir='ltr'>v,</span> <span class='ocrx_word' id='word_1_291' title='bbox 292 2502 345 2523; x_wconf 83' lang='lat'>20.</span> <span class='ocrx_word' id='word_1_292' title='bbox 370 2507 411 2513; x_wconf 87' lang='lat'>--</span> <span class='ocrx_word' id='word_1_293' title='bbox 430 2496 443 2512; x_wconf 84' lang='lat'>²</span> <span class='ocrx_word' id='word_1_294' title='bbox 463 2489 542 2522; x_wconf 77' lang='lat' dir='ltr'>Psal.</span> <span class='ocrx_word' id='word_1_295' title='bbox 569 2500 624 2531; x_wconf 81' lang='lat' dir='ltr'>xv,</span> <span class='ocrx_word' id='word_1_296' title='bbox 657 2488 690 2531; x_wconf 55' lang='lat' dir='ltr'>lg.</span> <span class='ocrx_word' id='word_1_297' title='bbox 710 2506 751 2512; x_wconf 87' lang='lat'><em>-</em></span> <span class='ocrx_word' id='word_1_298' title='bbox 769 2487 887 2522; x_wconf 78' lang='lat' dir='ltr'>3Rom.</span> <span class='ocrx_word' id='word_1_299' title='bbox 906 2502 949 2530; x_wconf 72' lang='lat' dir='ltr'>xi,</span> <span class='ocrx_word' id='word_1_300' title='bbox 964 2490 996 2522; x_wconf 87' lang='lat'>6.</span> <span class='ocrx_word' id='word_1_301' title='bbox 1020 2507 1060 2513; x_wconf 64' lang='grc' dir='ltr'>ν·-</span> <span class='ocrx_word' id='word_1_302' title='bbox 1077 2489 1094 2520; x_wconf 77' lang='grc'>4</span> <span class='ocrx_word' id='word_1_303' title='bbox 1110 2503 1122 2522; x_wconf 94' lang='lat'>1</span> <span class='ocrx_word' id='word_1_304' title='bbox 1151 2494 1224 2524; x_wconf 90' lang='lat' dir='ltr'>Cor.</span> <span class='ocrx_word' id='word_1_305' title='bbox 1250 2502 1302 2534; x_wconf 75' lang='lat' dir='ltr'>xv,</span> <span class='ocrx_word' id='word_1_306' title='bbox 1321 2504 1355 2533; x_wconf 72' lang='grc' dir='ltr'>ς),</span> <span class='ocrx_word' id='word_1_307' title='bbox 1377 2503 1427 2525; x_wconf 88' lang='lat'>10.</span> 
     </span>
     <span class='ocr_line' id='line_1_33' title="bbox 38 2543 1420 2589; baseline 0.001 -10"><span class='ocrx_word' id='word_1_308' title='bbox 38 2563 85 2570; x_wconf 61' lang='lat'>&gt;—-</span> <span class='ocrx_word' id='word_1_309' title='bbox 104 2545 119 2570; x_wconf 85' lang='lat'><strong>⁵</strong></span> <span class='ocrx_word' id='word_1_310' title='bbox 137 2547 249 2579; x_wconf 85' lang='lat' dir='ltr'>Jacob.</span> <span class='ocrx_word' id='word_1_311' title='bbox 270 2559 293 2587; x_wconf 84' lang='lat'>1,</span> <span class='ocrx_word' id='word_1_312' title='bbox 313 2545 363 2578; x_wconf 77' lang='grc' dir='ltr'>ιδ.</span> <span class='ocrx_word' id='word_1_313' title='bbox 386 2563 428 2568; x_wconf 82' lang='grc'><strong>-</strong></span> <span class='ocrx_word' id='word_1_314' title='bbox 442 2543 458 2567; x_wconf 76' lang='grc'>6</span> <span class='ocrx_word' id='word_1_315' title='bbox 479 2544 564 2577; x_wconf 80' lang='lat' dir='ltr'>Psal.</span> <span class='ocrx_word' id='word_1_316' title='bbox 587 2556 619 2586; x_wconf 86' lang='lat' dir='ltr'>v,</span> <span class='ocrx_word' id='word_1_317' title='bbox 644 2545 695 2576; x_wconf 77' lang='lat'>13.</span> <span class='ocrx_word' id='word_1_318' title='bbox 721 2563 762 2568; x_wconf 93' lang='lat'>—</span> <span class='ocrx_word' id='word_1_319' title='bbox 781 2553 794 2578; x_wconf 81' lang='grc' dir='ltr'>ἰ·</span> <span class='ocrx_word' id='word_1_320' title='bbox 812 2557 824 2576; x_wconf 95' lang='lat'>1</span> <span class='ocrx_word' id='word_1_321' title='bbox 843 2548 916 2578; x_wconf 80' lang='lat' dir='ltr'>Cor.</span> <span class='ocrx_word' id='word_1_322' title='bbox 933 2557 987 2587; x_wconf 82' lang='lat' dir='ltr'>xv,</span> <span class='ocrx_word' id='word_1_323' title='bbox 1011 2557 1061 2579; x_wconf 89' lang='lat'>10.</span> <span class='ocrx_word' id='word_1_324' title='bbox 1083 2563 1126 2569; x_wconf 87' lang='lat'>·—</span> <span class='ocrx_word' id='word_1_325' title='bbox 1145 2545 1160 2569; x_wconf 85' lang='lat'>⁸</span> <span class='ocrx_word' id='word_1_326' title='bbox 1178 2549 1268 2579; x_wconf 87' lang='lat' dir='ltr'>Rom.</span> <span class='ocrx_word' id='word_1_327' title='bbox 1289 2558 1341 2589; x_wconf 78' lang='lat' dir='ltr'>xv,</span> <span class='ocrx_word' id='word_1_328' title='bbox 1365 2556 1420 2581; x_wconf 85' lang='lat'>20.</span> 
     </span>
     <span class='ocr_line' id='line_1_34' title="bbox 45 2600 1189 2645; baseline -0.002 -10"><span class='ocrx_word' id='word_1_329' title='bbox 45 2618 86 2625; x_wconf 91' lang='lat'>·—</span> <span class='ocrx_word' id='word_1_330' title='bbox 106 2610 121 2635; x_wconf 86' lang='lat'><strong>9</strong></span> <span class='ocrx_word' id='word_1_331' title='bbox 138 2603 249 2645; x_wconf 88' lang='lat' dir='ltr'>Philip.</span> <span class='ocrx_word' id='word_1_332' title='bbox 267 2614 317 2644; x_wconf 84' lang='lat'><em>111,</em></span> <span class='ocrx_word' id='word_1_333' title='bbox 334 2602 363 2633; x_wconf 89' lang='lat'>5.</span> <span class='ocrx_word' id='word_1_334' title='bbox 394 2618 435 2623; x_wconf 91' lang='lat'>——</span> <span class='ocrx_word' id='word_1_335' title='bbox 463 2607 493 2624; x_wconf 86' lang='lat'>¹⁰</span> <span class='ocrx_word' id='word_1_336' title='bbox 512 2601 579 2633; x_wconf 85' lang='lat' dir='ltr'>Gal.</span> <span class='ocrx_word' id='word_1_337' title='bbox 598 2610 641 2642; x_wconf 78' lang='lat' dir='ltr'>iv,</span> <span class='ocrx_word' id='word_1_338' title='bbox 663 2600 704 2632; x_wconf 85' lang='lat'>25</span> <span class='ocrx_word' id='word_1_339' title='bbox 723 2605 755 2633; x_wconf 74' lang='lat' dir='ltr'>et</span> <span class='ocrx_word' id='word_1_340' title='bbox 769 2604 822 2633; x_wconf 87' lang='lat'>29.</span> <span class='ocrx_word' id='word_1_341' title='bbox 844 2618 885 2624; x_wconf 92' lang='lat'>—-</span> <span class='ocrx_word' id='word_1_342' title='bbox 907 2608 933 2625; x_wconf 90' lang='lat'>¹¹</span> <span class='ocrx_word' id='word_1_343' title='bbox 959 2614 970 2633; x_wconf 92' lang='lat'>1</span> <span class='ocrx_word' id='word_1_344' title='bbox 993 2602 1072 2634; x_wconf 88' lang='lat' dir='ltr'>Tim.</span> <span class='ocrx_word' id='word_1_345' title='bbox 1089 2614 1114 2643; x_wconf 82' lang='lat'>1,</span> <span class='ocrx_word' id='word_1_346' title='bbox 1138 2602 1189 2633; x_wconf 80' lang='lat'>13.</span> 
     </span>
    </p>
   </div>
  </div>
 </body>
</html>
