1889 3285
462 295 702 322 ENAnnATm
735 297 778 322 m
813 295 1015 323 PsALMUM
1050 296 1186 321 Lxxu.
1407 281 1487 320 457

110 359 298 419 populus
320 361 396 403 Dei
414 395 424 415 ,
454 379 474 401 «
500 363 600 403 Pars
629 375 723 403 mea
756 363 869 404 Deus
898 375 1034 403 meus.
1062 378 1082 400 »
1109 362 1206 404 Non
1235 358 1290 403 ad
1320 367 1493 417 tempus

109 446 206 489 pars
235 446 326 474 mea
348 451 359 487 3
390 431 463 473 sed
489 450 505 469 «
534 434 634 475 Pars
655 446 751 474 mea
773 437 881 474 Deus
910 431 955 473 in
977 429 1146 474 saecula.
1171 449 1190 470 »
1217 433 1385 473 Aurum
1414 429 1493 473 etsi

110 500 443 559 scmperhabeo,
455 500 562 560 quid
572 502 710 545 habeo
720 503 738 545 P
748 505 886 544 Deum
898 502 973 544 etsi
986 516 1073 544 non
1087 516 1255 559 semper
1266 501 1489 554 haberem,

110 586 239 630 quam
254 585 460 628 magnum
475 571 640 615 bonum
655 572 889 615 haberent?
906 574 1001 614 Huc
1013 571 1196 625 accedit,
1214 572 1313 631 quia
1327 570 1432 614 mihi
1450 585 1493 614 se

109 643 249 699 ipsum
262 642 492 700 promittit,
508 651 551 686 et
571 642 616 685 id
633 658 700 686 me
713 643 756 685 in
771 652 982 686 aeternum
996 642 1247 685 habiturum
1260 641 1489 700 promittit.

112 714 299 754 Tantum
318 712 475 766 habeo,
493 721 534 755 et
553 728 776 772 nunquam
801 728 890 756 non
911 712 1068 755 habeo.
1093 715 1251 770 Magna
1279 710 1457 754 felicitas
1481 729 1490 754 ε

115 800 134 823 «
150 785 252 826 Pars
264 797 358 826 mea
372 785 499 826 Deus.
518 801 538 823 »
556 783 794 836 Quandiu‘?
820 802 840 825 «
867 786 917 826 In
931 782 1101 827 saecula.
1122 801 1142 823 >›
1166 781 1382 835 Quoniam
1394 795 1494 825 eece

109 851 209 897 vide
222 852 443 913 quomodo
455 853 580 897 illum
595 854 775 912 amavit,
790 853 892 898 fecit
906 869 978 898 cor
991 863 1156 898 castum
1170 872 1178 897 :
1197 856 1341 896 «Deus
1354 850 1495 897 cordis

111 942 132 965 »
168 925 269 979 mei,
296 933 339 968 et
355 940 452 984 pars
469 940 563 968 mea
582 928 696 969 Deus
718 925 763 968 in
787 925 958 969 saecula.
986 944 1005 966 »
1034 928 1217 968 Factum
1231 933 1293 968 est
1314 939 1388 968 cor
1409 938 1497 966 cas-

111 1002 220 1049 tum,
242 995 367 1051 gratis
374 996 464 1054 jam
481 1004 650 1039 amatur
666 998 795 1050 Deus,
817 1011 906 1039 non
920 995 974 1039 31)
991 994 1067 1039 1110
1081 995 1243 1054 petitur
1255 992 1375 1037 aliud
1386 1008 1495 1052 prae-

108 1065 260 1108 mium.
289 1065 372 1118 Qui
395 1064 513 1108 aliud
535 1065 763 1124 praemium
782 1065 890 1124 petit
905 1081 927 1108 a
950 1067 1040 1108 Deo
1055 1100 1066 1120 ,
1087 1073 1130 1108 et
1147 1072 1376 1123 propterea
1396 1061 1493 1107 vult

110 1135 266 1179 servire
286 1138 398 1192 Deo3
419 1137 589 1180 charius
612 1134 716 1179 facit
738 1135 858 1195 quod
871 1134 966 1180 vult
979 1135 1187 1194 accipere,
1205 1148 1337 1194 quam
1349 1134 1493 1192 ipsum

109 1221 132 1248 3
154 1221 243 1265 quo
265 1205 359 1249 vult
390 1206 597 1264 accipere.
637 1204 754 1258 Quid
775 1220 878 1263 ergo
893 1241 903 1259 ,
941 1204 1115 1249 nullum
1135 1204 1365 1264 praemium
1387 1203 1493 1247 Dei?

109 1275 289 1321 Nullum
305 1311 315 1330 ,
336 1285 492 1335 praeter
507 1277 661 1335 ipsum.
688 1276 921 1319 Praemium
933 1276 1010 1319 Dei
1027 1311 1037 1330 ,
1062 1276 1152 1334 ipse
1166 1278 1281 1319 Deus
1293 1283 1371 1318 est.
1397 1275 1491 1317 Hoc

111 1355 247 1396 amat,
271 1347 356 1391 hoc
376 1346 517 1405 diligit
542 1366 550 1391 ε
577 1346 610 1390 si
628 1346 746 1390 aliud
761 1346 974 1401 dilexerit,
995 1362 1084 1391 non
1098 1346 1178 1389 erit
1194 1355 1335 1390 castus
1355 1359 1489 1388 amor.

110 1417 293 1461 Recedis
316 1417 368 1461 ab
389 1418 487 1475 igne
515 1416 777 1471 immortali,
806 1415 1030 1475 frigesces,
1068 1415 1371 1475 corrumperis.
1396 1413 1495 1460 Noli

111 1489 314 1532 recedere
331 1523 342 1543 ,
381 1488 602 1547 corruptio
628 1497 702 1531 tua
740 1488 820 1532 erit
842 1523 852 1543 ‚
883 1487 1112 1532 fornicatio
1153 1496 1228 1531 tua
1262 1486 1357 1530 erit.
1399 1487 1497 1529 ‚Iam

111 1560 190 1603 iste
204 1558 338 1614 redit,
351 1560 442 1619 jam
462 1559 593 1602 istum
611 1559 813 1617 poenitet,
826 1559 916 1618 jam
933 1558 1238 1617 poenitentiam
1259 1557 1339 1600 iste
1359 1555 1495 1615 eligit,

107 1630 198 1689 jam
216 1629 321 1673 dicit
343 1649 351 1672 :
393 1649 409 1666 a
437 1633 540 1673 Pars
564 1644 658 1672 mea
680 1632 809 1672 Deus.
836 1647 854 1669 »
875 1631 932 1672 Et
949 1627 1172 1688 quomodo
1194 1626 1434 1672 delectatur
1454 1627 1500 1670 in

111 1700 205 1758 ipso
221 1735 232 1754 ,
257 1714 390 1759 quem
407 1699 486 1743 sibi
509 1708 677 1758 partem
702 1699 831 1757 elegit
848 1701 866 1742 Ρ

169 1771 380 1813 XXXIII.
412 1789 431 1810 «
456 1772 569 1814 Ecce
585 1770 660 1829 qui
677 1769 806 1827 longe
824 1784 868 1813 se
889 1768 1055 1813 faciunt
1079 1785 1102 1812 a
1124 1777 1189 1823 te,
1214 1768 1422 1826 peribunt
1437 1769 1497 1810 ¹.»

115 1842 201 1884 Iste
234 1855 338 1898 ergo
369 1840 543 1884 recessit
575 1856 598 1883 3
630 1845 738 1894 Deo,
772 1838 848 1883 sed
869 1854 959 1883 non
995 1838 1126 1897 longe
1158 1858 1167 1883 :
1197 1838 1347 1891 «Quia
1378 1837 1503 1898 quasi

117 1928 138 1951 n
172 1925 304 1970 pecus
325 1911 467 1955 factus
489 1926 584 1954 sum
601 1946 611 1965 ,
637 1911 802 1971 inquit,
829 1919 872 1954 et
899 1925 980 1969 ego
1002 1925 1170 1969 semper
1192 1919 1354 1954 tecum.
1383 1927 1404 1950 »
1432 1908 1502 1952 Illi

114 1996 217 2025 vcro
238 1980 368 2040 longe
401 1990 694 2035 recesserunt,
718 1982 820 2040 quia
853 1996 942 2024 non
975 1980 1115 2024 solum
1139 1990 1309 2024 terrena
1331 1979 1503 2023 deside-

115 2060 344 2105 raverunt,
391 2050 466 2094 sed
499 2067 547 2094 03
577 2066 600 2094 3
633 2050 908 2095 daemonibus
935 2060 978 2094 et
1003 2067 1026 2094 3
1061 2049 1236 2094 diabolo
1263 2051 1499 2109 petierunt.

120 2140 140 2163 «
175 2121 255 2173 Qui
289 2121 418 2180 longe
445 2136 489 2164 se
523 2120 687 2165 faciunt
717 2137 739 2164 3
762 2130 828 2175 te,
872 2121 1093 2179 peribunt.
1133 2138 1154 2161 >›
1192 2122 1248 2164 Et
1280 2119 1388 2180 quid
1417 2129 1503 2175 est,

115 2191 245 2250 longe
267 2208 290 2236 a
312 2195 401 2236 Deo
422 2193 547 2236 fieri?
574 2212 593 2234 «
619 2192 848 2236 Perdidisti
873 2207 1046 2236 omnem
1070 2194 1145 2251 qui
1167 2191 1407 2236 fornicatur
1430 2192 1505 2236 abs

120 2280 140 2302 »
175 2270 233 2305 10.
264 2281 283 2303 α
303 2262 415 2322 Huic
437 2261 715 2306 fornicationi
732 2262 973 2305 contrarius
995 2270 1058 2304 est
1078 2277 1198 2305 amor
1219 2271 1376 2305 castus.
1398 2262 1503 2314 Quis

119 2341 182 2375 est
204 2348 324 2375 amor
345 2334 519 2376 castus?
542 2336 687 2376 Amat
713 2333 803 2392 jain
822 2333 962 2375 anima
983 2347 1190 2391 sponsum
1217 2347 1345 2375 suum
1373 2332 1506 2391 :quid

120 2403 173 2446 31)
189 2402 264 2446 1110
281 2403 458 2462 quaerit,
476 2404 529 2446 31)
543 2419 700 2462 sponso
718 2419 794 2448 suo
813 2418 945 2463 quem
960 2402 1125 2461 diligit?
1143 2406 1273 2446 Forte
1285 2401 1507 2461 quomodo

119 2472 199 2515 sibi
230 2472 398 2531 eligunt
432 2473 627 2517 homines
652 2483 726 2517 aut
749 2489 927 2532 generos
960 2483 1035 2516 aut
1065 2488 1242 2531 sponsos
1276 2472 1467 2515 foeminae
1493 2491 1502 2516 ε

121 2542 238 2599 eligit
260 2542 372 2586 forte
394 2543 562 2586 divitias
583 2553 625 2586 ct
644 2559 797 2587 aurum
822 2544 912 2602 ejus
939 2553 1074 2597 amat,
1101 2552 1143 2587 ct
1163 2542 1346 2595 fundos,
1371 2550 1414 2585 et
1436 2557 1505 2586 31-

172 2632 177 2646 ¹
200 2625 281 2657 Psal.
297 2637 391 2664 mcxii,
408 2635 462 2666 ⁴27.
