1889 3285
0 2489 3 2507 l

0 2552 33 2656 ’ἱ

30 2661 70 2755 l,

32 2759 37 2847 l

34 2852 39 2931 ι

36 2939 42 3061 ἱ

393 278 634 307 ENARRATIO
666 282 710 308 ΙΝ
743 280 946 308 PsALMUM
978 282 1082 308 an.
1363 268 1445 307 159

63 344 190 390 nobis
216 346 331 390 viam
357 345 403 388 in
437 346 606 390 deserto
621 381 632 401 ⁷
657 346 799 406 ipsum
822 348 1056 392 Dominum
1078 355 1275 390 nostrum
1298 349 1448 391 Jesum

63 417 284 461 Christum
299 417 314 441 ¹
334 436 344 472 3
369 424 411 459 et
429 415 533 460 fecit
554 417 679 461 nobis
698 417 1039 462 consolationem
1058 417 1105 460 in
1127 416 1317 472 deserto,
1341 417 1447 461 mit-

63 485 197 530 tendo
218 485 274 530 ad
289 501 368 530 nos
384 485 687 545 praedicatores
699 488 818 532 verbi
840 488 905 532 sui
921 508 933 545 3
950 495 992 531 et
1011 485 1133 531 dedit
1150 486 1276 530 nobis
1287 502 1447 546 aquam

62 557 108 600 in
128 555 320 610 deserto,
347 554 530 615 implens
563 557 726 616 Spiritu
752 567 900 602 sancto
920 555 1226 616 praedicatores
1247 571 1345 601 suos
1360 591 1372 611 ‚
1398 565 1449 600 ut

63 627 186 670 fieret
213 626 259 669 in
279 626 338 670 eis
367 624 464 670 fons
493 642 619 687 aquae
651 627 839 671 salientis
869 627 914 671 in
941 627 1075 671 vitam
1107 629 1357 670 aeternam2.
1391 629 1450 670 Et

64 711 163 740 ecce
183 696 396 740 habemus
412 696 484 741 hic
506 697 651 742 omnia
666 733 677 753 ‚
709 697 783 742 sed
809 714 898 743 non
927 707 1028 742 sunt
1053 697 1106 741 de
1125 697 1310 742 deserto.
1333 699 1449 755 Ergo

64 766 371 826 proprietatem
389 765 544 810 deserti
564 767 683 826 prius
706 767 1028 812 commendavit
1042 765 1255 822 Psalmus,
1274 776 1325 812 ut
1345 776 1389 811 et
1402 776 1451 812 tu

66 851 167 881 cum
188 834 377 880 audisses
398 836 443 880 in
461 852 548 896 quo
570 837 685 881 malo
703 853 833 892 esses,
856 837 890 880 si
909 851 1016 897 quas
1032 837 1103 880 hic
1121 836 1284 880 hahere
1305 851 1450 896 posses

64 905 394 961 consolationes,
408 905 478 949 vel
491 907 723 962 sociorum,
739 906 809 951 vel
825 906 920 961 viae,
941 905 1007 950 vel
1025 922 1164 966 aquae,
1184 922 1272 951 non
1285 906 1451 951 tribue-

65 991 131 1020 res
153 976 348 1031 deserto,
369 974 444 1020 sed
463 975 527 1020 illi
545 977 619 1036 qui
640 985 684 1021 te
704 976 877 1021 visitare
899 975 1099 1034 dignatus
1121 986 1184 1021 est
1200 977 1245 1021 in
1261 976 1448 1022 deserto.

126 1048 204 1090 IX.
230 1064 251 1088 «
278 1046 345 1091 Sic
366 1046 412 1089 in
433 1055 582 1091 sancto
605 1047 784 1106 apparui
803 1046 882 1090 tibi
896 1081 906 1101 ‚
932 1055 982 1090 ut
1002 1046 1195 1090 viderem
1212 1047 1454 1106 potentiam

69 1134 91 1158 )›
124 1125 246 1160 tuam
267 1125 310 1160 et
333 1115 514 1175 gloriam
542 1119 698 1161 tuamss.
727 1136 746 1183 »Ι
774 1116 919 1161 Primo
943 1117 1077 1161 sitivit
1097 1117 1240 1161 anima
1262 1133 1358 1162 mea
1373 1153 1384 1174 ‚
1410 1127 1454 1162 et

66 1203 165 1233 caro
186 1202 283 1231 mea
299 1187 598 1247 multipliciter
622 1188 702 1231 tibi
718 1188 764 1231 in
787 1186 978 1243 deserto,
1000 1197 1043 1232 et
1070 1188 1116 1232 in
1137 1198 1251 1233 terra
1273 1189 1363 1233 sine
1383 1189 1454 1234 via

67 1265 110 1300 et
131 1257 223 1300 sine
244 1273 379 1317 aqua,
406 1266 448 1301 et
469 1276 490 1299 α
508 1257 576 1302 Sic
596 1257 642 1300 in
659 1266 807 1302 sancto
837 1258 1018 1317 apparui
1047 1258 1125 1301 tibi
1144 1293 1154 1313 ‚
1191 1267 1241 1302 ut
1263 1257 1454 1302 viderem

70 1344 92 1368 υ
126 1327 364 1385 potentiam
381 1336 501 1371 tuam
518 1336 561 1371 et
583 1326 761 1385 gloriam
779 1337 916 1372 tuam.
932 1328 1053 1374 »Nisi
1071 1329 1166 1388 quis
1181 1329 1324 1387 primo
1341 1328 1456 1372 sitiat

67 1398 114 1441 in
134 1397 216 1440 isto
238 1396 430 1451 deserto,
455 1398 500 1439 id
515 1407 602 1449 est,
626 1398 743 1440 malo
764 1399 812 1439 in
832 1411 921 1456 quo
937 1407 1000 1441 est
1015 1433 1025 1452 ,
1051 1414 1278 1459 nunquam
1302 1415 1457 1458 perve-

69 1467 135 1511 nit
153 1466 208 1511 ad
227 1468 394 1511 bonum
410 1465 530 1527 quod
546 1475 608 1510 est
621 1469 754 1510 Deus.
773 1484 792 1506 «
806 1467 1000 1525 Apparui
1019 1477 1164 1511 autem
1180 1469 1275 1524 tibi,
1295 1469 1455 1529 inquit,

74 1556 96 1580 »
129 1537 175 1581 in
198 1547 363 1582 sancto.
393 1555 414 1578 »
437 1540 534 1581 Jam
550 1537 595 1581 in
613 1546 761 1581 sancto
777 1546 840 1581 est
855 1552 1013 1596 magna
1036 1540 1289 1584 consolatio.
1321 1560 1341 1583 ι(
1365 1543 1459 1600 Ap-

74 1627 96 1650 »
128 1608 254 1668 parui
275 1608 354 1652 tibi
373 1643 384 1663 ‚
411 1627 431 1649 »
455 1607 562 1668 quid
584 1617 646 1652 est
663 1610 682 1651 P
698 1610 756 1652 [t
776 1607 945 1652 videres
968 1622 1038 1652 me
1075 1627 1084 1653 ;
1115 1617 1159 1653 et
1190 1609 1290 1654 ideo
1314 1609 1461 1655 vidisti

72 1694 142 1723 me
163 1688 213 1724 ut
227 1678 422 1724 viderem
442 1687 500 1722 te.
531 1697 550 1720 «
575 1678 768 1738 Apparui
784 1678 863 1722 tibi
879 1713 890 1732 ,
915 1687 965 1721 ut
987 1677 1192 1722 viderem.
1221 1697 1242 1720 »
1262 1682 1361 1725 Non
1391 1681 1461 1724 di-

73 1750 135 1795 xit
155 1769 164 1795 :
190 1750 384 1810 Apparui
405 1749 486 1794 tibi
507 1759 558 1793 ut
577 1749 746 1794 videres
774 1769 783 1794 ι
804 1749 880 1793 sed
900 1784 910 1804 ‚
942 1769 962 1790 «
987 1750 1181 1809 Apparui
1203 1749 1282 1794 tibi
1299 1785 1310 1805 ‚
1334 1760 1384 1796 ut
1399 1751 1462 1796 vi-

77 1839 99 1862 »
132 1820 281 1865 derem
308 1821 550 1880 potentiam
586 1829 709 1864 tuam
740 1828 784 1863 et
822 1819 1000 1877 gloriam
1033 1828 1170 1864 tuam.
1210 1839 1230 1861 »
1267 1821 1393 1865 Unde
1419 1831 1464 1867 et

75 1890 335 1950 Apostolus:
361 1892 524 1935 «Nunc
547 1899 718 1943 autem,
758 1889 926 1949 inquit,
959 1899 1265 1948 cognoscentes
1297 1894 1460 1947 Deum,

79 1978 100 2002 »
133 1961 222 2005 imo
256 1960 418 2018 cogniti
440 1976 463 2004 a
488 1963 577 2004 Deo
594 1959 628 2003 ⁴.
655 1978 675 2001 »
710 1959 832 2003 Prius
860 1959 975 2003 enim
998 1961 1252 2020 apparuistis
1279 1964 1392 2017 Deo,
1412 1971 1464 2007 ut

77 2031 210 2091 possit
232 2030 356 2075 vobis
379 2045 584 2090 apparere
606 2033 736 2075 Deus.
759 2048 778 2071 «
805 2032 861 2074 Et
881 2030 1074 2074 viderem
1086 2032 1327 2090 potentiam
1344 2041 1465 2077 tuam

82 2120 103 2144 »
137 2111 180 2146 et
218 2101 398 2160 gloriam
418 2111 554 2146 tuam.
578 2119 598 2142 »
626 2103 793 2145 Revera
824 2100 871 2144 in
894 2101 976 2146 isto
999 2100 1170 2147 deserto
1187 2138 1197 2158 ‚
1223 2102 1270 2146 id
1296 2112 1385 2159 est,
1420 2104 1467 2148 in

79 2171 160 2217 ista
183 2187 350 2228 eremo,
377 2172 410 2216 si
433 2181 641 2231 tanquam
666 2170 721 2214 ab
743 2186 887 2215 eremo
911 2171 1051 2230 exigat
1079 2173 1212 2217 homo
1240 2172 1362 2233 quod
1384 2173 1467 2217 sibi

81 2243 207 2287 saluti
222 2252 306 2298 est,
335 2258 561 2303 nunquam
582 2241 751 2286 videbit
771 2243 1011 2301 potentiam
1031 2244 1204 2288 Domini
1221 2253 1264 2288 et
1287 2244 1468 2302 gloriam

82 2314 281 2371 Domini3
306 2313 380 2358 sed
403 2313 644 2358 remanebit
666 2313 733 2357 siti
750 2314 1007 2370 moriturus,
1028 2330 1109 2359 nec
1125 2315 1239 2359 viam
1256 2315 1465 2371 inveniet,

83 2400 163 2430 nec
184 2385 546 2440 consolationem,
575 2400 656 2429 nec
671 2401 827 2446 aquam
846 2401 922 2445 per
943 2401 1074 2446 quam
1089 2386 1217 2431 duret
1237 2387 1282 2430 in
1305 2403 1464 2431 eremo.

86 2457 196 2500 Cum
218 2465 363 2500 autem
383 2456 562 2499 erexerit
581 2470 624 2500 se
647 2455 701 2500 ad
725 2459 863 2500 Deum
880 2492 890 2511 ,
910 2465 961 2500 ut
978 2456 1094 2501 dicat
1114 2456 1176 2501 illi
1201 2473 1251 2501 ex
1266 2457 1468 2502 medullis

87 2527 288 2571 omnibus
325 2546 332 2572 ε
370 2546 390 2569 «
413 2526 553 2572 Sitivit
582 2526 661 2570 tibi
694 2527 837 2571 anima
862 2542 958 2571 mea
976 2562 986 2582 ‚
1017 2543 1149 2588 quam
1170 2527 1468 2588 multipliciter

137 2619 145 2635 ¹
163 2614 254 2644 Joan.
275 2623 342 2654 xlv,
359 2613 390 2644 6.
409 2629 448 2635 ——
473 2612 614 2654 21d.1v‚
644 2611 694 2653 14.
717 2629 756 2635 -
777 2610 789 2635 3
809 2612 887 2645 Psal.
912 2624 989 2654 mr,
1006 2613 1036 2646 3.
1057 2630 1098 2636 —
1115 2611 1130 2641 4
1145 2613 1213 2647 Gal.
1231 2624 1276 2655 iv,
1295 2624 1327 2655 9.
