1889 3285
257 263 497 292 ENARRATIO
530 267 543 291 1
576 267 620 292 m
653 266 854 293 PSALMUM
889 267 996 303 Lxx,
1030 266 1167 293 SERMO
1202 268 1230 292 1.
1355 254 1438 292 369

63 341 107 376 et
128 330 332 386 secundi,
359 338 402 374 et
433 330 544 374 tertii
572 349 580 374 z
618 330 692 374 sed
716 346 795 390 pro
821 330 888 374 his
918 329 1110 375 Psalmus
1130 365 1141 385 ,
1178 338 1253 374 aut
1283 329 1338 374 de
1373 329 1439 374 his

63 401 281 455 Psalmus‚
313 400 389 460 qui
420 399 548 458 primi
576 398 696 444 ducti
724 409 853 455 sunt,
892 416 982 444 non
1009 401 1093 444 hoc
1125 408 1249 443 sonat
1280 418 1289 443 ε
1326 399 1443 443 idem

60 471 150 530 ipse
171 470 363 515 Psalmus
385 468 598 513 discussus
616 504 626 524 ‚
647 478 938 529 perscrutatus
958 504 969 524 ,
993 469 1282 528 interrogatus
1301 469 1443 513 omni-

61 542 143 585 bus
164 540 358 586 versibus
374 540 460 584 suis
485 539 604 584 aliud
634 540 713 583 tibi
734 540 862 595 dicit,
888 556 978 584 non
1013 539 1068 583 de
1095 539 1178 582 illis
1215 555 1258 583 se
1289 539 1438 599 loqui,

61 612 136 672 qui
156 611 351 655 homines
368 610 512 654 nescio
534 610 631 669 qui,
651 610 793 654 nescio
815 608 1009 670 quando,
1026 609 1294 653 irruentibus
1306 609 1442 652 hosti-

61 683 144 727 bus
159 717 170 736 ,
189 682 236 725 in
256 679 541 738 Babyloniam
555 680 712 739 captivi
734 681 855 724 ducti
876 689 978 724 sunt
1000 695 1050 724 ex
1077 679 1331 723 Jerusalem.
1361 679 1446 724 Sed

62 750 168 796 dicit
189 750 382 795 Psalmus
394 785 404 804 ,
421 749 552 810 quid,
569 749 648 793 nisi
666 750 787 809 quod
804 749 980 795 audistis
998 749 1051 793 ab
1065 748 1302 809 Apostolo?
1319 751 1447 794 Com-

62 822 241 866 mendat
253 820 378 865 nobis
393 820 572 879 gratiam
590 820 666 864 Dei
683 840 694 877 3
711 819 989 864 commendat
1000 820 1140 874 nobis,
1158 820 1259 880 quia
1277 835 1354 864 nos
1370 835 1447 879 pcr

62 891 344 951 nosmetipsos
366 889 475 934 nihil
497 905 645 934 sumus
666 909 674 934 z
707 889 985 934 commendat
1013 890 1136 934 nobis
1150 925 1161 944 ,
1188 890 1297 950 quia
1313 890 1446 950 quid-

63 961 169 1022 quid
191 977 362 1016 sumus,
397 960 511 1004 illius
532 959 820 1004 misericordia
843 975 1017 1015 sumu83
1048 959 1263 1020 quidquid
1302 969 1448 1004 autem

64 1048 116 1076 ex
137 1032 262 1076 nobis
286 1046 448 1085 sumus,
474 1030 576 1074 mali
597 1046 758 1074 sumus.
785 1033 929 1082 Quare
951 1045 1076 1087 ergo,
1103 1030 1332 1088 «CaptiviP
1357 1048 1377 1071 n
1404 1040 1448 1073 et

63 1118 197 1163 quare
219 1102 395 1147 nomine
420 1101 681 1160 captivitatis
701 1101 1032 1144 commendatur
1053 1100 1143 1159 ipsa
1173 1101 1306 1158 gratia
1334 1100 1447 1144 libe-

65 1173 242 1217 ratoris?
264 1172 436 1231 Aperit,
460 1171 551 1230 ipse
573 1170 679 1214 dicit
701 1170 932 1229 Apostolus
956 1190 964 1214 z
997 1189 1016 1211 α
1047 1169 1335 1215 Condelector
1362 1169 1449 1229 legi

67 1262 86 1285 υ
122 1244 200 1287 Dei
217 1242 458 1287 secundum
476 1242 725 1285 interiorem
738 1241 963 1285 hominem
984 1261 992 1285 :
1010 1242 1138 1285 video
1157 1251 1302 1285 autem
1320 1241 1449 1285 aliam

68 1332 87 1354 »
122 1313 259 1368 legem
274 1312 317 1355 in
336 1311 540 1354 membris
562 1311 665 1353 meis
688 1320 1003 1369 repugnantem
1025 1309 1109 1368 legi
1133 1312 1289 1354 mentis
1309 1326 1418 1354 meae
1434 1344 1445 1365 ‚

67 1401 86 1424 »
122 1392 165 1426 et
187 1381 407 1440 captivum
441 1395 512 1423 me
541 1379 775 1423 ducentem
801 1381 842 1424 in
868 1379 964 1439 lege
981 1381 1166 1440 peccati,
1195 1396 1294 1440 quae
1320 1390 1384 1424 est
1400 1380 1446 1423 in

68 1471 88 1493 »
123 1451 329 1496 membris
351 1450 468 1494 meis.
500 1468 519 1490 »
546 1452 659 1493 Ecce
680 1449 814 1493 habes
833 1449 934 1494 duci
954 1451 1190 1509 captivum.
1213 1449 1329 1503 Quid
1349 1465 1451 1508 ergo

11 1524 13 1582 f
65 1520 342 1567 commendat
376 1521 456 1564 iste
478 1519 701 1563 Psalmus?
720 1520 842 1573 Quod
877 1520 1152 1580 sequituribi
1185 1520 1449 1580 Apostolu33

69 1611 89 1634 «
125 1590 280 1636 Infelix
303 1605 381 1648 ego
404 1590 535 1634 homo
556 1625 566 1644 ‚
592 1590 690 1649 quis
711 1605 782 1633 me
806 1590 1009 1634 liberabit
1026 1590 1080 1634 de
1100 1606 1280 1649 corpore
1301 1591 1452 1635 mortis

12 1719 15 1725 r
67 1680 88 1704 »
123 1663 282 1722 hujus?
301 1660 447 1705 Gratia
474 1660 551 1703 Dei
582 1675 660 1718 per
677 1663 825 1703 Jesum
848 1661 1069 1704 Christum
1092 1661 1327 1704 Dominum
1356 1676 1452 1705 nos-

11 1739 15 1792 .'
68 1750 89 1773 »
123 1740 239 1775 trum
256 1733 286 1772 ¹.
316 1748 335 1771 »
358 1734 496 1782 Quare
514 1742 614 1785 ergo
634 1748 653 1769 «
673 1729 835 1772 Primi?
861 1747 880 1769 »
902 1732 1010 1774 Nam
1025 1728 1192 1773 dictum
1210 1739 1294 1784 cst,
1316 1746 1450 1790 quare

70 1820 90 1842 «
124 1800 349 1859 Captivi.»
371 1801 595 1851 Quantum
624 1798 834 1852 arbitror,
866 1807 909 1842 et
940 1799 1024 1842 hoc
1052 1798 1207 1843 elucet.
1236 1800 1450 1852 Quoniam

64 1871 110 1915 in
120 1868 442 1929 comparatione
460 1868 649 1911 fitiorum
677 1871 700 1912 J
705 1868 876 1912 onadab
894 1869 1031 1912 omnis
1051 1868 1347 1914 inobedientia
1361 1870 1451 1913 cul-

13 1943 15 1945 ’
67 1950 165 2001 pata
186 1949 263 1984 est.
290 1944 370 1984 Per
405 1938 749 1982 inobedientiam
782 1947 927 1983 autem
962 1940 1122 1998 captivi
1153 1939 1256 1984 facti
1277 1956 1445 1996 sumus,

67 2011 168 2071 quia
188 2011 279 2070 ipse
297 2008 435 2053 Adam
447 2023 534 2052 non
558 2007 805 2052 obediendo
823 2008 1055 2067 peccavit2.
1082 2008 1258 2053 Dictum
1283 2020 1346 2054 est
1366 2026 1450 2053 au-

68 2089 157 2125 tem
178 2079 233 2123 ab
256 2078 410 2123 eodem
431 2077 639 2137 Apostolo
653 2113 663 2132 ‚
689 2078 809 2137 quod
827 2088 869 2122 et
891 2093 1043 2122 verum
1065 2087 1128 2122 est
1140 2114 1154 2134 ,
1184 2097 1203 2120 «
1224 2079 1334 2132 Quia
1357 2095 1453 2124 om-

13 2147 15 2150 ’
72 2170 92 2193 »
127 2166 202 2195 nes
221 2150 268 2194 in
285 2150 425 2194 Adam
436 2149 684 2193 moriuntur
699 2184 709 2203 ‚
734 2149 779 2192 in
802 2164 890 2208 quo
914 2165 1062 2193 omnes
1084 2153 1445 2209 peccaverunff.»

68 2221 216 2266 Mirito
237 2228 281 2263 et
306 2238 326 2261 «
350 2219 483 2263 Primi
504 2218 625 2262 ducti
647 2228 749 2263 sunt
782 2219 940 2278 captivi
966 2234 974 2259 :
1001 2219 1102 2279 quia
1123 2220 1288 2278 primus
1316 2221 1449 2266 homo

14 2344 16 2359 ᾗ
72 2309 93 2332 »
128 2290 182 2334 de
204 2299 316 2333 terra
332 2298 528 2333 terrenus
546 2324 557 2344 ‚
593 2287 808 2333 secundus
837 2290 990 2344 homo,
1017 2289 1072 2333 de
1094 2289 1209 2334 coelo
1225 2289 1410 2335 coelestis
1437 2310 1445 2336 :

12 2364 16 2402 ὲ
73 2379 94 2403 »
129 2360 267 2421 qualis
295 2369 490 2404 terrenus
506 2395 517 2415 ⁷
544 2359 648 2404 tales
670 2368 713 2404 et
735 2360 919 2417 terreni3
946 2359 1082 2419 qualis
1105 2359 1289 2405 coelestis
1307 2396 1318 2412 ,
1344 2360 1450 2405 tales

14 2482 17 2490 χ
74 2450 95 2473 »
130 2441 174 2476 et
187 2430 398 2476 coelestes.
428 2431 546 2475 Sicut
566 2430 832 2490 portavimus
851 2430 1081 2487 imaginem
1098 2431 1280 2486 terreni,
1306 2440 1451 2490 porte-

76 2521 96 2544 »
131 2518 226 2546 mus
248 2511 292 2546 et
311 2501 539 2559 imaginem
564 2501 655 2560 ejus
673 2501 749 2561 qui
766 2501 820 2544 de
839 2500 952 2545 coelo
969 2510 1046 2544 est.
1080 2519 1099 2541 »
1127 2502 1293 2544 Primus
1316 2503 1448 2546 homo

120 2593 130 2608 ¹
152 2589 240 2618 Rom,
268 2597 323 2626 vn,
343 2585 452 2617 22-25.
469 2602 510 2608 ·—-
526 2592 539 2608 ²
559 2586 637 2618 Gen.
658 2595 707 2626 iu,
721 2584 752 2617 6.
774 2602 816 2607 -
833 2583 845 2607 3
863 2594 882 2617 2
897 2587 970 2618 Cor.
991 2597 1045 2626 xv,
1068 2594 1122 2626 22,
1142 2589 1175 2617 et
1191 2588 1279 2618 Rom.
1304 2597 1337 2625 v,
1360 2596 1410 2618 12.

261 2651 381 2680 cxvi.
1238 2639 1287 2677 24
