1889 3285
415 199 472 240 26
843 207 876 234 s.
912 206 1142 235 Aususnm
1173 208 1355 235 Emscom

413 274 574 319 clamat
591 274 875 317 inhumanam
897 286 987 314 esse
1007 269 1126 315 illam
1148 271 1364 315 civitatem
1377 305 1388 326 ,
1409 270 1534 315 facile
1555 271 1674 330 apud
1690 271 1794 315 bar-

412 344 543 388 baros
560 342 640 386 sibi
658 357 745 385 esse
759 340 949 400 potuisse
962 338 1194 398 refugium.
1217 340 1355 385 Sentit
1371 340 1643 400 iniquitatem
1658 375 1669 395 ,
1694 341 1797 400 quia

413 412 577 473 patitur
603 430 612 456 ε
637 419 686 455 tu
708 411 820 454 forte
837 425 925 454 non
948 409 1101 466 sentis,
1131 408 1207 453 sed
1228 419 1399 469 oportet
1424 420 1475 454 ut
1496 418 1539 453 et
1560 418 1603 452 te
1634 410 1796 469 cogites

410 482 710 542 peregrinum,
741 489 784 524 et
804 479 948 523 videas
966 478 1188 539 quomodo
1216 480 1296 523 tibi
1317 480 1450 539 possit
1471 478 1697 539 displicere
1719 479 1797 540 qui

413 552 494 596 tibi
513 567 602 596 non
618 550 865 611 praestiterit
882 549 1002 610 quod
1018 549 1123 593 tuin
1135 549 1274 608 patria
1291 559 1365 594 tua
1382 565 1471 594 non
1483 551 1545 594 vis
1567 550 1796 609 peregrino

412 631 630 682 praestare.
659 625 884 680 Interrogo
906 635 1054 665 omnes
1081 639 1089 664 :
1116 622 1225 664 Vera
1248 629 1350 664 sunt
1375 621 1498 665 haec?
1520 623 1645 665 Vera.
1675 622 1797 669 Justa

414 702 517 736 sunt
537 693 662 736 haec?
685 694 710 735 J
714 700 823 735 usta.

472 764 530 805 II.
560 762 643 806 Sed
668 759 888 804 Psalmum
910 758 1082 804 audite?
1108 778 1128 802 «
1156 759 1199 805 Si
1219 775 1320 804 vere
1356 775 1460 819 ergo
1484 760 1697 821 justitiam
1731 759 1800 811 lo-

417 850 436 873 »
455 831 638 891 quimini
650 864 661 885 ,
678 839 794 874 recta
810 828 1020 889 judicate,
1041 828 1116 872 filii
1131 829 1395 875 hominum1.
1409 849 1430 872 η
1451 833 1549 876 Non
1567 830 1621 877 sit
1632 830 1799 890 justitia

414 902 627 946 labiorum
642 936 654 956 ,
678 900 754 945 sed
776 910 819 944 et
841 898 1072 945 factorum.
1101 901 1145 946 Si
1168 902 1282 945 enim
1310 901 1432 946 aliter
1454 902 1543 961 agis
1575 915 1710 961 quam
1729 899 1799 944 lo-

415 973 581 1034 queris,
604 972 719 1016 bona
740 971 951 1031 loqueris,
979 980 1021 1015 et
1042 971 1153 1015 male
1169 971 1354 1033 judicas.
1383 973 1425 1017 Si
1441 973 1557 1016 enim
1579 971 1668 1030 agis
1689 986 1802 1031 quo-

416 1043 547 1087 modo
578 1041 769 1102 judicas,
814 1042 1104 1100 interrogatus
1138 1041 1246 1102 quid
1274 1042 1328 1086 sit
1362 1042 1538 1097 melius,
1569 1056 1724 1086 aurum
1745 1057 1802 1094 an

416 1112 538 1167 fides,
563 1127 653 1156 non
670 1126 808 1171 usque
827 1110 934 1156 adeo
950 1127 1174 1171 perversus
1191 1121 1234 1156 et
1255 1111 1406 1157 devius
1428 1127 1470 1156 es
1499 1112 1554 1156 ab
1583 1111 1702 1156 omni
1723 1126 1802 1155 ve-

417 1182 542 1225 ritate
559 1216 570 1236 ,
590 1190 640 1225 ut
662 1196 818 1224 aurum
842 1180 996 1225 melius
1022 1196 1111 1225 esse
1132 1182 1394 1241 respondeas
1420 1201 1428 1226 :
1459 1181 1677 1241 praeponis
1697 1196 1802 1240 ergo

417 1251 705 1310 interrogatus
741 1267 847 1295 auro
880 1250 1009 1295 fidem
1028 1272 1039 1309 3
1069 1250 1240 1296 locutus
1276 1267 1319 1296 es
1349 1251 1562 1311 justitiam
1599 1271 1607 1296 :
1644 1251 1803 1295 audisti

418 1321 666 1365 Psalmum‘?
691 1341 711 1363 «
739 1321 780 1366 Si
801 1337 901 1365 vere
931 1337 1033 1380 ergo
1060 1322 1273 1381 justitiam
1306 1321 1560 1381 loquimini,
1597 1331 1713 1365 recta
1730 1322 1804 1381 ju-

419 1408 440 1432 »
466 1389 702 1445 dicate,filii
717 1391 1054 1435 hominum.>›Et
1070 1391 1145 1434 ubi
1167 1391 1362 1450 probabo
1375 1406 1465 1435 non
1479 1399 1522 1434 te
1540 1390 1600 1435 ita
1617 1399 1668 1434 ut
1683 1390 1804 1435 locu-

415 1469 486 1504 tus
508 1476 551 1504 es
567 1461 792 1520 judicare?
819 1463 915 1505 Jam
943 1470 1067 1505 teneo
1100 1462 1424 1521 responsionem
1452 1470 1600 1516 tuam,
1631 1476 1804 1520 praepo-

417 1539 593 1574 nentem
618 1546 722 1576 auro
744 1531 890 1574 fidem.
917 1534 1030 1575 Ecce
1061 1531 1205 1575 nescio
1240 1531 1359 1574 unde
1391 1531 1554 1574 amicus
1578 1532 1697 1574 venit
1716 1566 1727 1586 ‚
1761 1540 1805 1576 et

418 1598 541 1644 nuno
561 1609 668 1644 teste
691 1616 846 1644 aurum
868 1600 1211 1658 commendavit,
1240 1600 1356 1645 solus
1376 1601 1460 1644 hoc
1483 1600 1607 1645 novit
1631 1620 1640 1645 ε
1663 1610 1707 1645 et
1728 1610 1802 1656 tu,

419 1679 633 1729 quantum
657 1669 713 1714 ad
728 1670 926 1714 homines
950 1670 1118 1714 attinet.
1145 1673 1222 1714 Est
1246 1671 1308 1714 ibi
1329 1669 1436 1714 alius
1466 1670 1585 1715 testis
1615 1671 1691 1731 qui
1715 1687 1805 1715 non

417 1738 591 1783 videtur
607 1749 651 1784 et
665 1738 784 1784 videt
808 1759 816 1784 ε
840 1748 884 1783 et
896 1738 970 1782 ille
982 1740 1062 1783 tibi
1076 1756 1231 1783 aurum
1244 1740 1289 1783 in
1305 1750 1470 1785 secreto
1485 1740 1586 1784 etin
1598 1740 1805 1786 cubiculo

418 1818 517 1864 tuo,
543 1809 655 1854 forte
677 1810 850 1854 remotis
873 1810 1074 1854 omnibus
1096 1810 1290 1865 arbitris,
1311 1810 1661 1869 commendavit3
1685 1811 1805 1856 testis

418 1880 495 1939 qui
516 1879 658 1934 adest,
674 1895 764 1924 non
787 1880 832 1923 in
854 1879 1060 1924 cubiculo
1082 1879 1202 1925 adest
1223 1880 1460 1939 parietum,
1481 1880 1557 1924 sed
1576 1880 1622 1924 in
1646 1880 1804 1926 cubili-
1826 1883 1829 1886 ’

418 1950 499 1992 bus
519 1949 881 1993 conscientiarum
912 1958 1170 1992 vestrarum.
1203 1950 1536 1994 Commendavit
1565 1949 1638 1994 ille
1673 1960 1806 2011 atque

416 2018 627 2073 discessit,
653 2017 761 2061 nulli
785 2033 963 2063 suorum
984 2027 1138 2062 notum
1155 2017 1277 2073 fecit,
1295 2018 1536 2063 rediturum
1548 2035 1592 2064 se
1608 2035 1801 2080 sperans,

418 2096 461 2131 et·
478 2087 533 2131 ab
551 2087 689 2132 amico
711 2087 830 2148 quod
853 2087 1032 2133 dederat
1048 2098 1328 2148 accepturum
1355 2109 1363 2134 :
1385 2098 1435 2133 ut
1455 2090 1648 2134 humana
1670 2100 1773 2134 sunt
1789 2125 1801 2145 ,

417 2166 615 2201 mortuus
639 2166 723 2212 est,
740 2158 873 2201 habet
889 2157 1124 2213 haeredem,
1138 2158 1315 2218 reliquit
1325 2159 1463 2203 filium
1481 2160 1677 2218 ,ignorat
1688 2159 1805 2210 filius

416 2226 522 2286 quid
540 2236 661 2286 pater
677 2227 895 2281 habuerit,
912 2228 1019 2288 quid
1033 2228 1112 2271 tibi
1125 2228 1510 2273 commendaverit.
1529 2231 1607 2274 Eia
1627 2239 1676 2274 tu
1692 2230 1801 2286 redi,

416 2296 508 2340 redi
526 2299 827 2356 praevaricator
849 2298 903 2341 ad
924 2314 997 2342 cor
1012 2333 1022 2352 ,
1047 2298 1109 2342 ibi
1128 2299 1283 2358 scripta
1304 2299 1371 2343 lex
1401 2309 1463 2344 est
1491 2320 1499 2345 :
1529 2320 1549 2342 «
1572 2300 1703 2354 Quod
1723 2300 1805 2344 tibi

419 2386 438 2408 »
458 2383 546 2411 non
568 2369 629 2411 vis
651 2369 764 2423 fieri,
786 2369 855 2412 alii
873 2385 927 2413 ne
948 2368 1114 2413 feceris.
1136 2388 1156 2410 »
1177 2373 1234 2413 Te
1254 2371 1396 2429 ipsum
1414 2371 1555 2429 cogita
1578 2387 1806 2416 commen-

417 2435 538 2480 dasse
554 2472 565 2492 ,
595 2436 705 2481 nulli
736 2447 914 2483 tuorum
949 2437 1126 2491 dixisse,
1152 2448 1376 2483 mortuum
1398 2455 1514 2494 esse,
1540 2439 1679 2485 filium
1703 2440 1803 2484 reli-
1863 2475 1865 2487 2

471 2525 477 2541 ¹
500 2519 578 2551 Psal.
599 2531 675 2560 ΗΠ,
698 2529 730 2551 2.
