1889 3285
427 262 507 302 188
855 268 890 299 s.
925 269 1155 301 Anousnm
1186 272 1368 302 Emscom

419 338 548 392 citur,
576 345 628 381 ut
649 335 787 381 laetius
809 344 1082 396 agnoscatur.
1106 340 1259 382 Postea
1282 336 1453 397 aperuit
1473 335 1621 382 oculos
1649 351 1802 382 eorum
1860 355 1862 362 ’

417 409 463 452 in
479 407 690 452 fractione
707 407 848 467 panis:
870 417 1110 466 agnoscunt
1126 410 1249 452 eum¹
1270 429 1282 466 3
1301 407 1521 462 laetantur,
1541 407 1798 452 exclamant.
1860 433 1862 442 ·

421 497 441 519 «
478 477 718 522 Laetabitur
733 479 876 538 justus
904 479 950 522 in
980 477 1182 522 Domino.
1211 496 1232 519 »
1256 478 1494 524 Nuntiatur
1521 476 1695 523 cuidam
1715 476 1802 521 du-

417 549 520 593 riori
542 568 551 594 :
572 549 697 593 Visus
718 558 782 593 est
796 549 1005 593 Dominus
1020 584 1031 604 ‚
1056 549 1286 593 resurrexit
1307 549 1517 593 Dominus
1535 568 1544 593 z
1566 547 1710 593 adhuc
1730 547 1803 593 ille

416 620 549 665 tristis
576 629 664 675 est,
700 636 790 664 non
824 620 976 665 credit.
1014 638 1033 661 «
1066 620 1154 665 Nisi
1185 620 1341 665 misero
1360 656 1370 675 ‚
1409 619 1580 680 inquit,
1624 634 1803 664 manum

420 708 440 732 »
475 706 633 745 meam,
654 700 697 735 et
718 691 898 749 tetigero
915 691 1136 735 cicatrices
1154 689 1377 735 clavorum
1393 726 1404 745 ‚
1430 707 1519 735 non
1540 690 1713 735 credam
1726 694 1758 734 ².
1779 708 1799 732 »

417 761 648 805 Praebetur
658 770 701 804 et
725 776 881 821 corpus
903 760 1195 820 tangendum,
1215 761 1348 805 mittit
1370 775 1552 804 manum
1568 795 1580 814 ,
1605 769 1804 805 contrec-
1858 792 1860 797 -
1879 820 1881 831 .

416 839 503 885 tat,
529 830 738 875 exclamat
765 850 785 873 «
811 832 1019 876 Dominus
1042 846 1163 875 meus
1185 840 1227 875 et
1249 834 1363 875 Deus
1385 846 1506 876 meus
1527 850 1537 875 z
1562 831 1804 875 Laetabitur

419 918 439 941 »
467 902 610 960 justus
626 901 670 944 in
694 902 894 946 Domino.
925 921 944 944 »
972 901 1041 946 Illi
1063 917 1166 961 ergo
1186 901 1321 946 laetati
1342 910 1444 946 sunt
1460 901 1565 961 justi
1586 902 1632 945 in
1653 901 1803 946 Domi·
1858 955 1859 958 Ἴ
1877 925 1881 936 »

415 986 473 1015 no
489 1006 499 1026 ‚
525 972 601 1031 qui
624 970 827 1016 viderunt
843 1008 854 1027 ,
880 973 1117 1030 tetigerunt
1133 1008 1143 1028 ‚
1167 982 1210 1017 et
1231 972 1512 1016 crediderunt
1534 992 1542 1017 :
1569 970 1678 1032 quid
1698 972 1804 1032 justi
1877 974 1880 981 ’

415 1043 490 1102 qui
512 1042 644 1088 modo
665 1052 767 1087 sunt
782 1079 793 1098 ‚
814 1044 915 1104 quia
932 1059 1022 1088 non
1043 1044 1223 1099 vident,
1249 1043 1350 1103 quia
1373 1059 1463 1088 non
1486 1052 1690 1101 tangunt,
1714 1059 1802 1087 non

414 1111 620 1156 laetantur
640 1113 685 1157 in
721 1114 930 1157 Domino?
953 1117 1010 1158 Et
1027 1114 1104 1158 ubi
1121 1124 1185 1159 est
1203 1113 1276 1158 illa
1293 1130 1377 1158 vox
1394 1113 1569 1158 Domini
1585 1112 1640 1157 ad
1661 1113 1804 1172 ipsum

418 1184 658 1227 Thomam:
690 1203 710 1226 «
735 1184 846 1237 Quia
878 1185 1022 1228 vidisti
1055 1201 1151 1240 me,
1191 1184 1438 1242 credidisti3
1464 1184 1581 1228 beati
1609 1184 1686 1244 qui
1715 1199 1805 1228 non
1855 1202 1879 1243 ξι

420 1273 440 1296 »
476 1254 708 1309 viderunt,
735 1263 778 1298 et
808 1254 1151 1299 eredideruntss?
1172 1274 1191 1296 »
1221 1258 1338 1314 Ergo
1370 1269 1519 1299 omnes
1541 1254 1739 1299 laetemur
1760 1256 1805 1299 in
1874 1271 1879 1287 ⁴

416 1325 602 1370 Domino
619 1360 629 1380 ,
655 1340 805 1369 omnes
827 1325 1069 1370 secundum
1091 1325 1222 1369 fidem
1245 1327 1512 1386 unusjustus
1534 1326 1683 1380 simus,
1707 1341 1805 1370 om-
1854 1338 1855 1342 ’

415 1410 579 1455 nesque
599 1395 645 1439 in
663 1411 752 1440 uno
774 1411 956 1455 corpore
974 1411 1113 1440 unum
1132 1405 1264 1455 caput
1280 1396 1534 1450 habeamus,
1550 1405 1594 1440 et
1606 1395 1807 1440 laetemur
1875 1416 1879 1439 2

416 1465 462 1508 in
483 1465 668 1509 Domino
682 1479 701 1520 ,’
712 1481 802 1510 non
822 1466 867 1509 in
893 1466 1045 1510 nobis:
1071 1466 1174 1525 quia
1196 1467 1364 1510 bonum
1390 1475 1586 1510 nostrum
1616 1481 1706 1510 non
1727 1481 1806 1511 nos
1853 1467 1879 1512 ξε

416 1535 541 1579 nobis
556 1570 567 1590 ‚
598 1535 673 1579 sed
699 1535 772 1579 ille
795 1537 871 1595 qui
892 1536 995 1581 fecit
1017 1552 1110 1580 nos.
1138 1540 1235 1596 Ipse
1257 1546 1320 1581 est
1341 1536 1507 1581 bonum
1530 1547 1728 1582 nostrum
1750 1537 1806 1582 ad
1852 1531 1871 1583 3!

415 1605 697 1652 laetificandos
719 1622 811 1663 nos.
838 1610 894 1651 Et
915 1623 1044 1651 nemo
1061 1608 1233 1652 laetetur
1248 1609 1292 1652 in
1318 1623 1378 1661 se,
1399 1623 1529 1651 nemo
1550 1617 1802 1665 praesumat,
1852 1615 1854 1621 '

415 1691 544 1721 nemo
570 1676 768 1736 desperet
789 1676 843 1721 de
866 1693 938 1735 se3
962 1692 1091 1721 nemo
1113 1677 1167 1720 de
1194 1691 1420 1737 quoquam
1443 1676 1619 1721 homine
1636 1712 1646 1732 ‚
1673 1693 1806 1738 quem

416 1747 548 1791 debet
568 1746 784 1791 adducere
807 1756 857 1791 ut
873 1747 1013 1791 socius
1030 1747 1083 1790 sit
1099 1746 1190 1805 spei
1205 1746 1360 1805 ipsius,
1385 1761 1475 1790 non
1496 1745 1622 1791 dator
1637 1748 1739 1807 spei.
1852 1745 1853 1750 ’

475 1819 642 1861 XVIII.
664 1816 905 1861 Laetabitur
918 1818 1059 1876 justus
1075 1817 1121 1859 in
1139 1817 1340 1871 Domino,
1355 1825 1398 1860 et
1410 1816 1657 1876 sperabitin
1673 1832 1774 1861 eum
1790 1839 1802 1876 3
1850 1812 1853 1830 ³

420 1906 439 1928 >1
475 1896 519 1931 et
531 1885 832 1930 laudabuntur
845 1901 995 1930 omnes
1017 1887 1095 1946 qui
1114 1886 1219 1931 recti
1241 1896 1343 1930 sunt
1363 1885 1528 1931 corde4.
1549 1905 1569 1928 »
1590 1889 1614 1931 J
1619 1902 1686 1931 am
1700 1887 1803 1947 quia
1850 1875 1852 1894 ξ

416 1956 628 2001 Dominus
656 1957 910 2011 resurrexit,
940 1958 1030 2016 jam
1066 1956 1169 2016 quia
1203 1956 1396 2001 ascendit
1424 1957 1470 2000 in
1501 1956 1691 2012 coelum,
1712 1958 1804 2018 jam

417 2026 519 2086 quia
540 2026 729 2070 ostendit
747 2042 836 2070 esse
861 2026 989 2070 aliam
1013 2027 1168 2081 vitam,
1192 2029 1283 2087 jam
1305 2027 1408 2086 quia
1437 2027 1717 2071 manifestum
1741 2036 1805 2072 est
1848 2040 1851 2085 j

417 2096 593 2142 consilia
617 2099 707 2158 ejus
722 2133 733 2153 ‚
758 2098 918 2158 quibus
938 2097 1068 2142 latuit
1088 2097 1218 2142 corde
1241 2097 1350 2152 alto,
1377 2113 1465 2141 non
1489 2096 1618 2142 fuisse
1634 2098 1802 2153 inania,
1848 2140 1850 2145 .

418 2166 519 2228 quia
540 2166 638 2213 ideo
666 2169 838 2226 sanguis
871 2167 944 2213 ille
978 2167 1098 2213 fusus
1121 2177 1183 2212 est
1211 2178 1261 2213 ut
1283 2179 1392 2212 esset
1412 2169 1600 2228 pretium
1627 2168 1803 2213 redem-

417 2250 615 2301 ptorum3
638 2242 728 2301 jam
747 2243 848 2301 quia
867 2240 1095 2286 manifesta
1126 2251 1228 2285 sunt
1249 2241 1392 2286 omnia
1410 2276 1421 2296 ‚
1446 2242 1549 2301 quia
1570 2241 1804 2301 praedicata
1822 2266 1825 2269 ·

417 2319 520 2356 sunt
547 2311 719 2366 omnia,
755 2312 856 2372 quia
884 2310 1046 2356 credita
1080 2321 1182 2356 sunt
1216 2311 1360 2356 omnia
1380 2346 1391 2365 ,
1427 2311 1509 2355 sub
1542 2313 1661 2356 omni
1690 2312 1803 2357 coelo
1846 2348 1848 2350 >

422 2401 443 2423 «
477 2381 717 2424 Laetabitur
735 2383 875 2441 justus
892 2382 937 2426 in
956 2382 1157 2437 Domino,
1178 2391 1222 2426 et
1234 2381 1423 2441 sperabit
1443 2382 1488 2426 in
1511 2397 1634 2439 cum3
1653 2392 1696 2427 et
1714 2382 1803 2427 lau-

421 2469 441 2492 »
478 2449 702 2495 dabuntur
724 2467 873 2496 omnes
901 2452 976 2512 qui
1002 2453 1108 2496 recti
1129 2461 1231 2509 sunt
1252 2452 1397 2496 corde.
1422 2470 1442 2493 »
1469 2452 1554 2505 Qui
1579 2464 1677 2496 sunt
1697 2453 1803 2497 recti
1844 2453 1847 2514 J

419 2520 579 2566 corde?
601 2522 678 2566 Eia
693 2557 704 2577 ,
729 2522 880 2566 fratres
910 2522 993 2566 mei
1008 2558 1019 2578 ,
1049 2538 1218 2583 semper
1239 2522 1419 2567 dicimus
1434 2558 1445 2578 ‚
1476 2532 1520 2568 et
1550 2523 1717 2567 bonum
1739 2532 1803 2568 est
1843 2557 1846 2586 ξ

466 2612 474 2627 ¹
493 2607 571 2636 Luc.
588 2616 673 2645 xxiv,
699 2605 755 2637 16-
767 2605 815 2646 56.
837 2622 876 2628 ——
898 2610 909 2629 ²
932 2607 1019 2638 Joan.
1038 2617 1102 2647 xxi,
1124 2604 1422 2647 r›.3.-³11›i‹l.0.9.
1442 2623 1482 2630 -
1504 2605 1516 2636 >i
1537 2607 1603 2638 Psal
1639 2617 1724 2649 mn,
1746 2618 1792 2638 Η.
