1889 3285
222 276 464 307 ENAnRAno
494 280 510 305 1
541 279 587 306 m
618 269 820 306 rsALMUM
852 278 1014 316 valn,
1047 274 1186 304 sEnMo
1216 276 1247 305 1.
1356 262 1437 302 311

64 334 280 400 obruitur,
313 344 523 388 miraturo
562 342 729 387 mundo
763 342 888 388 oleris
918 339 1291 401 magnitudinem‘,
1320 341 1444 401 cujus

63 406 189 460 oleris
208 421 354 458 semen
367 418 667 472 ‘contemptum
690 419 753 457 est
774 428 797 456 a
821 415 847 457 J
851 411 998 457 udaeis.
1013 404 1179 455 Revera
1200 407 1316 454 ‘eniin
1337 424 1444 455 con-⁷

63 477 247 530 siderate
279 499 427 528 semen
464 483 622 542 sinapis
649 483 868 527 minutum
889 517 899 537 ,
940 480 1139 536 fuscum,
1174 478 1443 541 aspernabile

60 563 236 617 prorsus
253 591 264 611 ,
298 564 348 599 ut
375 555 437 599 ibi
466 553 699 614 impleatur
726 554 846 615 quod
874 551 1040 598 dictum
1068 560 1131 596 est
1156 558 1167 597 ἐ
1197 567 1214 592 c<
1244 551 1442 596 Vidimus

64 636 84 669 ›·›
119 641 236 682 eum,
251 636 295 671 et
315 634 405 671 non
421 626 613 670 habebat
633 627 819 689 speciem
834 635 977 685 neque
999 618 1241 668 decorem1.
1264 640 1281 663 »
1299 618 1443 683 Aquas

62 697 206 742 autem
227 698 407 742 intrasse
429 713 568 758 usque
590 697 646 740 ad
662 697 849 741 animam
874 710 995 740 suam
1017 693 1122 739 dicit
1138 705 1146 735 t
1164 693 1265 753 q'uia
1286 702 1444 752 potue-

16 784 17 788 *
61 776 165 813 runt
188 767 275 812 illae
297 768 437 812 turbae
453 803 463 823 ‚
494 780 600 828 quas
622 781 833 828 aquarum
853 767 1031 811 nomine
1053 764 1310 825 significavit
1324 799 1334 819 ‚
1357 763 1444 808 huc

60 853 197 899 usque
218 838 473 898 praevalere,
506 847 556 883 ut
584 838 830 883 occiderent
858 830 1094 882 Christum.
1117 834 1448 880 Praevaluerunt

14 927 16 934 2
61 907 116 953 ad
144 903 513 953 contemnendum
529 944 539 963 ‚
566 909 620 952 ad
645 907 885 952 tenendum
905 943 916 962 ,
942 900 996 951 ad
1019 905 1245 966 ligandum
1261 941 1271 961 ,
1297 904 1352 949 ad
1374 905 1445 948 in-

59 970 332 1034 sultandum,
358 978 412 1022 ad
430 978 814 1038 colaphizandum,
841 976 895 1022 ad
916 974 1262 1036 conspuendum.
1288 975 1446 1020 Adhuc

60 1050 491 1112 quousquePAUsque
524 1048 577 1092 ad
600 1058 801 1093 mortem.
828 1051 945 1106 Ergo
984 1066 1000 1087 «
1024 1046 1292 1090 Introierunt
1320 1051 1446 1105 aquae

64 1131 83 1160 >5
118 1129 257 1178 usque
288 1117 343 1163 ad
373 1119 561 1163 animam
593 1131 749 1162 meam.
776 1138 793 1158 »
821 1120 944 1161 Hanc
982 1116 1144 1177 quippe
1172 1115 1307 1159 vitam
1340 1114 1447 1160 dixit

0 1207 14 1257 ‚⁸
59 1188 247 1233 animam
270 1199 392 1233 suam
409 1224 418 1240 ‚
446 1200 677 1249 ‘quousque
713 1187 776 1231 illi
805 1186 1008 1232 accedere
1042 1186 1258 1231 saeviendo
1287 1196 1446 1246 potue-

3 1310 12 1318 ,
59 1269 177 1304 runt.
213 1259 296 1304 Sed
326 1258 543 1319 numquid
571 1259 654 1303 hoc
684 1267 860 1318 possent
878 1293 889 1311 ‚
921 1257 1001 1301 nisi
1033 1257 1088 1301 ab
1110 1258 1201 1317 ipso
1222 1258 1446 1317 permitte-

0 1324 1 1329 *
57 1331 238 1373 rentur?
268 1328 392 1373 Unde
428 1344 529 1388 ergo
556 1337 765 1388 tanquam
796 1325 960 1388 aliquid
981 1327 1139 1371 invitus
1162 1327 1351 1387 patiatur
1384 1328 1444 1372 sic

14 1447 18 1460 ἱ
57 1396 240 1454 clamat,
265 1398 346 1442 nisi
378 1399 479 1459 quia
501 1407 633 1458 caput
661 1398 857 1442 membra
891 1413 966 1442 sua
991 1398 1269 1457 praefigurat?
1292 1394 1443 1443 Passus

2 1491 9 1496 =
58 1479 122 1514 est
142 1469 305 1530 quippe
322 1469 410 1525 ille,
431 1469 533 1529 quia
549 1468 709 1527 voluit3
733 1472 946 1527 Martyres
964 1482 1090 1524 vero,
1109 1469 1273 1513 etiamsi
1290 1464 1445 1514 nolue-

58 1550 176 1585 runt.
209 1544 335 1585 Petro
357 1554 546 1601 namque
569 1541 627 1584 ita
650 1539 852 1600 praedixit
876 1540 1118 1600 passionem
1135 1550 1278 1584 suam:
1301 1543 1445 1585 «Cum

63 1624 80 1653 >5
115 1611 330 1665 senueris,
366 1611 536 1670 inquit,
571 1610 680 1655 'alius
708 1619 750 1654 tc
775 1611 1013 1670 praecinget
1031 1646 1041 1665 ‚
1069 1620 1113 1655 et
1141 1609 1251 1654 feret
1279 1626 1367 1671 quo
1395 1620 1445 1655 tu

62 1700 81 1723 »
115 1695 206 1725 non
226 1681 333 1725 vis‘2.
366 1701 382 1721 »
410 1684 668 1740 Quanquam
704 1681 821 1724 enim
849 1681 1021 1725 Christo
1048 1681 1260 1724 inhaerere
1289 1682 1443 1741 cupia-

6 1770 9 1773 ’
57 1766 175 1806 111113,
204 1751 315 1795 mori
342 1760 488 1794 tamen
517 1744 721 1794 nolumus
743 1770 751 1795 :
783 1759 826 1794 et
847 1750 945 1793 ideo
968 1747 1170 1806 libenter,
1207 1748 1277 1795 vel
1298 1752 1444 1811 potius

3 1837 5 1839 ·
56 1821 270 1881 patienter
301 1822 506 1880 patimur,
544 1820 645 1880 quia
680 1819 787 1864 alius
823 1820 1026 1863 transitus
1061 1832 1151 1863 non
1186 1818 1330 1877 datur,
1366 1835 1443 1881 per

0 1931 1 1934 ,
57 1901 189 1952 quem
206 1891 377 1936 Christo
391 1891 699 1934 cohaereamus.
721 1893 829 1934 Nam
853 1891 886 1933 si
903 1905 1124 1950 possemus
1143 1890 1266 1934 aliter
1286 1907 1443 1951 perve-

0 1973 1 1976 ’
44 1961 151 2023 nire
172 1961 226 2005 ad
249 1962 468 2006 Christum
487 1997 497 2016 ‚
523 1960 569 2004 id
593 1970 677 2015 est,
705 1959 760 2004 ad
781 1960 913 2004 vitam
937 1969 1167 2016 aeternam,
1193 1961 1289 2021 quis
1312 1961 1444 2007 vellet

0 2046 4 2051 ·
55 2034 186 2078 mori?
195 2036 402 2078 Naturam
411 2033 573 2093 quippe
581 2041 789 2087 nostram,
800 2032 845 2075 id
855 2040 931 2086 est,
943 2032 1208 2076 consortium
1221 2032 1443 2093 quoddam

0 2134 1 2139 ,
56 2104 210 2148 animae
228 2112 270 2147 et
291 2104 497 2163 corporis,
519 2113 561 2147 et
580 2102 815 2163 quamdam
832 2102 877 2145 in
899 2104 964 2146 his
988 2102 1160 2147 duobus
1183 2102 1443 2149 familiarita-

55 2184 144 2219 tem
161 2174 543 2232 conglutinationis
567 2183 699 2235 atque
722 2174 988 2234 compaginis
1015 2190 1232 2234 exponens
1250 2175 1442 2235 quodam

54 2245 152 2290 loco
173 2244 422 2305 Apostolus,
448 2244 507 2289 ait
526 2245 687 2289 habere
714 2261 793 2289 nos
817 2245 997 2288 domum
1020 2261 1109 2289 non
1126 2246 1437 2301 manufactam,

57 2325 262 2359 aeternam
293 2316 338 2358 in
373 2314 491 2359 ecelis
517 2334 526 2360 ε
557 2314 603 2359 id
635 2324 725 2370 est,
756 2314 1124 2359 immortalitatem
1153 2326 1439 2376 praeparatam

56 2386 180 2430 1101113
195 2421 205 2440 ,
237 2401 322 2445 qua
349 2384 563 2429 induendi
587 2401 735 2429 sumus
754 2385 799 2429 in
823 2386 934 2440 fine,
961 2401 1061 2430 cum
1084 2387 1440 2430 resurrexerimus

58 2472 80 2500 a
101 2457 282 2500 mortuis
302 2477 312 2513 3
336 2466 379 2500 et
399 2456 457 2500 ait
479 2472 488 2497 ε
519 2475 536 2496 «
563 2459 612 2500 In
632 2473 718 2517 quo
745 2456 947 2500 nolumus
967 2457 1139 2516 spoliari
1155 2493 1164 2511 ,
1196 2452 1269 2501 sed
1287 2473 1438 2516 super-

64 2546 79 2566 »
113 2526 279 2579 vestiri,
305 2536 355 2570 ut
377 2526 659 2570 absorbeatur
677 2526 857 2571 mortale
880 2543 901 2570 a
919 2526 1048 2570 vita³.
1069 2549 1084 2567 »
1106 2528 1147 2571 Si
1165 2528 1254 2570 ficri
1275 2536 1432 2585 posset.

106 2611 198 2641 'lsai'¹
220 2622 285 2650 1111,
307 2620 324 2642 ‘2
356 2628 395 2632 -—
418 2618 429 2631 ⁷
447 2614 534 2641 Joan.
559 2623 619 2641 xri.
644 2611 679 2641 18
717 2628 757 2632 —
778 2609 787 2631 3
810 2612 901 2640 acm-
930 2623 961 2642 τ.
989 2623 995 2640 1
1023 2615 1052 2638 ot
1078 2610 1099 2649 ξ
