1889 3285
403 217 486 257 422
835 226 868 254 s.
905 226 1135 256 Aucus-rim
1168 230 1348 257 Enscom

401 308 494 338 rem
524 290 739 351 populum
774 291 921 336 Israel.
949 291 1072 335 Idem
1107 292 1197 351 ipse
1219 308 1322 353 ergo
1342 294 1538 339 Christus
1563 294 1788 339 descendit

404 364 516 408 sicut
530 362 677 421 pluvia
700 362 746 405 in
771 361 932 417 vellus,
957 377 1057 405 cum
1080 361 1224 408 adhuc
1245 380 1343 408 area
1366 365 1478 409 sicca
1498 374 1609 410 esset
1633 384 1643 410 ε
1666 365 1786 409 unde

402 434 533 480 etiam
568 432 676 477 dixit
703 451 712 477 ε
742 451 762 475 «
786 435 883 478 Non
907 449 1003 477 sum
1028 433 1182 478 missus
1197 434 1279 478 nisi
1295 435 1351 479 ad
1371 451 1471 481 oves
1491 471 1502 491 ,
1526 451 1624 496 quae
1645 436 1786 496 perie—

402 523 424 548 11
461 513 566 549 runt
587 503 743 549 domus
763 504 974 549 Israe11.»
992 505 1062 549 Ibi
1081 515 1266 550 matrem
1287 506 1342 550 de
1363 524 1449 568 qua
1471 507 1657 552 formam
1677 507 1788 552 servi

407 575 642 635 acciperet,
667 575 714 617 in
735 590 821 635 qua
837 575 1088 619 hominibus
1110 586 1337 636 appareret
1353 612 1364 632 ‚
1389 576 1520 636 elegit
1540 597 1549 622 :
1577 577 1638 621 ibi
1658 577 1787 622 Disci-

399 646 528 707 pulos
550 645 710 706 quibus
730 646 814 690 hoc
835 644 954 689 idem
970 646 1179 705 praecepit
1194 681 1205 701 ,
1226 645 1374 691 dicens
1395 667 1404 692 z
1426 666 1446 690 «
1471 651 1523 691 In
1545 648 1657 692 viam
1675 649 1789 692 Gen-

404 735 424 758 »
460 718 570 760 tium
599 731 653 759 ne
687 716 906 770 abieritis,
952 725 998 759 et
1034 715 1080 760 in
1116 716 1309 761 civitates
1342 718 1709 762 Samaritanorum
1731 734 1787 762 ne

400 805 422 829 11
457 787 707 831 introieritis
735 806 744 831 ε
770 787 829 831 ite
852 787 1042 847 primuni
1061 787 1116 832 ad
1139 803 1238 832 oves
1266 804 1366 848 quae
1387 789 1613 848 perierunt
1632 789 1788 834 domus

402 875 425 900 »
460 856 639 902 Israe'12.
667 875 687 898 »
709 859 820 902 Cum
844 857 949 902 dicit
970 877 978 902 :
1009 876 1029 900 «
1054 861 1120 903 Ite
1140 859 1329 918 primum
1349 859 1404 903 ad
1419 859 1536 915 illas,
1555 878 1575 903 1)
1601 859 1791 904 ostendit

404 937 448 972 et
469 937 639 987 postea,
662 943 763 971 cum
795 931 887 988 J'am
915 937 1025 974 esset
1063 945 1161 973 area
1196 929 1516 990 compluenda,
1552 932 1689 976 ituros
1720 947 1792 976 eos

403 999 535 1043 etiam
568 997 624 1042 ad
657 997 760 1042 alias
792 1014 914 1050 oves,
953 1016 1054 1059 quae
1082 1015 1173 1044 non
1200 1011 1341 1045 essent
1378 1018 1428 1046 ex
1459 1002 1596 1046 veteri
1625 1001 1791 1062 populo

404 1069 537 1114 Israel
551 1104 562 1125 ,
588 1069 643 1113 de
663 1069 824 1129 quibus
846 1070 952 1114 dicit
977 1089 986 1115 :
1016 1070 1205 1115 «Habeo
1223 1071 1325 1115 alias
1343 1087 1443 1116 oves
1457 1088 1557 1132 quae
1578 1088 1667 1117 non
1690 1082 1792 1116 sunt

403 1158 425 1182 11
461 1155 512 1184 ex
535 1141 620 1184 hoc
637 1140 767 1195 ovili,
793 1149 967 1200 oportet
984 1157 1055 1185 me
1073 1152 1117 1186 et
1134 1143 1245 1202 ipsas
1268 1141 1506 1198 adducere,
1531 1153 1583 1187 ut
1604 1144 1657 1188 sit
1678 1159 1792 1188 uuus

405 1231 426 1253 »
464 1226 565 1270 grex
582 1221 624 1255 et
650 1227 765 1256 unus
785 1214 972 1271 pastor-⁷³.
996 1213 1108 1257 Hinc
1130 1223 1174 1257 et
1194 1214 1428 1273 Apostolus
1454 1233 1463 1258 :
1493 1234 1512 1256 «
1535 1215 1639 1259 Dico
1656 1216 1788 1269 enim,

406 1300 428 1324 »
444 1281 447 1283 ’
463 1282 623 1342 inquit,
638 1283 862 1327 Christum
884 1283 1133 1327 ministrum
1150 1283 1282 1328 fuisse
1304 1284 1640 1329 circumcisionis
1660 1301 1793 1345 prop-

406 1371 426 1393 »
462 1361 528 1396 ter
559 1353 788 1397 veritatem
821 1354 927 1408 Dei,
953 1352 1009 1396 ad
1041 1353 1360 1398 confirmandas
1376 1355 1680 1413 promissiones
1709 1371 1790 1415 pa-

403 1441 425 1463 »
461 1431 596 1466 trum.
617 1439 638 1463 11
668 1422 737 1466 Sic
759 1422 906 1481 pluvia
922 1421 1147 1467 descendit
1167 1439 1297 1482 super
1317 1423 1455 1468 vellus
1470 1459 1483 1479 ,
1507 1425 1619 1469 sicca
1646 1424 1790 1470 adhuc

401 1509 514 1538 area.
543 1494 628 1539 Sed
649 1494 858 1553 quoniam
890 1495 1086 1554 sequitur
1108 1513 1117 1539 z
1146 1514 1166 1537 «
1192 1496 1353 1539 Gentes
1385 1505 1532 1540 autem
1559 1511 1688 1556 super
1708 1497 1792 1541 mi-

403 1582 424 1606 »
460 1564 691 1608 sericordia
715 1563 955 1621 glorificare
977 1565 1141 1609 Deum4
1166 1584 1176 1608 :
1204 1582 1225 1606 »
1251 1574 1302 1608 ut
1333 1564 1566 1610 accedente
1595 1571 1791 1626 tempore

403 1634 697 1694 compleretur
714 1633 834 1694 quod
856 1649 933 1693 per
954 1636 1218 1693 Prophetam
1240 1635 1345 1679 dicit
1370 1654 1380 1680 ι
1400 1654 1420 1677 «
1445 1631 1639 1695 Populus
1659 1652 1792 1697 quem

410 1723 430 1745 »
466 1720 557 1749 non
577 1705 763 1763 cognovi
785 1704 960 1748 servivit
980 1704 1109 1759 mihi,
1135 1705 1181 1747 in
1219 1704 1435 1749 obauditu
1466 1705 1581 1749 auris
1601 1705 1795 1752 obedivit

405 1794 426 1817 »
461 1775 569 1819 mihi
588 1777 602 1801 ⁵
624 1794 633 1819 :
662 1793 682 1815 »
703 1775 901 1819 videmus
914 1776 1003 1835 jam
1024 1775 1160 1833 gratia
1181 1775 1342 1820 Christi
1363 1776 1521 1820 siccam
1541 1778 1794 1822 remansisse

406 1856 579 1904 gentem
602 1845 857 1889 ,Iudaeorum
874 1881 885 1900 ‚
911 1855 1142 1906 totumque
1168 1846 1319 1890 orbem
1339 1856 1553 1891 terrarum
1582 1848 1626 1891 in
1649 1849 1793 1893 omni-

402 1918 485 1961 bus
518 1916 720 1975 gentibus
748 1916 992 1960 christianae
1025 1917 1172 1974 gratiae
1206 1915 1345 1975 plenis
1365 1917 1560 1962 nubibus
1581 1917 1789 1978 complui.

409 1987 502 2033 Alio
526 1987 689 2047 quippe
710 1987 847 2032 verbo
864 1986 1061 2031 eamdem
1083 1987 1277 2046 pluviam
1300 1988 1555 2047 significavit
1571 2025 1581 2044 ‚
1606 1988 1754 2034 dicens
1780 2009 1789 2035 :

407 2078 428 2100 «
463 2059 610 2101 Guttae
631 2057 841 2102 stillantes
868 2077 877 2103 :
904 2076 925 2099 »
951 2073 1041 2102 non
1058 2059 1148 2118 jam
1170 2074 1299 2117 super
1317 2058 1472 2113 vellus,
1492 2058 1590 2114 sed,
1615 2078 1635 2101 «
1655 2062 1792 2120 Super

404 2147 424 2170 »
461 2137 635 2172 terram.
659 2146 679 2169 11
702 2128 819 2181 Quid
840 2137 904 2172 est
935 2128 1051 2172 enim
1074 2127 1192 2172 aliud
1213 2127 1360 2188 pluvia
1381 2144 1515 2189 quam
1538 2139 1674 2188 guttae
1695 2129 1790 2175 stil-

401 2198 567 2243 lantes?
590 2199 696 2244 Ideo
720 2209 866 2244 autem
887 2199 1007 2244 illam
1039 2210 1213 2258 gentem
1231 2199 1402 2245 velleris
1421 2200 1599 2244 nomine
1621 2200 1789 2260 signifi*-

401 2270 488 2314 cari
509 2279 633 2329 puto,
647 2269 716 2314 vel
738 2271 839 2330 quia
855 2271 1111 2330 expolianda
1127 2271 1271 2316 fuerat
1288 2271 1543 2315 auctoritate
1558 2271 1786 2327 doctrinae,

402 2341 512 2386 sicut
549 2340 639 2385 ovis
661 2340 905 2400 expoliatur
934 2340 1123 2400 vellere3
1147 2342 1218 2387 vel
1239 2342 1340 2403 quia
1356 2341 1403 2385 in
1420 2340 1568 2386 abdito
1590 2341 1789 2386 eamdem

449 2466 459 2481 ¹
486 2459 597 2491 Matth.
618 2470 674 2500 xv,
700 2458 807 2501 24.—
827 2467 839 2482 ²
863 2461 908 2492 Id.
926 2471 959 2502 x,
979 2460 1011 2501 5,
1029 2460 1062 2493 6.
1086 2477 1126 2483 -
1148 2458 1161 2483 3
1178 2463 1269 2493 Joan.
1294 2472 1325 2502 x,
1348 2461 1398 2493 16.
1421 2459 1490 2490 -4
1509 2463 1602 2494 Rom.
1621 2472 1676 2502 xv,
1697 2461 1732 2503 8,
1748 2471 1782 2505 9.

406 2532 448 2537 —-
470 2507 484 2530 6
507 2514 584 2546 psal.
611 2526 692 2555 xvu,
717 2514 771 2556 45.
