1889 3285
441 247 523 288 348
869 257 902 284 s.
939 254 1168 286 Aucus'nm
1200 258 1382 286 Emscom

440 344 460 366 »
496 322 641 377 dedit,
666 322 876 367 Dominus
892 322 1086 367 abstulit.
1115 341 1134 364 »
1155 325 1270 381 Ergo
1286 323 1415 366 miser
1430 320 1661 366 remansit?
1678 319 1817 364 Absit.
1852 316 1856 352 ἶ

437 393 546 438 Vide
579 391 746 436 divitias
774 411 782 437 :
812 412 832 434 «
856 393 975 437 Sicut
996 392 1182 437 Domino
1210 391 1403 452 placuit,
1440 392 1500 436 ita
1527 391 1694 436 factum
1731 399 1820 446 est3
1853 422 1856 432 .

436 481 457 504 »
492 464 545 507 sit
578 478 739 507 nomen
770 463 943 507 Domini
970 462 1296 507 benedictum1.
1324 463 1536 508 Laudabo
1557 476 1720 507 nomen
1746 461 1823 505 Dei
1854 459 1888 507 U

438 551 459 576 »
496 549 597 578 cum
624 533 816 589 cantico,
842 533 1131 591 magnificabo
1149 548 1249 577 eum
1265 532 1468 578 inlaude.
1493 551 1514 574 »

493 608 613 649 XVI.
646 625 665 647 «
695 608 752 649 Et
780 569 970 665 placebit
1003 608 1128 649 Deo:
1152 623 1173 646 »
1197 606 1282 649 hoc
1315 604 1438 665 quod
1470 620 1572 649 eum
1606 603 1821 658 laudabo,

437 675 657 736 placebit:
689 695 706 716 «
739 678 875 734 Super
899 673 1087 720 vitulum
1106 674 1359 730 novellum,
1392 691 1554 720 cornua
1583 674 1826 734 producen-

438 765 458 787 »
495 755 583 790 tem
607 755 650 789 et
677 745 864 804 ungulas
879 749 910 789 ².
936 764 956 786 »
977 746 1149 789 Gratius
1176 744 1237 789 illi
1267 745 1347 789 erit
1369 745 1626 789 sacrificium
1653 743 1793 788 laudis
1810 778 1822 798 ,
1854 747 1857 786 ζ

438 832 572 876 quam
594 816 850 860 sacrificium
863 815 1004 860 vituli.
1021 835 1041 857 «
1060 816 1303 861 Sacificium
1315 815 1455 860 laudis
1468 814 1725 874 glorificabit
1738 830 1823 869 me,

440 904 460 927 »
497 895 539 929 et
561 886 619 929 ibi
636 886 705 930 via
727 886 853 930 estin
874 901 960 946 qua
983 884 1208 930 ostendam
1236 885 1299 929 illi
1330 885 1516 929 salutare
1533 885 1620 928 Dei.
1645 883 1826 928 Immola
1886 885 1889 894 ”’

438 975 458 997 »
494 959 584 1000 Deo
607 956 863 1000 sacrificium
881 955 1022 1000 laudis
1042 990 1053 1012 ,
1079 965 1121 1000 et
1144 955 1278 999 redde
1305 955 1526 1001 Altissimo
1543 964 1643 999 vota
1658 955 1774 998 tua3.
1803 972 1822 995 »

436 1030 554 1087 Ergo
575 1026 764 1072 laudabo
782 1031 921 1072 Deum
945 1048 956 1086 3
981 1036 1024 1071 et
1044 1026 1142 1087 plus
1160 1027 1198 1070 ei
1212 1026 1402 1086 placebit
1423 1042 1556 1086 quam
1572 1025 1734 1071 vitulus
1748 1040 1827 1069 no-

436 1097 597 1153 vellus,
629 1113 793 1142 cornua
815 1098 1062 1158 producens
1091 1106 1134 1141 et
1162 1096 1362 1155 ungulas.
1387 1095 1586 1156 Amplius
1608 1111 1710 1155 ergo
1731 1095 1827 1155 pla·
1856 1108 1871 1119 ¹*

437 1168 554 1212 cebit
575 1171 665 1212 Deo
687 1167 782 1212 laus
794 1169 885 1228 ejus
896 1168 1042 1212 exiens
1057 1167 1111 1212 de
1125 1183 1322 1223 oremeo⁷
1342 1182 1475 1227 quam
1488 1181 1644 1224 magna
1654 1166 1828 1211 victima
1855 1180 1858 1199 2

437 1238 627 1282 adducta
645 1237 701 1282 ad
722 1253 839 1282 aram
856 1238 1002 1297 ipsius.
1023 1241 1092 1282 An
1110 1236 1276 1298 aliquid
1298 1237 1352 1281 de
1366 1237 1568 1281 cornibus
1591 1245 1634 1281 et
1654 1235 1828 1294 ungulis
1855 1227 1858 1274 ἶ

433 1308 559 1353 vituli
580 1309 709 1368 hujus
728 1308 966 1353 dicendum
983 1309 1165 1361 estPQui
1178 1308 1289 1351 bene
1301 1308 1537 1352 instructus
1551 1316 1630 1362 est,
1643 1316 1686 1352 et
1698 1305 1828 1351 laude
1856 1322 1857 1340 l

440 1379 517 1422 Dei
532 1378 767 1437 opulentus
779 1413 789 1433 ,
811 1388 854 1422 et
868 1394 1031 1422 cornua
1054 1377 1187 1422 debet
1198 1377 1359 1421 haber-e
1372 1377 1531 1438 quibus
1540 1376 1829 1421 adversarium

441 1449 644 1504 ventilet,
665 1458 708 1492 et
730 1448 915 1508 ungulas
930 1449 1088 1508 quibus
1101 1457 1259 1492 terram
1272 1447 1445 1492 excitet.
1460 1448 1601 1492 Nostis
1618 1447 1734 1490 enim
1748 1448 1829 1491 hoc
1855 1453 1889 1486 Μ·

441 1518 583 1564 facere
605 1519 762 1563 vitulos
786 1520 1072 1579 pubescentes
1086 1555 1096 1574 ‚
1112 1529 1155 1563 et
1172 1520 1218 1562 in
1229 1519 1445 1563 taurinam
1463 1518 1688 1562 audaciam
1702 1534 1830 1577 gran-
1872 1545 1873 1550 =

442 1589 679 1634 descentes.
705 1592 813 1634 Nam
834 1589 934 1633 ideo
963 1589 1162 1633 novellus
1184 1598 1270 1644 est,
1296 1597 1473 1648 propter
1497 1588 1630 1640 vitam
1652 1603 1825 1632 novam.
1856 1583 1858 1618 ἕ

441 1661 611 1720 Aliquis
635 1676 738 1719 ergo
760 1661 989 1704 haereticus
1011 1659 1124 1704 forte
1156 1658 1441 1714 contradicit,
1467 1659 1673 1703 cornibus
1687 1659 1828 1703 venti-
1888 1672 1889 1681 ¹

440 1731 570 1775 letur.
599 1730 720 1775 Alius
740 1746 829 1774 non
847 1730 1130 1785 contradicit,
1156 1728 1232 1774 sed
1254 1738 1400 1773 tamen
1426 1738 1648 1773 terrenum
1664 1729 1830 1788 abjecte
1869 1742 1875 1749 ·

443 1801 554 1861 sapit
574 1836 584 1854 ,
616 1800 792 1859 ungulis
822 1800 1047 1844 excitetur.
1084 1802 1201 1858 Ergo
1229 1814 1358 1859 super
1385 1801 1503 1843 hunc
1531 1798 1718 1843 vitulum
1752 1798 1829 1842 tibi
1850 1790 1857 1831 s

440 1872 632 1932 placebit
653 1871 846 1916 laudatio
865 1887 961 1915 mea
973 1906 983 1926 ,
1005 1873 1096 1932 jam
1119 1870 1193 1915 illa
1210 1880 1308 1931 post
1321 1879 1622 1930 paupertatem
1640 1879 1684 1914 et
1702 1869 1828 1915 dolo-

442 1958 534 1987 rem
563 1943 608 1985 in
639 1951 801 1986 aeterna
821 1942 1024 1986 societate
1046 1941 1315 2000 Angelorum
1331 1976 1341 1996 ,
1367 1941 1443 1985 ubi
1465 1956 1545 1985 nec
1563 1940 1828 1986 adversarius
1856 1954 1857 1958 ¹

443 2013 524 2056 crit
552 2013 598 2056 in
629 2012 862 2056 certamine
896 2011 1196 2066 ventilandus,
1231 2026 1313 2056 nec
1339 2012 1461 2071 piger
1488 2010 1543 2056 de
1572 2021 1683 2056 terra
1713 2011 1829 2056 exci-
1856 2007 1858 2040 ἶ

448 2083 618 2126 tandus.

504 2156 647 2197 XVII.
679 2152 907 2197 «Videant
938 2153 1112 2211 inopes,
1143 2162 1186 2197 et
1221 2152 1426 2197 laetentui
1443 2154 1474 2196 4.
1502 2171 1522 2193 n
1545 2151 1758 2207 Credant
1788 2159 1830 2196 et

444 2239 518 2282 spe
541 2224 773 2281 gaudeant
800 2223 960 2280 Magis
951 2238 1099 2281 mopes
1117 2223 1227 2277 sint,
1252 2232 1303 2266 ut
1328 2223 1509 2266 saturali
1541 2232 1824 2267 mereantur.

445 2308 500 2336 ne
523 2308 624 2336 cum
647 2293 859 2351 superbiae
876 2292 1067 2350 saginam
1090 2257 1282 2347 ructant,
1310 2301 1492 2349 negetur
1519 2292 1578 2335 eis
1600 2292 1720 2351 panis
1743 2307 1829 2357 tLuo

446 2363 674 2406 salubriter
694 2363 856 2406 vivant.
887 2383 906 2405 «
927 2362 1113 2415 Quaerite
1131 2327 1367 2405 Domiiium
1383 2397 1393 2416 ,
1422 2380 1441 2402 ›‚
1465 2361 1637 2420 inopes,
1654 2362 1825 2416 esurite,
1855 2343 1858 2386 l

446 2442 490 2476 et
514 2433 629 2477 sitite
647 2436 684 2491 ⁵3
718 2433 808 2492 ipse
834 2443 898 2478 est
919 2433 1035 2477 enim
1057 2433 1179 2493 panis
1200 2433 1322 2477 vivus
1340 2433 1416 2493 qui
1438 2432 1492 2476 de
1514 2432 1628 2477 coelo
1649 2432 1829 2477 descen·
1856 2442 1858 2448 ’

494 2538 504 2555 ¹
535 2531 609 2564 Job.
634 2543 657 2572 1,
677 2541 731 2564 21.
762 2549 803 2554 —
834 2538 847 2554 ²
866 2532 946 2565 Psal.
968 2543 1078 2573 mxvm,
1110 2532 1163 2564 32.
1195 2549 1235 2555 —
1271 2530 1284 2555 3
1310 2532 1356 2564 Id.
1377 2542 1468 2572 xux,
1494 2529 1529 2572 14
1551 2534 1585 2563 et
1602 2530 1655 2563 23.
1676 2547 1717 2555 -
1738 2529 1754 2561 4
1778 2530 1824 2563 ld.
1855 2534 1858 2578 j

447 2597 554 2627 mviii,
570 2586 621 2619 33.
645 2603 684 2611 »-«
706 2585 846 2619 5Manh.
868 2598 898 2628 v,
919 2590 952 2619 6.

1881 585 1889 629 d

1854 660 1889 732 ῑὲξ

1882 726 1889 770 l

1882 889 1889 913 ί
