1889 3285
11 1843 15 1872 ἡ,-
11 1736 14 1838 -—-—-
10 1589 14 1728 -—-——-
9 1479 14 1580 —0—
10 1470 12 1474 v
4 423 13 1464 .-.—-———-—-.-—————-————-----
3 240 9 418 —-.———-
0 0 9 233 .-—-

391 283 633 314 ENARRAno
663 287 709 313 m
740 282 944 313 PsALth
974 286 1092 314 Lx1v.
1353 270 1437 309 199

61 353 166 398 tidie
187 352 316 396 multi
335 367 426 396 non
446 350 692 406 credentes,
718 351 763 395 in
785 367 861 395 sua
881 350 1136 395 infidelitate
1161 347 1441 392 moriuntur?

64 423 312 470 Secundum
338 421 447 482 quid
476 436 578 479 ergo
605 420 886 479 intelligimus
903 455 915 476 ‚
957 439 979 463 (ε
1008 419 1077 464 Ad
1105 428 1149 462 te
1173 418 1310 462 omnis
1340 431 1442 461 caro

64 512 87 536 κ
109 494 279 538 veniet?
306 492 456 536 Omnis
488 507 587 535 caro
613 509 633 532 >›
673 490 804 546 dixit,
844 491 983 536 omnis
1017 489 1183 549 generis
1217 503 1317 532 caro
1352 506 1362 532 ε
1393 502 1444 531 ex

61 563 181 608 omni
202 578 359 622 genere
371 563 509 607 carnis
530 562 729 606 venietur
747 562 803 606 ad
819 571 876 606 te.
901 559 1014 615 Quid
1035 568 1120 615 est,
1146 574 1199 603 ex
1221 557 1340 603 omni
1367 571 1444 615 ge-

61 649 165 678 nere
185 633 348 678 earnis‘?
378 632 601 693 Numquid
623 642 836 676 venerunt
866 645 1076 692 pauperes
1091 665 1104 686 ⁷
1128 638 1172 674 et
1201 643 1291 673 non
1312 643 1446 673 vene-

61 713 166 753 runt
183 703 365 748 divites?
380 702 596 762 numquid
612 712 827 747 venerunt
842 702 1028 747 humiles
1040 737 1051 756 ,
1067 710 1112 745 et
1128 714 1218 745 non
1230 708 1448 744 venerunt

61 774 298 819 sublimes?
318 773 534 833 numquid
566 783 783 817 venerunt
816 773 1009 828 indocti,
1048 781 1093 816 et
1111 786 1202 816 non
1231 777 1447 815 venerunt

61 845 208 890 docti?
224 843 442 904 numquid
462 854 676 889 venerunt
688 844 793 896 viri,
812 853 856 888 et
867 859 958 888 non
984 851 1201 888 venerunt
1222 839 1449 886 foeminae?

62 914 279 975 numquid
297 923 512 958 venerunt
530 914 696 958 domini
713 950 724 970 ,
747 924 790 958 et
812 929 903 959 non
926 922 1140 958 venerunt
1160 912 1296 957 servi?
1315 923 1450 955 nams-

64 985 173 1047 quid
192 994 407 1030 venerunt
427 1000 570 1040 senes,
596 995 639 1029 et
654 1000 744 1029 non
764 994 980 1029 venerunt
994 985 1175 1044 juvenes
1191 984 1211 1027 P
1227 991 1302 1027 aut
1321 994 1450 1026 vene-

61 1065 166 1100 runt
182 1056 382 1115 juvenes,
403 1064 446 1099 et
463 1071 553 1099 non
567 1064 784 1099 venerunt
801 1054 1121 1099 adolescentes?
1138 1061 1214 1096 aut
1229 1060 1449 1096 venerunt

63 1124 379 1180 adolescentes,
404 1134 447 1169 et
464 1141 555 1169 non
575 1134 790 1169 venerunt
804 1124 962 1183 pueri?
979 1132 1055 1168 aut
1071 1131 1290 1167 venerunt
1310 1120 1449 1181 pueri,

62 1205 106 1240 et
126 1212 216 1241 non
237 1196 356 1240 allati
382 1205 484 1239 sunt
511 1196 728 1240 infantes?
751 1199 976 1240 Postremo
996 1193 1214 1254 numquid
1234 1201 1451 1237 venerunt

63 1269 88 1311 J
91 1265 206 1310 udoei
221 1301 233 1321 ‚
257 1270 272 1320 (
292 1280 394 1309 nam
406 1265 508 1308 inde
522 1274 645 1308 erant
659 1264 870 1324 Apostoli,
891 1264 992 1308 inde
1009 1263 1148 1308 multa
1161 1263 1296 1307 millia
1308 1263 1450 1321 primo

63 1335 330 1380 tradentium
345 1369 357 1388 ‚
372 1344 521 1394 postea
533 1334 804 1378 credentium
814 1337 846 1377 ¹.
867 1337 884 1392 )
899 1343 941 1378 et
953 1349 1043 1379 non
1058 1341 1273 1378 venerunt
1285 1332 1451 1376 Graeci?

63 1415 140 1452 aut
161 1414 376 1451 venerunt
395 1405 560 1460 Graeci,
586 1414 630 1449 et
650 1420 740 1449 non
751 1415 967 1450 venerunt
986 1404 1201 1450 Romani?
1217 1413 1293 1448 aut
1313 1418 1426 1448 vene
1445 1430 1451 1437 ·

62 1485 168 1521 runt
183 1476 396 1531 Romani,
416 1485 461 1520 et
480 1491 571 1520 non
590 1484 808 1519 venerunt
823 1475 1025 1519 Barbari?
1046 1478 1104 1520 Et
1124 1474 1222 1534 quis
1248 1482 1452 1518 numeret

62 1561 213 1591 omnes
234 1555 380 1604 gentes
401 1545 622 1589 venientes
644 1544 700 1589 ad
718 1560 852 1600 eum,
871 1545 942 1588 cui
959 1543 1126 1588 dictum
1144 1553 1239 1588 estz
1267 1559 1289 1586 α
1319 1541 1389 1587 Ad
1409 1550 1453 1586 te

65 1634 88 1659 n
112 1616 252 1661 omnis
271 1631 373 1660 caro
392 1616 563 1660 veniet?
584 1615 756 1661 Exaudi
775 1615 1016 1662 orationem
1035 1629 1207 1661 meam:
1225 1612 1281 1658 ad
1300 1621 1345 1658 te
1362 1627 1453 1658 om-

65 1705 88 1729 »
106 1687 173 1731 nis
194 1700 294 1731 caro
313 1686 474 1730 veniet
501 1703 522 1727 »
1296 1738 1303 1743 .⁷

122 1759 198 1801 VI.
229 1775 250 1798 «
274 1759 499 1801 Sermones
517 1756 768 1815 iniquorum
785 1755 1111 1816 praevaluerunt
1133 1766 1262 1815 super
1282 1745 1386 1813 ἠοῦς
1409 1763 1454 1799 et

68 1845 89 1869 n
115 1827 358 1886 impietates
382 1835 546 1870 nostras
566 1835 616 1869 tu
635 1826 979 1885 propitiaberis2.
1001 1844 1022 1866 »
1042 1824 1158 1878 Quid
1188 1833 1277 1880 est,
1312 1844 1332 1866 «
1357 1827 1456 1870 Ser-

69 1915 91 1939 »
115 1911 265 1941 mones
283 1896 535 1956 iniquorum
554 1895 878 1955 praevaluerunt
909 1911 1038 1955 super
1058 1911 1163 1953 nos3
1189 1905 1232 1940 et
1252 1896 1455 1955 impieta-

69 1985 90 2008 »
109 1976 173 2011 tes
195 1975 362 2011 nostras
391 1975 440 2009 tu
461 1966 794 2025 propitiaberis?
818 1985 837 2008 »
864 1965 994 2019 Quod
1025 1966 1116 2009 nati
1138 1981 1288 2010 sumus
1309 1967 1352 2010 in
1372 1967 1455 2012 hac

66 2047 178 2082 terra
194 2072 206 2092 ‚
238 2037 412 2097 iniquos
432 2036 679 2080 invenimus
715 2052 823 2096 quos
851 2037 1080 2096 loquentes
1116 2036 1377 2081 audivimus.
1413 2039 1455 2082 Si

65 2108 224 2168 possim
245 2106 459 2166 explicare
479 2106 601 2167 quod
621 2107 781 2161 sentio,
803 2105 980 2166 adjuvet
1002 2122 1072 2151 me
1094 2107 1280 2152 intentio
1301 2103 1455 2153 Chari-

66 2178 165 2223 tatis
198 2187 365 2222 vestrae.
401 2178 554 2222 Omnis
593 2178 726 2222 homo
769 2177 1040 2238 ubicumque
1071 2178 1264 2223 nascitur
1279 2214 1290 2234 ‚
1321 2178 1456 2239 ipsius

66 2257 192 2294 terrae
208 2282 220 2303 ,
241 2247 312 2291 vel
334 2247 518 2305 regionis
535 2282 546 2302 ‚
566 2246 635 2292 vel
656 2247 841 2293 civitatis
853 2247 1047 2306 linguam
1063 2247 1190 2292 discit
1207 2247 1348 2306 3illius
1369 2249 1455 2293 im-

66 2319 218 2363 buitur
231 2318 427 2362 moribus
448 2326 492 2361 et
511 2316 614 2362 vita.
646 2318 760 2372 Quid
780 2316 941 2363 faceret
957 2334 1066 2379 puer
1087 2329 1216 2364 natus
1235 2320 1353 2364 inter
1369 2323 1453 2364 Pa-

0 2427 2 2430 .
69 2404 201 2448 ganos
217 2423 229 2444 ‚
266 2397 317 2432 ut
350 2403 439 2432 non
471 2387 633 2432 coleret
670 2388 885 2448 lapidem,
917 2389 1100 2449 quando
1132 2389 1259 2434 illum
1287 2389 1456 2435 cultum

68 2460 398 2504 insinuaverunt
417 2461 640 2518 parentes?
661 2459 764 2503 inde
784 2460 924 2520 prima
953 2460 1087 2505 verba
1113 2460 1306 2517 audivit3
1330 2460 1456 2504 illum

71 2544 259 2575 errorem
280 2545 382 2574 cum
402 2529 515 2574 lacte
549 2530 663 2575 suxit
696 2550 704 2574 :
742 2540 785 2575 et
814 2532 916 2591 quia
949 2530 1013 2575 illi
1049 2532 1125 2591 qui
1161 2531 1458 2591 loquebantur

121 2621 129 2636 ¹
153 2616 222 2646 Aet.
249 2626 282 2655 11,
307 2614 357 2654 41.
380 2631 419 2636 —
441 2621 454 2636 ²
480 2613 562 2645 psal.
583 2625 667 2655 Lxlv1,
686 2615 718 2651 4.
