1889 3285
0 0 14 115 l

7 117 12 223 Ι

6 227 12 462 f

4 1187 8 1358 ξ

445 277 686 309 ENAnnATm
718 282 763 309 IN
795 279 997 310 PsALMuM
1030 281 1136 308 an.
1393 267 1475 306 165

94 355 242 391 tamen
261 345 588 406 quantumlibet
602 345 674 391 hic
696 347 748 391 sit
767 346 940 407 pinguis
958 381 969 401 ,
995 343 1105 405 quid
1131 343 1213 389 erit
1237 341 1283 388 in
1303 343 1379 389 illo
1401 343 1477 388 fu-

93 425 194 460 turo
216 415 374 460 saeculo
391 450 402 470 ‚
423 431 512 475 quo
534 431 612 460 nos
633 425 779 475 pascet
804 418 946 461 Deus?
974 414 1156 460 Interim
1176 414 1223 458 in
1248 414 1330 458 hac
1352 429 1479 474 pere-

94 486 336 546 grinatione
351 521 362 541 ,
383 485 491 546 quid
506 487 664 530 erimus
685 495 790 531 tunc
807 522 822 542 ,
847 502 927 531 nec
949 485 1035 530 dici
1048 493 1204 545 potest.
1220 486 1279 528 Et
1297 484 1479 530 fortasse

90 557 230 617 ipsam
250 557 520 601 saturitatem
542 566 741 617 optamus
762 558 860 613 hic,
892 555 1069 618 quando
1100 554 1294 599 levamus
1323 570 1480 601 manus

91 636 275 682 nostras,
290 627 369 671 ubi
386 626 649 686 pinguedine
664 628 723 672 sic
745 628 1051 682 saturabimur,
1071 634 1122 670 ut
1142 626 1320 670 omnino
1337 626 1481 670 omnis

90 696 332 756 indigentia
364 706 511 742 nostra
544 697 752 754 intereat,
792 708 835 743 et
867 697 975 742 nihil
1006 695 1298 741 desideremus
1331 715 1340 740 ε
1378 695 1481 755 quia

90 776 233 811 totum
253 776 410 826 praesto
424 767 549 811 nobis
567 768 663 822 erit,
680 767 897 829 quidquid
912 768 983 812 hic
1006 766 1320 821 desideramus,
1351 764 1481 825 quid-

90 837 199 896 quid
219 837 290 881 hie
311 853 390 897 pro
424 853 583 896 magno
613 853 821 883 amamus.
849 841 945 882 Jam
971 845 1112 897 patres
1146 836 1282 880 nostri
1314 835 1479 880 mortui

89 915 211 965 sunt,
237 910 350 952 Deus
368 916 512 951 autem
529 908 634 953 vivit
655 928 663 953 :
689 924 780 953 non
800 908 871 952 hic
891 908 1114 967 potuimus
1127 922 1297 966 semper
1317 905 1479 950 habere

88 985 231 1036 patres
247 998 258 1035 3
271 977 334 1021 ibi
346 987 492 1022 autem
513 993 682 1038 semper
695 979 955 1023 habebimus
970 978 1120 1022 vivum
1132 992 1272 1021 unum
1286 980 1476 1032 Patrem,

88 1047 298 1092 habentes
311 1049 496 1107 patriam
509 1059 699 1109 nostram
714 1069 722 1094 :
735 1065 1027 1110 quaecumque
1036 1058 1207 1093 terrena
1220 1057 1299 1103 est,
1310 1062 1480 1107 semper

88 1116 151 1161 ibi
168 1133 258 1162 esse
279 1133 369 1162 non
390 1135 644 1178 possumus3
676 1130 719 1164 et
741 1135 912 1164 necesse
941 1129 1006 1163 est
1033 1128 1083 1163 ut
1111 1118 1183 1163 alii
1214 1127 1449 1162 nascantur
1464 1153 1476 1173 ,

89 1196 132 1231 et
169 1188 226 1232 ad
257 1189 341 1233 hoc
374 1200 608 1235 nascantur
638 1190 716 1235 filii
748 1191 908 1236 civium
936 1190 1140 1246 illorum,
1177 1199 1228 1234 ut
1244 1188 1480 1233 excludant

87 1258 191 1302 inde
208 1270 406 1319 parentes
428 1277 542 1306 suos.
568 1261 637 1306 Ad
666 1263 749 1307 hoc
778 1263 892 1307 enim
916 1263 1109 1307 nascitur
1129 1277 1263 1321 puer,
1291 1269 1342 1304 ut
1363 1259 1480 1304 dicat

87 1329 267 1388 majori:
295 1330 409 1381 Quid
443 1331 516 1376 hic
546 1333 662 1390 agis?
683 1336 864 1378 Necesse
898 1342 961 1378 est
990 1343 1041 1378 ut
1069 1333 1146 1391 qui
1178 1330 1419 1375 succedunt
1435 1339 1480 1374 et

87 1398 164 1458 qui
200 1407 463 1454 nascuntur,
499 1399 734 1443 excludant
765 1414 836 1443 eos
870 1400 947 1459 qui
979 1416 1024 1444 se
1055 1409 1382 1459 praecesserunt.
1410 1400 1479 1444 Ibi

87 1484 237 1514 omnes
253 1469 413 1529 pariter
433 1469 628 1514 vivemus
655 1489 663 1514 :
689 1486 778 1514 non
797 1470 859 1513 ibi
880 1470 961 1514 erit
982 1486 1221 1527 successor,
1250 1471 1354 1531 quia
1377 1471 1481 1536 nul-

86 1538 155 1583 lus
177 1538 389 1584 decessor.
411 1539 557 1593 Qualis
579 1539 652 1584 illa
665 1540 832 1599 patria?
849 1539 933 1585 Sed
951 1540 1122 1585 divitias
1138 1542 1210 1585 hic
1223 1557 1338 1586 amas
1351 1543 1369 1586 Ρ
1382 1544 1480 1601 Ipse

86 1612 201 1654 Deus
222 1610 302 1654 tibi
315 1610 396 1654 erit
416 1610 575 1654 divitiae
592 1619 695 1654 tuae.
724 1610 808 1656 Sed
825 1626 941 1655 amas
958 1609 1128 1654 fontem
1150 1610 1344 1655 bonum?
1367 1611 1480 1664 Quid

86 1679 334 1739 praeclarius
355 1679 428 1724 illa
447 1681 680 1740 sapientia?
701 1680 811 1741 quid
831 1680 1044 1725 lucidius?
1061 1680 1289 1741 Quidquid
1311 1681 1381 1726 hic
1399 1697 1481 1741 po·-

86 1759 169 1795 test
190 1752 345 1806 amari,
372 1767 452 1811 pro
474 1751 678 1796 omnibus
698 1752 779 1796 tibi
800 1752 881 1795 erit
900 1752 977 1811 qui
999 1750 1102 1795 fecit
1124 1752 1270 1796 omnia
1285 1786 1296 1807 ,
1326 1771 1348 1795 «
1370 1755 1482 1796 Tan-

88 1839 109 1863 »
134 1837 267 1882 quam
283 1821 410 1880 adipe
421 1831 464 1865 et
477 1822 744 1881 pinguedine
765 1822 987 1882 repleatur
1007 1823 1152 1866 anima
1167 1837 1263 1866 mea
1282 1842 1290 1867 :
1307 1832 1351 1867 et
1363 1823 1478 1869 labia

89 1910 110 1934 >›
132 1892 406 1937 exultationis
438 1893 686 1938 laudabunt
707 1909 868 1938 nomen
891 1902 1034 1938 tuum.
1063 1912 1082 1935 »
1110 1897 1162 1937 ln
1183 1894 1265 1937 hac
1297 1909 1442 1938 eremo
1463 1929 1475 1951 ,

84 1963 131 2006 in
147 1963 323 2006 nomine
345 1973 422 2007 tuo
444 1963 599 2008 levabo
621 1980 776 2008 manus
793 1979 909 2008 meas
937 1983 945 2008 :
966 1963 1199 2023 impleatur
1221 1963 1364 2008 anima
1381 1979 1478 2008 mea

86 2043 295 2092 tanquam
329 2033 455 2093 adipe
484 2044 527 2078 et
560 2033 827 2094 pinguedine
861 2054 870 2079 :
907 2054 928 2077 «
964 2038 1021 2079 Et
1054 2033 1171 2079 labia
1203 2034 1480 2080 exultationis

88 2122 108 2145 »
134 2103 383 2148 laudabunt
413 2119 576 2149 nomen
599 2114 741 2149 tuum.
766 2123 786 2146 »
807 2104 941 2150 Modo
963 2105 1080 2149 enim
1102 2105 1239 2150 oratio
1254 2140 1265 2161 ,
1281 2105 1481 2165 quandiu

86 2174 174 2218 sitis
200 2193 209 2219 z
235 2190 337 2218 cum
359 2174 449 2219 sitis
473 2175 714 2230 transierit,
741 2176 894 2219 transit
916 2175 1077 2231 oratio,
1104 2184 1146 2219 et
1169 2175 1363 2220 succedit
1378 2175 1478 2220 lau-

86 2244 219 2289 datio.
244 2264 264 2287 «
287 2248 344 2289 Et
373 2245 488 2290 labia
511 2245 787 2291 exultationis
821 2245 1068 2290 laudabunt
1094 2261 1256 2291 nomen
1285 2256 1429 2291 tuum.
1454 2264 1475 2288 n

143 2317 241 2359 XV,
272 2334 291 2357 «
320 2315 362 2360 Si
385 2326 648 2361 memoratus
671 2332 767 2361 sum
788 2317 853 2360 tui
875 2332 1004 2376 super
1028 2325 1211 2361 stratum
1234 2332 1381 2361 meum
1397 2352 1408 2373 ,
1432 2318 1478 2361 in

89 2403 109 2426 »
135 2385 335 2429 diluculis
347 2387 590 2432 meditabar
607 2388 653 2431 in
665 2397 708 2431 te
726 2407 734 2431 ;
757 2388 860 2448 quia
881 2386 1019 2432 factus
1033 2402 1076 2431 es
1097 2387 1270 2448 adjutor
1285 2390 1474 2432 meus¹.»

89 2457 280 2518 Stratum
304 2471 431 2499 suum
453 2457 648 2516 quietem
667 2473 787 2501 suam
811 2457 929 2501 dicit.
962 2457 1149 2511 Quando
1174 2457 1328 2518 aliquis
1353 2457 1478 2518 quie-

87 2534 156 2568 tus
179 2535 269 2580 est,
291 2541 457 2570 memor
479 2527 532 2570 sit
555 2528 656 2585 Dei,
693 2526 871 2587 quando
895 2527 1049 2588 aliquis
1081 2528 1255 2588 quietus
1277 2537 1360 2583 est,
1386 2542 1475 2572 non

136 2615 144 2631 ¹
166 2609 231 2641 psal
266 2621 341 2647 ιῑιῐ,
366 2621 396 2651 7,
413 2611 444 2641 8.
