1889 3285
411 285 651 316 ENARRATIO
682 288 729 315 m
760 286 962 316 PsALMUM
994 272 1092 313 LxQ.
1337 273 1422 312 233

45 358 140 411 Ipse
161 353 306 414 posuit
321 350 509 396 animam
531 352 578 395 in
592 351 724 396 vitam
740 386 750 406 ,
771 352 862 411 ipsc
883 350 994 409 regit
1011 347 1158 409 pedes,
1179 363 1234 393 ne
1250 357 1422 404 nutent,

43 440 98 469 ne
110 433 365 469 moveantur
380 459 391 478 ,
417 432 460 467 et
476 423 636 466 dentur
655 423 701 466 in
717 432 885 467 motum
902 442 913 479 3
937 423 1026 480 ipse
1038 435 1116 464 nos
1132 418 1236 464 facit
1250 420 1394 464 vivere
1409 455 1422 476 ,

42 495 133 554 ipse
153 508 421 554 perseverare
443 508 582 553 usque
602 493 648 537 in
661 494 791 536 finem
806 529 817 548 ,
837 502 887 536 ut
907 493 952 536 in
975 500 1187 534 aeternum
1209 489 1420 535 vivamus.

47 583 67 606 «
93 568 150 609 Et
171 580 260 609 non
275 563 395 607 dedit
425 564 470 607 in
490 572 659 607 motum
681 563 811 622 pedes
825 578 957 606 meos.
980 580 1006 602 »n

101 636 221 678 XVI.
247 636 390 687 Quare
411 635 495 678 hoc
517 633 682 688 dixisti,
713 653 732 675 «
752 637 808 678 Et
830 649 919 678 non
950 631 1070 676 dedit
1092 632 1137 675 in
1157 640 1327 675 motum
1344 647 1424 691 pe-

45 723 66 746 »
100 702 176 747 des
191 719 308 748 meos
325 705 378 748 P»
397 704 514 757 Quid
528 704 643 747 enim
659 719 807 762 passus
826 718 891 760 es,
910 712 984 747 aut
1003 701 1110 762 quid
1123 701 1212 761 pati
1226 702 1421 761 potuisti,

41 783 91 818 ut
124 784 407 819 moverentur
445 773 576 834 pedes
600 774 689 817 tui?
717 772 858 827 Quid?
889 773 1004 817 Audi
1042 788 1140 832 quae
1168 781 1420 831 sequantur.

44 862 65 885 »
91 846 234 897 Quare
256 843 365 899 dixi,
405 863 424 886 «
450 847 548 889 Non
570 843 690 888 dedit
710 844 756 886 in
776 853 943 887 motum
962 843 1093 903 pedes
1120 844 1269 886 meos?
1293 861 1313 883 »
1340 842 1425 895 Qui

41 913 180 958 multa
201 915 311 974 passi
340 930 510 970 sumus,
548 914 602 958 de
631 914 789 974 quibus
811 922 1090 957 moverentur
1122 913 1178 957 de
1205 912 1273 957 via
1294 912 1426 972 pedes

40 985 199 1039 nostri,
220 985 302 1028 nisi
323 985 413 1044 ipse
431 994 621 1043 regeret,
643 993 686 1028 et
708 999 780 1028 eos
792 984 838 1027 in
859 993 1028 1027 motum
1050 999 1139 1027 non
1162 982 1299 1027 daret.
1318 985 1425 1036 Quae

40 1063 143 1098 sunt
158 1054 263 1098 ista?
282 1073 299 1094 «
318 1055 534 1108 Quoniam
547 1054 738 1114 probasti
760 1069 859 1108 nos,
879 1056 1019 1110 Deus,
1045 1053 1188 1112 ignisti
1203 1068 1296 1107 nos,
1316 1053 1427 1097 sicut

45 1143 64 1167 »
98 1126 260 1183 ignitur
281 1135 509 1184 argentum
526 1128 554 1168 ¹.
581 1146 599 1167 »
618 1128 714 1169 Non
730 1125 874 1182 ignisti
887 1125 996 1169 sicut
1015 1123 1209 1178 foenum,
1225 1122 1299 1167 sed
1316 1124 1426 1168 sicut

40 1206 269 1255 argentum
292 1216 300 1240 ;
326 1194 574 1239 adhibendo
592 1195 716 1239 nobis
737 1195 882 1254 ignem
897 1230 908 1250 ,
929 1210 1018 1239 non
1039 1195 1085 1238 in
1106 1194 1294 1238 cinerem
1317 1209 1424 1238 con-

39 1266 230 1321 vertisti,
267 1266 342 1310 sed
373 1266 518 1309 sordes
551 1264 738 1308 abluisti.
783 1284 802 1306 «
840 1265 989 1322 Ignisti
1013 1280 1091 1308 nos
1119 1264 1230 1308 sicut
1262 1264 1427 1323 ignitur

45 1355 64 1377 »
99 1345 340 1393 argentum.
357 1338 446 1378 »Et
461 1335 561 1379 vide
584 1334 806 1395 quomodo
834 1335 954 1378 saevit
976 1338 1090 1378 Deus
1116 1335 1163 1377 in
1185 1333 1296 1389 illos,
1315 1350 1428 1393 quo-

39 1421 138 1450 rum
157 1406 346 1450 animam
367 1406 508 1462 posuit
524 1407 569 1449 in
590 1406 738 1449 vitam.
768 1424 785 1445 ‹<
810 1404 1025 1449 Induxisti
1043 1420 1120 1449 nos
1145 1405 1188 1448 in
1210 1405 1428 1464 muscipu-

45 1496 63 1518 »
98 1475 185 1519 lam
208 1495 216 1520 :
252 1494 272 1517 ))
308 1491 397 1520 non
430 1485 480 1519 ut
516 1476 630 1534 capti
662 1490 931 1518 moreremur
949 1510 959 1530 ,
1000 1474 1076 1518 sed
1111 1473 1230 1519 unde
1258 1474 1426 1519 liberati

40 1547 347 1606 experiremur.
376 1565 394 1586 «
417 1546 599 1591 Posuisti
627 1544 926 1590 tribulationes
951 1546 997 1589 in
1029 1544 1158 1590 dorso
1185 1548 1374 1590 nosti-0².
1406 1566 1424 1587 »

39 1617 184 1661 Erecti
205 1616 322 1660 enim
353 1616 488 1671 male,
520 1616 695 1675 superbi
720 1631 889 1659 eramus
915 1635 923 1660 :
948 1615 1062 1660 male
1094 1616 1226 1660 erecti
1261 1617 1428 1661 curvati

41 1702 190 1731 sumus
204 1723 214 1742 ,
240 1696 290 1730 ut
307 1687 473 1731 curvati
494 1687 606 1730 bene
628 1686 906 1745 erigeremur.
940 1705 957 1726 «
979 1686 1163 1730 Posuisti
1181 1687 1428 1732 tribulatio-

44 1774 64 1798 »
100 1772 176 1800 nes
197 1757 243 1799 in
265 1755 391 1800 dorso
413 1765 560 1800 nostro
592 1776 600 1800 :
635 1756 874 1815 imposuisti
902 1756 1098 1800 homines
1124 1772 1254 1815 super
1285 1757 1428 1816 capita

45 1844 66 1869 »
100 1827 288 1871 nostra3.
308 1844 327 1867 n
345 1828 449 1869 Haec
464 1826 608 1870 omnia
623 1841 744 1885 passa
767 1835 830 1869 est
847 1825 1038 1869 Ecclesia
1053 1825 1178 1869 variis
1196 1835 1239 1870 et
1251 1826 1428 1871 diversis

41 1896 439 1957 persecutionibus,
471 1911 592 1955 passa
613 1904 676 1939 est
709 1896 793 1939 hoc
829 1894 1078 1954 singillatim
1099 1931 1110 1950 ,
1145 1896 1273 1940 etiam
1297 1896 1428 1941 modo

41 1968 219 2028 patitur.
243 1970 342 2012 Non
359 1967 474 2010 enim
496 1967 726 2027 quisquam
747 1975 830 2021 est,
853 1966 929 2026 qui
947 1981 990 2009 se
1008 1967 1053 2009 in
1072 1962 1161 2010 hac'
1175 1967 1262 2010 vita
1285 1967 1340 2011 ab
1362 1967 1428 2012 his

42 2037 356 2081 tentationibus
370 2037 503 2096 possit
521 2036 664 2080 dicere
679 2036 933 2080 immunem.
951 2039 1066 2094 Ergo
1088 2037 1376 2096 imponuntur
1385 2047 1428 2082 et

41 2108 238 2153 homines
250 2123 379 2168 super
396 2108 535 2167 capita
548 2117 692 2152 nostra
712 2127 720 2152 :
737 2108 970 2152 toleramus
989 2124 1096 2168 quos
1119 2108 1339 2164 nolumus,
1356 2125 1427 2169 pa-

43 2179 177 2223 timur
200 2178 439 2238 superiores
453 2177 688 2237 aliquando
701 2194 810 2238 quos
827 2178 1026 2222 novimus
1043 2180 1225 2239 pejores.
1246 2183 1427 2225 Peccata

44 2259 190 2294 autem
213 2249 247 2293 si
263 2249 405 2293 desint
421 2284 432 2303 ,
458 2249 570 2293 bene
591 2250 783 2309 superior
805 2259 867 2293 est
892 2250 1024 2293 homo
1054 2270 1061 2294 :
1086 2260 1252 2310 quanto
1281 2261 1426 2296 autem

42 2319 169 2380 plura
193 2320 371 2374 adsunt,
393 2328 514 2363 tanto
537 2328 600 2363 est
621 2318 814 2364 inferior.
838 2322 895 2363 Et
924 2319 1090 2363 bonum
1114 2330 1178 2365 est
1207 2330 1257 2365 ut
1282 2321 1426 2366 consi-

45 2389 245 2434 deremus
267 2405 344 2433 nos
365 2398 611 2448 peccatores
633 2405 720 2433 esse
739 2425 750 2443 ,
782 2400 824 2434 et
856 2390 914 2434 sic
938 2390 1172 2435 toleremus
1204 2391 1426 2451 impositos

45 2475 174 2519 super
189 2460 325 2518 capita
346 2469 490 2503 nostra
517 2479 526 2504 :
550 2469 601 2503 ut
617 2469 660 2503 et
672 2476 749 2504 nos
768 2463 856 2504 Deo
873 2461 1159 2504 confiteamur
1176 2461 1276 2521 quia
1295 2461 1427 2519 digne

45 2530 250 2589 patimur.
276 2529 393 2582 Quid
417 2529 532 2573 enim
553 2528 729 2587 indigne
746 2530 902 2589 pateris
922 2531 1043 2591 quod
1061 2530 1162 2575 facit
1189 2530 1264 2590 qui
1284 2531 1426 2589 justus

97 2613 201 2645 ¹Psal.
222 2625 298 2655 mxv,
321 2625 371 2646 ιο.
394 2631 430 2636 -
461 2613 573 2645 ²11›id.
598 2625 647 2645 11.
670 2631 710 2636 —
731 2612 744 2636 3
763 2614 842 2645 thid.
869 2624 918 2645 12.
