1889 3285
379 259 622 289 ENARRATIO
654 263 686 289 ΙΙ
718 263 764 289 ΙΝ
795 259 997 290 PsALMUM
1029 261 1177 289 LXXIV·
1379 248 1465 289 495

86 326 260 380 Inveni,
283 324 450 387 inquit,
474 334 634 369 terram
655 326 954 385 peccatricem.
982 329 1039 370 Et
1059 324 1166 385 quid
1195 324 1308 369 feci‘?
1330 342 1351 366 «
1372 327 1466 383 Ego

87 413 108 440 >›
142 395 395 441 confirmavi
418 394 641 439 columnas
653 397 760 456 ejus.
778 400 922 448 »Quas
936 393 1160 439 columnas
1171 395 1467 439 confirmavit?

84 465 319 510 Columnas
336 465 567 524 Apostolos
583 465 704 509 dicit.
732 465 801 511 Sic
822 464 1042 524 apostolus
1054 464 1212 508 Paulus
1226 463 1280 508 de
1292 479 1467 523 coapos-

84 534 182 580 tolis
201 535 289 580 suis
314 554 325 579 ι
345 554 364 574 «
382 535 468 588 Qui
483 535 762 590 videbantur,
786 535 956 594 inquit,
979 533 1197 578 columnae
1220 549 1307 577 esse
1322 535 1349 577 ¹.
1365 551 1384 576 »
1410 536 1470 578 Et

84 605 190 665 quid
213 614 355 650 essent
374 603 460 648 illae
483 604 698 649 columnae
714 639 725 660 ,
752 605 834 648 nisi
851 605 906 649 ab
935 603 1009 648 illo
1033 604 1341 647 firmarentur?
1362 603 1469 656 Quia

85 674 278 735 quodam
298 683 425 718 terrae
450 684 576 719 motu
596 676 726 719 etiam
742 675 845 734 ipsae
867 673 1084 719 columnae
1107 681 1373 719 nutaverunt
1389 708 1399 727 ‚
1424 673 1470 717 in

84 745 280 805 passione
300 744 476 789 Domini
498 760 647 788 omnes
668 745 862 804 Apostoli
885 744 1237 804 desperaverunt.
1257 746 1371 801 Ergo
1393 759 1470 789 co-

84 814 248 860 lumnae
282 814 370 858 illae
402 831 503 874 quae
531 815 728 873 passione
756 815 929 859 Domini
950 823 1232 868 nutaverunt,
1253 829 1470 859 resurrec-

83 885 202 931 tione
219 885 404 930 firmatae
421 885 665 929 sunt.Clam
672 886 759 930 avit
779 886 953 929 initium
968 884 1140 929 aedificii
1157 900 1233 943 per
1248 883 1471 929 columnas

85 970 184 1000 suas
203 990 214 1011 ,
237 965 283 999 et
297 955 345 999 in
367 956 425 999 eis
451 955 655 1000 omnibus
677 954 890 1000 columnis
920 955 1179 1003 architectus
1199 955 1291 1014 ipse
1312 953 1473 998 clama-

84 1025 163 1070 vit.
186 1024 402 1070 Columna
419 1025 534 1069 enim
551 1040 639 1068 una
656 1035 747 1069 erat
768 1041 821 1069 ex
842 1025 925 1069 illis
946 1025 1103 1068 Paulus
1117 1024 1335 1084 apostolus
1347 1058 1357 1078 ,
1370 1038 1473 1067 cum

87 1095 252 1140 diceret
271 1115 281 1140 ε
305 1115 326 1137 «
349 1099 419 1140 An
439 1095 570 1140 vultis
596 1095 941 1154 experimentum
960 1095 1152 1154 accipere
1183 1096 1302 1154 ejus,
1329 1093 1404 1153 qui
1427 1093 1474 1136 in

90 1184 110 1207 n
146 1181 216 1209 me
236 1165 432 1225 loquitur
452 1165 649 1210 Christus
669 1167 710 1209 ²?
736 1183 756 1206 »
778 1169 917 1224 Ergo,
942 1184 962 1207 «
984 1167 1077 1222 Ego
1093 1199 1105 1219 ‚
1131 1165 1273 1223 inquit
1290 1198 1301 1218 ‚
1322 1162 1474 1207 confir-

90 1254 111 1278 »
145 1236 261 1280 mavi
281 1236 505 1280 columnas
527 1236 618 1295 ejus
645 1255 654 1280 ι
682 1254 701 1276 »
725 1234 935 1278 resurrexi
955 1269 966 1289 ,
989 1234 1158 1278 ostendi
1175 1242 1360 1277 mortem
1384 1248 1474 1277 non

87 1320 178 1350 esse
205 1305 513 1359 metuendam,
550 1304 721 1349 ostendi
752 1305 1008 1349 timentibus
1035 1320 1116 1350 nec
1146 1305 1290 1364 ipsum
1318 1318 1475 1363 corpus

86 1375 228 1435 perire
249 1375 296 1419 in
317 1375 620 1419 morientibus.
649 1378 915 1419 Terruerunt
934 1390 1007 1419 eos
1038 1373 1219 1419 vulnera
1233 1409 1246 1429 ,
1272 1374 1475 1419 firmave-

88 1454 192 1492 runt
211 1446 447 1495 cicatrices.
482 1449 630 1491 Posset
659 1445 870 1490 Dominus
902 1447 1025 1491 Jesus
1053 1444 1248 1489 Christus
1271 1444 1362 1488 sine
1385 1442 1477 1490 ulla

88 1517 286 1565 cicatrice
306 1531 528 1574 resurgere
553 1536 561 1561 :
583 1515 692 1576 quid
709 1516 826 1560 enim
838 1515 901 1561 illi
918 1515 1121 1575 potestati
1135 1530 1344 1574 magnum
1357 1523 1473 1570 erat,

89 1587 145 1635 ad
176 1595 343 1633 tantam
363 1586 655 1645 integritatem
688 1601 942 1645 compagem
964 1585 1157 1644 corporis
1174 1600 1376 1630 revocare
1391 1619 1402 1639 ‚
1426 1592 1478 1628 ut

89 1656 263 1702 nullum
293 1656 475 1702 omnino
499 1656 728 1714 vestigium
760 1655 969 1714 praeteriti
993 1654 1185 1701 vulneris
1218 1655 1479 1714 appareret?

91 1727 293 1773 Habebat
313 1734 572 1786 potestatem
592 1725 712 1769 unde
732 1723 844 1770 illud
860 1725 991 1769 etiam
1017 1724 1109 1771 siae
1131 1724 1331 1769 cicatrice
1353 1740 1480 1768 sana-

91 1805 157 1842 ret
176 1815 190 1843 r:
217 1795 294 1840 sed
324 1796 486 1841 habere
507 1793 646 1840 voluit
662 1793 782 1840 unde
801 1802 1006 1838 nutantes
1024 1792 1249 1837 columnas
1268 1793 1475 1838 firmaret.

149 1869 248 1911 VII.
282 1865 543 1911 Audivimus
565 1866 673 1925 jam,
693 1863 845 1908 fratres
859 1898 872 1919 ‚
894 1863 1018 1924 quod
1034 1862 1228 1923 quotidie
1249 1878 1340 1908 non
1361 1872 1480 1907 tace-

91 1946 164 1981 tur
180 1955 189 1980 :
206 1935 432 1979 audiamus
446 1934 556 1994 quid
589 1933 842 1978 clamaverit
858 1949 935 1993 per
953 1933 1278 1978 columnashas.
1293 1936 1481 1992 Tempus

92 2004 300 2051 audiendi
322 2013 387 2048 est
406 2013 586 2063 propter
607 2013 816 2049 terrorem
832 2003 958 2048 illum
985 2023 994 2048 :
1020 2023 1040 2045 α
1064 2006 1158 2062 Ego
1165 2004 1350 2063 justitias
1364 2002 1482 2063 judi-

95 2095 117 2119 »
150 2074 261 2121 cabo
281 2089 385 2119 eum
399 2089 604 2133 accepero
622 2083 808 2132 tempus.
831 2092 850 2114 »
874 2073 952 2117 Ille
968 2083 1223 2133 accepturus
1235 2082 1299 2118 est
1311 2082 1482 2132 tempus

88 2147 275 2208 justitias
291 2143 520 2206 judicandi
539 2179 551 2199 ‚
575 2159 651 2189 vos
668 2145 758 2203 jam
775 2160 894 2188 nunc
916 2144 1086 2187 habetis
1102 2154 1274 2204 tempus
1296 2144 1481 2204 justitias

93 2216 294 2262 faciendi.
319 2216 362 2261 Si
385 2223 570 2269 taceret„
595 2229 685 2258 non
707 2214 924 2258 haberetis
945 2213 1055 2273 quid
1075 2213 1219 2258 facere
1244 2234 1253 2259 :
1281 2214 1357 2258 sed
1378 2230 1483 2259 con-

95 2288 277 2332 firmatis
311 2286 525 2331 columnis
555 2284 728 2329 clamat.
763 2284 879 2337 Quid
901 2283 1088 2328 clamat?
1118 2285 1252 2329 «Dixi
1287 2285 1479 2345 iniquis:

99 2376 120 2400 »
153 2357 297 2404 Nolite
313 2357 464 2416 inique
481 2354 621 2399 facere
637 2356 652 2380 3
680 2374 688 2398 :
711 2373 730 2396 »
752 2354 922 2399 Clamat
939 2389 950 2408 ‚
976 2353 1128 2399 fratres
1144 2355 1245 2409 mei,
1265 2364 1380 2398 certe
1399 2354 1485 2399 cla-

97 2428 250 2486 matis3
274 2426 463 2471 delectat
491 2441 588 2481 vos,
619 2424 765 2469 audite
788 2424 1063 2468 clamantem.
1089 2428 1169 2468 Per
1191 2425 1333 2484 ipsum
1356 2424 1483 2469 obse-

99 2518 173 2549 cro
188 2537 200 2559 ‚
228 2510 389 2547 terreat
408 2516 485 2547 vos
506 2501 586 2544 ista
609 2514 693 2545 vox
717 2517 726 2543 ;
747 2513 836 2543 non
858 2506 948 2542 tam
969 2512 1048 2542 nos
1068 2496 1222 2543 vestrae
1244 2498 1337 2543 istae
1358 2512 1483 2544 voces

150 2588 160 2605 ¹
179 2587 248 2620 Gal.
267 2597 305 2629 11,
320 2597 356 2630 9.
374 2602 416 2610 -
432 2592 446 2610 2
465 2594 486 2618 2
504 2586 577 2618 Cor.
597 2593 668 2625 xm,
683 2583 713 2616 3.
735 2599 776 2607 —
796 2580 809 2607 3
828 2581 907 2615 Psal.
927 2591 1034 2623 πεῖν,
1050 2580 1082 2614 5.
