1889 3285
381 224 620 253 ENARRATlo
651 227 694 253 IN
729 226 928 253 PsALMUM
962 227 1081 254 vat.
1349 215 1431 253 253

54 291 257 334 confitere
272 325 282 345 ,
309 291 488 348 gratiam
514 290 592 334 Dei
619 291 823 335 confitere
850 310 859 335 :
884 299 926 334 te
954 305 1105 334 accusa
1121 324 1132 344 ‚
1157 288 1282 333 illum
1305 287 1437 348 glori-

54 360 134 403 fica
163 379 171 403 :
198 369 241 403 te
259 359 526 419 reprehende
541 395 552 414 ‚
584 359 709 404 illum
729 360 859 404 lauda
883 379 892 404 t
923 369 974 404 ut
995 369 1038 403 et
1058 360 1150 418 ipse
1171 359 1347 404 veniens
1368 359 1436 402 in-

52 430 200 474 veniat
220 439 263 474 te
283 430 532 489 punitorem
549 439 691 485 tuum,
717 439 760 474 et
779 431 983 474 exhibeat
1002 445 1046 473 se
1065 429 1146 473 tibi
1179 428 1436 473 salvatorem

53 508 196 544 tuum.
227 499 344 553 Quid
375 501 490 544 enim
519 500 677 544 timetis
707 501 930 556 confiteri,
966 499 1043 560 qui
1075 499 1297 543 invenistis
1324 500 1437 543 hanc

53 569 168 614 viam
189 570 236 613 in
257 571 460 614 omnibus
483 570 714 628 gentibus?
744 570 850 631 quid
884 570 1042 616 timetis
1071 569 1295 624 confiteri,
1320 578 1364 613 et
1392 569 1438 613 in

53 639 321 684 confessione
353 650 494 685 vestra
531 650 706 685 cantare
739 641 955 685 canticum
987 655 1151 684 novum
1184 654 1286 684 cum
1319 639 1439 683 omni

54 719 183 766 terra,
198 711 243 754 in
257 711 374 755 omni
391 721 518 766 terra,
529 712 574 755 in
592 713 728 770 pace?
746 710 968 756 Catholica
982 710 1177 755 confiteri
1189 710 1313 754 times
1328 712 1434 764 Deo,

54 796 110 825 ne
143 780 387 826 confessum
408 781 610 826 damnet?
635 782 679 827 Si
700 797 790 826 non
817 780 1037 826 confessus
1058 780 1164 824 lates
1181 815 1192 835 ‚
1217 778 1438 824 confessus

55 850 344 897 damnaberis.
367 853 506 897 Times
528 853 742 908 confiteri,
762 852 838 912 qui
860 867 951 896 non
968 850 1218 896 confitendo
1238 866 1328 894 esse
1349 866 1439 894 non

54 932 176 982 potes
209 923 404 968 occultus
439 943 448 967 :
477 923 751 968 damnaberis
778 922 931 967 tacitus
947 957 958 976 ,
995 922 1072 981 qui
1094 937 1236 981 posses
1263 921 1441 965 liberari

55 993 292 1038 confessus.
316 1013 337 1037 «
356 994 659 1039 Confiteantur
681 993 758 1037 tibi
792 991 945 1053 populi
978 995 1118 1047 Deus,
1151 993 1441 1036 confiteantur

57 1082 79 1105 »
113 1064 194 1108 tibi
214 1064 365 1124 populi
382 1067 565 1109 omnes1.
593 1083 613 1105 »

113 1137 214 1178 VII.
246 1138 304 1179 Et
334 1136 436 1196 quia
467 1136 546 1179 ista
573 1132 784 1179 confessio
805 1148 895 1177 non
918 1131 973 1176 ad
994 1131 1259 1192 supplicium
1290 1131 1437 1183 ducit,

55 1206 276 1266 sequitur,
310 1216 353 1250 et
382 1207 488 1251 dicit
514 1226 524 1251 2
551 1224 573 1249 «ι
606 1208 830 1249 Laetentur
865 1213 910 1247 et
944 1202 1141 1247 exultent
1163 1211 1326 1261 gentes.
1349 1220 1370 1243 »
1398 1202 1442 1247 Si

54 1278 269 1337 plangunt
290 1287 388 1322 ante
409 1278 633 1322 hominem
653 1275 839 1321 confessi
864 1274 1080 1330 latrones,
1115 1274 1319 1318 laetentur
1341 1282 1442 1317 ante

0 1398 1 1411 ἵ
55 1351 195 1392 Deum
230 1346 414 1392 confessi
432 1346 598 1391 fideles.
626 1347 669 1391 Si
690 1348 821 1401 homo
845 1344 1040 1405 judicet,
1073 1344 1204 1402 exigit
1229 1360 1250 1387 a
1273 1343 1442 1387 latrone

56 1416 369 1462 confessionem
402 1426 539 1461 tortor
558 1426 600 1461 et
621 1417 752 1460 timor
785 1436 793 1460 ε
825 1417 913 1459 imo
937 1415 1173 1474 aliquando
1200 1411 1441 1458 confessio-

0 1495 2 1510 '
55 1503 155 1531 nem
178 1488 335 1547 premit
355 1488 501 1542 timor,
520 1487 649 1546 exigit
671 1487 821 1531 dolor:
847 1495 889 1529 ct
909 1485 982 1528 ille
1003 1485 1079 1544 qui
1105 1484 1270 1543 plangit
1292 1484 1338 1527 in
1357 1493 1443 1527 tor-

55 1558 212 1602 mentis
233 1593 243 1613 ,
276 1558 401 1601 timet
433 1567 580 1602 autem
608 1556 748 1601 occidi
777 1554 999 1600 confessus
1017 1589 1028 1608 ,
1059 1563 1204 1614 portat
1226 1562 1444 1598 tormenta

56 1637 268 1689 quantum
291 1637 463 1688 potest:
499 1637 542 1672 et
571 1628 606 1672 si
637 1628 777 1671 victus
814 1625 964 1671 dolore
999 1624 1131 1669 fuerit
1150 1660 1160 1680 ,
1192 1624 1357 1684 profert
1388 1624 1445 1668 ad

56 1708 243 1744 mortem
271 1714 423 1743 vocem
454 1714 591 1742 suam.
634 1700 859 1757 Nusquam
898 1711 1000 1754 ergo
1039 1695 1192 1750 laetus,
1227 1709 1444 1754 nusquam

58 1770 252 1814 exultans
273 1789 281 1813 :
298 1778 532 1829 antequam
554 1768 830 1821 confiteatur,
849 1775 994 1810 exarat
1014 1766 1180 1824 ungula
1196 1786 1207 1823 3
1224 1781 1324 1809 cum
1343 1781 1446 1810 con-

58 1841 193 1885 fessus
216 1839 371 1894 fuerit,
403 1840 660 1883 damnatum
692 1835 884 1881 carnifex
907 1836 1061 1881 ducit:
1097 1837 1226 1879 miser
1259 1836 1441 1896 ubique.

61 1911 169 1965 Sed,
201 1930 220 1952 «
246 1913 468 1954 Laetentur
491 1917 534 1952 et
565 1907 764 1951 exultent
786 1916 949 1965 gentes.
978 1924 998 1947 )›
1021 1905 1176 1950 Unde?
1200 1909 1280 1950 Per
1308 1906 1446 1965 ipsam

59 1980 388 2026 consessionem.
415 1980 584 2033 Quare?
601 1979 712 2032 Quia
734 1978 877 2022 bonus
895 1986 959 2021 est
978 1977 1050 2021 cui
1069 1977 1334 2021 confitentur
1354 1996 1364 2021 :
1389 1977 1446 2021 ad.

58 2053 143 2096 hoc
164 2050 295 2109 exigit
315 2049 644 2104 confessionem,
660 2057 711 2092 ut
721 2047 879 2092 liberet
898 2046 1107 2091 humilem
1122 2068 1134 2105 3
1152 2046 1206 2090 ad
1222 2047 1306 2091 hoc
1326 2046 1446 2090 dam-

60 2131 137 2166 nat
168 2137 259 2166 non
294 2121 573 2165 confitentem
590 2155 601 2174 ,
632 2127 683 2162 ut
708 2117 863 2178 puniat
883 2117 1135 2177 superbum.
1160 2120 1276 2175 Ergo
1313 2117 1442 2161 tristis

61 2201 152 2237 esto
172 2201 406 2252 antequam
427 2189 693 2245 confiteari33
723 2186 942 2233 confessus
964 2187 1131 2242 exulta,
1148 2189 1238 2248 jam
1261 2187 1445 2231 sanabe-

61 2263 132 2307 ris.
157 2262 431 2321 Conscientia
456 2270 531 2306 tua
555 2261 718 2304 saniem
741 2259 997 2318 collegerat,
1024 2268 1243 2318 apostema
1269 2267 1445 2302 tumue-

61 2343 128 2377 rat
145 2368 156 2388 ‚
177 2331 399 2377 cruciabat
420 2340 487 2387 te,
518 2330 788 2390 requiescere
810 2345 899 2373 non
921 2329 1088 2373 sinebat
1110 2349 1118 2374 ε
1149 2328 1328 2373 adhibet
1350 2344 1443 2372 me-

63 2402 186 2456 dicus
221 2401 415 2447 fomenta
447 2401 708 2456 verborum,
744 2409 788 2444 et
817 2399 1053 2460 aliquando
1085 2408 1229 2454 secat,
1265 2398 1444 2442 adhibet

63 2473 319 2518 medicinale
336 2473 499 2518 ferrum
518 2473 563 2517 in
578 2472 849 2532 correptione
863 2471 1153 2516 tribulationis
1171 2490 1180 2515 :
1197 2479 1247 2514 tu
1260 2483 1443 2527 agnosce

114 2566 122 2581 ¹
145 2559 222 2591 Psal.
245 2570 333 2599 min,
353 2559 381 2590 5.
