1889 3285
355 279 439 318 390
777 286 812 315 s.
848 285 1079 316 Aucus'rrm
1111 290 1294 317 Er>1scor1

354 358 417 399 De
438 354 519 396 hac
549 350 692 395 littera
720 349 827 395 dicit
848 351 932 396 alio
956 351 1052 396 loco
1079 371 1089 397 z
1122 371 1142 394 «
1168 353 1327 397 Littera
1350 350 1530 407 occidit,
1567 351 1740 410 spiritus

358 442 378 464 »
413 431 560 467 autem
576 421 765 466 vivificat
781 423 811 465 ¹.
835 439 855 463 »
878 421 1022 465 Habes
1044 421 1232 466 litteram
1252 457 1263 477 ‚
1292 422 1326 466 si
1346 421 1650 481 praevaricator
1670 418 1738 464 le-

356 494 418 553 gis
436 508 497 537 es.
520 511 540 535 «
560 493 645 546 Qui
668 507 745 552 per
765 491 977 547 litteram,
1005 493 1162 552 inquit,
1186 502 1230 536 et
1241 493 1611 537 circumcisionem
1624 507 1739 552 prae-

359 583 380 607 »
415 563 628 608 varicator
641 562 746 621 legis
767 578 811 607 es
824 566 856 607 ².
887 582 906 603 >›
931 566 1086 609 Nonne
1109 563 1220 608 bene
1257 573 1457 608 cantatur
1480 573 1524 608 et
1547 562 1706 607 dicitur
1725 581 1736 608 ε

359 653 380 678 «
413 638 531 680 Erue
553 649 622 678 me
643 633 699 678 de
717 648 852 677 manu
867 632 1007 692 legem
1020 633 1320 693 praetereuntis
1337 642 1381 678 et
1399 633 1538 694 iniqui
1552 634 1594 677 ³?
1609 651 1629 674 η
1648 636 1740 678 Ha·-

354 706 432 750 bes
451 704 640 749 litteram
665 724 677 761 3
707 703 781 747 sed
803 719 893 747 non
913 703 1066 763 imples
1087 703 1292 748 litteram.
1319 702 1444 748 Unde
1471 719 1561 747 non
1587 702 1741 762 imples

355 776 575 820 litteram?
593 774 840 828 «Quoniam
860 774 935 834 qui
951 773 1160 834 praedicas
1178 790 1269 818 non
1287 772 1542 828 furandum,
1563 771 1740 831 furaris3

358 863 380 888 »
414 847 491 907 qui
507 846 613 890 dicis
634 861 724 890 non
741 844 1078 889 adulterandum
1093 879 1104 899 ‚
1122 843 1338 888 adulteras
1355 864 1366 900 3
1392 844 1468 903 qui
1486 844 1744 888 abominaris

359 935 380 959 »
414 916 531 961 idola
552 952 562 972 ‚
587 915 860 974 sacrilegium
876 914 997 960 facis.
1016 917 1185 961 Nomen
1200 916 1316 959 enim
1338 916 1416 959 Dei
1436 930 1513 975 per
1532 930 1608 959 vos
1624 914 1744 959 blas-

359 1004 381 1030 »
415 988 648 1047 phematur
669 987 715 1030 in
733 986 970 1041 Gentibus,
993 986 1104 1030 sieut
1126 986 1336 1045 scriptum
1358 995 1422 1030 est
1436 987 1468 1030 4.
1498 985 1649 1039 »Quid
1665 985 1745 1029 tibi

357 1073 461 1117 ergo
483 1056 648 1117 profuit
668 1056 811 1101 littera
826 1092 837 1112 ‚
862 1072 994 1117 quam
1011 1072 1101 1101 non
1120 1056 1274 1115 imples
1291 1058 1310 1100 Ρ
1331 1059 1474 1109 Quare
1494 1065 1640 1100 autem
1657 1071 1747 1100 non

357 1128 543 1187 imples?
575 1128 687 1181 Quia
719 1128 773 1171 de
806 1136 848 1171 te
880 1128 1121 1187 praesumis.
1148 1130 1291 1180 Quare
1313 1142 1402 1171 non
1426 1126 1614 1186 imples?
1637 1126 1747 1179 Quia

358 1198 603 1256 negotiator
624 1213 690 1253 es,
717 1213 848 1256 opera
869 1207 944 1241 tua
962 1196 1131 1241 extollis
1159 1216 1169 1242 :
1193 1198 1330 1241 nescis
1352 1197 1635 1241 necessariam
1657 1211 1748 1240 esse

361 1267 539 1326 gratiam
569 1267 814 1326 adjuvantis
829 1302 841 1321 ,
885 1276 935 1309 ut
971 1266 1205 1324 impleatur
1237 1275 1505 1325 praeceptum
1533 1265 1743 1325 jubentis.

359 1340 472 1382 Ecce
492 1336 619 1397 jussit
656 1339 770 1380 Deus
786 1371 796 1390 ‚
822 1351 900 1394 age
922 1333 1042 1395 quod
1059 1335 1201 1395 jussit.
1226 1335 1384 1394 Incipis
1407 1350 1534 1394 agere
1555 1335 1677 1395 quasi
1698 1350 1749 1378 ex

358 1407 524 1452 viribus
549 1407 633 1450 tuis
648 1441 659 1462 ‚
687 1415 730 1450 et
751 1405 869 1450 cadis
890 1425 901 1463 3
926 1414 969 1449 et
986 1414 1134 1449 manet
1150 1421 1280 1465 super
1302 1415 1345 1449 te
1366 1405 1507 1450 littera
1525 1406 1710 1465 puniens
1734 1439 1744 1459 ,

360 1493 450 1522 non
473 1476 656 1521 salvans.
686 1496 707 1519 «
731 1476 888 1521 Merito
912 1479 999 1519 Lex
1015 1491 1093 1535 per
1113 1478 1297 1534 Moysen
1318 1475 1418 1520 data
1441 1485 1524 1532 est,
1553 1476 1688 1535 gratia
1706 1485 1750 1520 et

363 1567 384 1590 »
418 1549 575 1592 veritas
594 1563 671 1607 per
687 1549 712 1591 J
716 1562 836 1591 esum
851 1546 1073 1592 Christum
1086 1545 1198 1591 facta
1212 1556 1275 1590 est
1288 1549 1319 1590 ⁵.
1338 1565 1357 1587 »
1372 1550 1542 1604 Moyses
1554 1547 1750 1607 quinque

358 1619 491 1664 libros
503 1619 670 1677 scripsit
684 1639 695 1675 3
711 1618 786 1662 sed
801 1618 846 1661 in
862 1619 1058 1679 quinque
1066 1619 1306 1678 porticibus
1320 1620 1527 1678 piscinam
1543 1619 1751 1677 cingenti-

360 1691 442 1735 bus
454 1688 650 1748 languidi
662 1689 882 1748 jacebant,
903 1689 978 1733 sed
992 1690 1132 1733 curari
1154 1705 1243 1734 non
1255 1698 1459 1749 poterant
1473 1692 1504 1733 ⁶.
1520 1688 1631 1733 Vide
1645 1706 1752 1750 quo-

358 1759 492 1804 modo
500 1768 648 1803 manet
659 1758 818 1814 littera,
830 1759 1093 1805 convincens
1105 1775 1224 1803 reum
1233 1795 1243 1814 ‚
1255 1775 1344 1803 non
1352 1758 1520 1804 salvans
1530 1760 1747 1820 iniquum.

358 1830 446 1876 Illis
466 1830 583 1874 enim
605 1829 802 1890 quinque
818 1829 1073 1888 porticibus,
1096 1829 1141 1872 in
1160 1830 1299 1887 figura
1312 1830 1507 1889 quinque
1520 1828 1747 1884 librorum,

357 1900 658 1962 prodebantur
670 1901 814 1959 potius
837 1915 970 1959 quam
987 1900 1254 1944 sanabantur
1266 1901 1433 1959 aegroti.
1447 1900 1564 1953 Quid
1577 1915 1678 1958 ergo
1689 1900 1751 1944 ibi

358 1982 465 2017 tunc
478 1971 658 2016 sanabat
679 1973 919 2030 aegrotum?
932 1974 1076 2015 Motus
1090 1987 1230 2031 aquae.
1246 1971 1414 2015 Piscina
1434 1970 1508 2014 illa
1530 1980 1647 2015 mota
1660 1970 1752 2015 des-

355 2042 571 2087 cendebat
584 2050 789 2100 aegrotus,
806 2049 848 2084 et
862 2040 1098 2084 sanabatur
1111 2056 1242 2094 unus,
1257 2041 1361 2100 quia
1375 2040 1516 2084 unitas
1534 2039 1751 2100 :quisquis

356 2112 464 2157 alius
497 2112 551 2156 ad
581 2112 725 2171 ipsum
739 2120 908 2156 motum
927 2109 1228 2164 descenderet,
1244 2126 1333 2154 non
1354 2110 1603 2154 sanabatur.
1626 2113 1750 2163 Quo-

353 2182 485 2227 modo
501 2182 892 2227 commendabatur
914 2181 1056 2224 unitas
1083 2181 1273 2240 corporis
1295 2179 1522 2224 clamantis
1541 2195 1564 2223 a
1588 2179 1750 2224 finibus

352 2256 503 2300 terrae?
513 2254 632 2299 Alius
646 2269 735 2298 non
749 2253 999 2306 sanabatur,
1014 2252 1095 2295 nisi
1109 2267 1255 2295 rursus
1270 2261 1387 2295 mota
1400 2249 1550 2295 fuisset
1566 2251 1744 2310 piscina.

355 2326 634 2385 significabat
650 2340 752 2383 ergo
765 2325 940 2384 piscinae
953 2332 1096 2368 motus
1113 2322 1492 2383 perturbationem
1505 2321 1656 2382 populi
1670 2325 1694 2366 J
1699 2338 1750 2366 u-

351 2396 572 2451 daeomm,
603 2394 780 2456 quando
817 2395 937 2439 venit
966 2394 1175 2439 Dominus
1195 2396 1318 2437 Jesus
1351 2393 1562 2438 Christus.
1590 2391 1746 2451 Angeli

344 2468 461 2512 enim
483 2466 675 2512 adventu
690 2466 1017 2524 intelligebatur
1036 2463 1198 2509 moveri
1221 2479 1333 2524 aqua
1349 2463 1394 2506 in
1416 2462 1594 2522 piscina.
1620 2465 1747 2522 Aqua

397 2569 406 2585 ¹
428 2572 447 2594 2
465 2564 535 2594 Cor.
556 2574 608 2603 111,
627 2562 658 2594 6.
681 2579 722 2585 -
739 2568 751 2584 ²
772 2563 865 2594 Rom.
886 2573 919 2601 u,
947 2571 999 2602 27.
1019 2577 1060 2583 —-
1076 2558 1088 2582 3
1115 2559 1197 2592 psal.
1215 2570 1286 2600 er,
1306 2557 1336 2600 4.
1358 2576 1399 2581 —-
1415 2556 1431 2582 4
1450 2560 1542 2590 Rom.
1562 2569 1596 2599 u,
1617 2566 1738 2598 21-27.

353 2636 394 2640 —
415 2617 429 2640 5
444 2615 860 2659 Joan.1‚17.—-61d.v‚
876 2625 909 2647 ¹2.

1854 3236 1884 3285 li
