1889 3285
412 240 465 280 64
841 250 874 278 8.
912 250 1141 279 AUGUSTINI
1176 253 1355 279 EPISCOPI

410 318 562 360 erant?
584 316 626 359 et
644 314 898 359 fortitudine
915 330 989 358 sua
1007 349 1017 369 ‚
1044 314 1164 374 quod
1183 325 1245 359 est
1263 315 1454 374 gravius,
1477 328 1650 357 omnem
1664 312 1794 356 etiam

410 386 642 430 turbamin
669 401 711 429 se
741 388 1039 439 traduxerunt,
1079 393 1122 428 et
1154 384 1371 428 medicum
1399 383 1595 427 omnium
1620 382 1794 426 occide-

409 466 526 501 runt.
555 456 639 501 Sed
672 466 714 500 et
746 456 819 499 ille
847 472 897 500 eo
925 455 1045 516 quod
1072 455 1237 499 occisus
1268 464 1356 510 est,
1393 454 1448 498 de
1477 454 1686 511 sanguine
1717 468 1794 497 suo
1858 451 1861 506 j

408 526 774 570 medicamentum
797 524 898 569 feeit
926 526 1118 582 aegrotis,
1149 545 1169 568 «
1195 528 1421 568 Irruerunt
1455 538 1583 583 super
1614 538 1684 566 me
1706 520 1796 566 for-
1858 557 1861 564 .

411 615 431 638 »
456 606 529 640 tes.
559 615 578 637 η
599 598 686 640 Hos
708 597 893 639 maxime
917 595 1046 639 fortes
1069 594 1281 639 advertite
1308 614 1316 639 z
1338 604 1381 638 et
1396 594 1542 638 videte
1563 602 1712 637 utrum
1740 591 1796 637 de
1858 633 1860 639 ,

408 666 497 711 ulla
520 682 564 710 re
591 664 943 725 praesumendum
962 665 1015 708 sit
1036 664 1227 719 homini,
1252 664 1430 725 quando
1454 679 1533 707 nec
1557 663 1612 707 de
1630 663 1797 723 justitia
1857 689 1860 724 1

408 737 759 797 praesumendum
784 746 860 780 est.
885 738 981 780 Jam
1004 735 1147 779 videte
1180 735 1256 779 ubi
1280 736 1455 795 jaceant
1487 742 1797 793 praesumentes

409 807 463 850 de
485 806 666 861 divitiis,
692 806 746 849 de
766 806 931 849 viribus
953 805 1164 864 eorporis,
1191 804 1245 848 de
1267 804 1494 849 nobilitate
1524 805 1689 863 generis
1705 838 1716 860 ,
1742 802 1798 849 de

408 876 618 936 dignitate
641 876 810 931 saeeuli,
841 876 874 919 si
898 876 973 936 qui
1002 874 1056 919 de
1082 876 1171 934 ipsa
1200 875 1367 935 justitia
1396 883 1605 934 tanquam
1635 873 1690 917 de
1718 889 1797 917 sua

408 947 745 1007 praesumpserit,
764 945 893 990 eadit.
917 965 935 987 «
958 949 1185 989 Irruerunt
1198 960 1326 1004 super
1344 959 1413 988 me
1428 943 1575 988 fortes.
1598 962 1616 984 »
1634 946 1699 987 Ex
1713 942 1796 987 illis
1856 950 1858 1003 f

409 1016 594 1061 fortibus
617 1016 699 1060 fuit
721 1016 794 1060 ille
819 1017 926 1060 vires
949 1017 1246 1075 suasjaetans:
1277 1034 1296 1056 (ι
1316 1015 1482 1058 Gratias
1500 1014 1581 1058 tibi
1601 1049 1611 1068 ,
1629 1013 1793 1073 inquit,
1856 1049 1857 1057 ,

412 1105 431 1127 »
453 1103 560 1145 ago,
583 1087 683 1146 quia
707 1102 795 1130 non
817 1101 913 1130 sum
934 1086 1044 1130 sieut
1068 1086 1212 1130 caeteri
1228 1085 1453 1129 hominum
1471 1119 1481 1138 ‚
1508 1084 1681 1143 injusti,
1703 1099 1800 1143 rap·
1854 1120 1857 1135 ,

412 1174 432 1196 »
458 1166 569 1201 tores
585 1191 595 1211 ,
621 1156 830 1210 adulteri,
856 1156 967 1200 sieut
996 1165 1039 1199 et
1061 1155 1324 1199 Publicanus
1348 1155 1426 1198 iste
1452 1174 1460 1198 ·.
1487 1155 1639 1214 jejuno
1666 1153 1730 1197 bis
1751 1154 1798 1197 in
1854 1154 1856 1196 ἐ

416 1244 435 1266 »
453 1226 634 1269 sabbato
652 1261 661 1279 ‚
679 1225 864 1269 decimas
878 1224 933 1269 do
946 1225 1142 1269 omnium
1156 1240 1256 1284 quae
1278 1224 1475 1284 possideo
1487 1225 1517 1267 ¹.
1547 1242 1566 1264 »
1592 1222 1699 1267 Vide
1716 1222 1799 1267 sor-

408 1305 496 1339 tem
513 1297 749 1355 jaetantem
771 1295 880 1338 vires
911 1311 1036 1352 suas3
1062 1304 1212 1339 contra
1237 1310 1340 1339 vero
1364 1294 1493 1352 longe
1522 1302 1709 1337 stantem
1730 1294 1800 1337 in-

408 1365 585 1408 firmum
620 1363 816 1418 attende,
849 1374 892 1408 et
912 1364 1159 1408 humilitate
1186 1364 1570 1424 propinquantem.
1597 1383 1616 1405 «
1647 1363 1800 1407 Publi—

412 1452 431 1476 »
457 1450 588 1479 canus
605 1444 769 1489 autem,
790 1435 932 1495 inquit
950 1470 960 1488 ,
982 1434 1036 1478 de
1052 1433 1296 1495 longinquo
1316 1434 1479 1488 stabat,
1498 1443 1540 1477 et
1557 1449 1636 1478 nec
1651 1434 1800 1479 oculos

411 1521 431 1544 »
463 1520 562 1548 suos
583 1505 774 1548 audebat
796 1505 841 1548 in
862 1503 1025 1549 eoelum
1055 1504 1218 1559 levare,
1255 1505 1330 1548 sed
1358 1504 1628 1562 percutiebat
1649 1513 1800 1564 pectus

411 1591 431 1614 »
458 1590 601 1629 suum,
618 1574 765 1618 dicens
783 1594 790 1618 ;
808 1577 936 1627 Deus,
958 1574 1170 1633 propitius
1185 1583 1279 1619 esto
1292 1574 1395 1617 mihi
1411 1575 1642 1631 peccatori.
1661 1578 1800 1618 Amen

413 1658 432 1679 »
458 1640 555 1684 dieo
581 1639 704 1683 vobis
722 1675 732 1694 ,
760 1639 983 1684 deseendit
1007 1641 1267 1700 justificatus
1291 1641 1552 1686 Publicanus
1573 1641 1646 1686 ille
1667 1644 1801 1702 magis

411 1726 432 1750 ))
459 1726 588 1769 quam
621 1709 693 1753 ille
718 1710 973 1754 Pharisaeus.
1004 1729 1023 1751 n
1054 1714 1110 1754 Et
1136 1712 1234 1755 vide
1251 1712 1463 1771 justitiam
1487 1732 1495 1756 ε
1527 1713 1677 1766 «Quia
1710 1729 1802 1758 om-

412 1796 433 1819 »
459 1780 524 1822 nis
548 1779 623 1839 qui
659 1795 702 1823 se
732 1779 914 1835 exaltat,
949 1780 1277 1837 humiliabitur3
1316 1792 1359 1825 et
1390 1783 1465 1841 qui
1497 1798 1540 1826 se
1568 1783 1795 1839 humiliat,

413 1868 432 1888 »
458 1849 760 1892 exaltabitur‘2.
797 1868 816 1890 »
851 1853 1078 1894 Irruerunt
1114 1851 1181 1894 isti
1213 1851 1365 1905 fortes,
1400 1851 1445 1894 id
1477 1860 1562 1906 est,
1593 1853 1795 1912 superbi,

415 1918 492 1978 qui
516 1919 759 1975 ignorantes
785 1919 862 1962 Dei
889 1920 1100 1979 justitiam
1119 1955 1129 1974 ,
1156 1930 1198 1963 et
1221 1936 1340 1965 suam
1365 1921 1574 1980 justitiam
1605 1922 1799 1967 volentes

410 1988 700 2042 constituere,
720 1989 899 2047 justitiae
922 1989 1000 2033 Dei
1016 2004 1104 2032 non
1122 1999 1223 2033 sunt
1244 1990 1427 2049 subjecti
1441 1993 1472 2034 ³.

467 2060 589 2101 Vnt.
627 2057 743 2109 Quid
781 2056 938 2100 deinde
957 2059 975 2100 Ρ
1009 2077 1027 2098 «
1065 2061 1216 2118 Neque
1246 2060 1448 2119 iniquitas
1491 2076 1586 2105 mea
1601 2097 1611 2117 ,
1655 2079 1799 2124 neque

412 2146 431 2167 »
466 2135 694 2186 peceatum
719 2141 865 2169 meum
883 2162 893 2181 ,
913 2127 1098 2170 Domine
1112 2129 1143 2170 ⁴.
1166 2131 1392 2173 Irruerunt
1411 2130 1588 2190 quidem
1605 2130 1799 2176 fortesde

403 2196 568 2257 justitia
592 2212 667 2239 sua
688 2205 1023 2254 praesuntente33
1048 2197 1296 2253 irruerunt,
1323 2199 1397 2242 sed
1415 2209 1640 2258 peecatum
1662 2201 1706 2244 in
1728 2217 1798 2246 me

408 2283 497 2311 non
518 2268 792 2310 invenerunt.
815 2270 921 2312 Nam
937 2268 1090 2327 utique
1106 2268 1168 2311 illi
1190 2269 1322 2313 fortes
1339 2305 1349 2324 ‚
1379 2270 1424 2314 id
1446 2279 1523 2324 est,
1540 2270 1661 2315 velut
1672 2272 1794 2331 justi,

408 2353 540 2398 quare
563 2347 739 2396 possent
760 2338 961 2397 persequi
982 2338 1201 2382 Christum
1216 2375 1226 2393 ,
1248 2341 1327 2383 nisi
1351 2342 1475 2399 quasi
1496 2345 1796 2400 peecatorem?

411 2408 494 2452 Sed
509 2417 656 2451 tamen
673 2407 734 2451 illi
751 2408 941 2452 viderint
956 2424 1087 2468 quam
1104 2408 1234 2453 fortes
1252 2411 1336 2454 sint
1354 2411 1622 2456 immanitate
1646 2412 1792 2469 febris,

410 2494 498 2522 uon
521 2478 722 2521 firmitate
747 2479 936 2522 sanitatis
959 2498 966 2522 :
991 2480 1176 2523 viderint
1205 2480 1265 2523 illi
1300 2497 1431 2540 quam
1466 2480 1597 2525 fortes
1621 2484 1731 2537 sint,
1752 2493 1795 2528 et
1842 2511 1845 2521 ‹

457 2569 464 2584 ¹
486 2564 561 2593 Luc.
585 2573 667 2603 xviii,
689 2574 738 2603 ιι,
765 2572 811 2593 12.
833 2580 871 2584 --
895 2563 1009 2594 211111.
1035 2565 1083 2605 13,
1110 2563 1156 2605 ''t-
1180 2582 1219 2586 —-
1236 2566 1452 2604 «innurxbsi.
1477 2565 1791 2607 —'÷P>;1l,1,v111‚5‚

1842 2546 1845 2591 i

1877 2870 1879 2878 e
1874 2477 1882 2816 -,-.—--———.—
1877 2425 1881 2468 ..-.
1878 2356 1882 2386 .-

1869 2152 1876 2171 »
1875 2111 1877 2121 ᾈ

1870 2214 1883 2315 ΓΞ·.ι“-.
