1889 3285
486 233 727 264 ENAnnA'no
761 235 803 262 m
838 233 1038 262 PsALMUM
1070 236 1197 263 Lxxv.
1438 229 1520 265 509

138 309 265 355 runt,
315 309 358 345 et
379 300 658 346 crediderunt
686 310 754 345 :et
777 299 887 343 facta
917 310 980 344 est
1006 300 1193 345 Ecclesia
1214 316 1314 345 vera
1342 303 1365 345 J
1372 301 1491 346 udaea
1507 338 1517 357 ,

137 369 215 414 ubi
232 380 361 415 notus
383 371 602 428 Christus,
622 371 699 433 qui
719 371 852 416 homo
874 379 938 415 est
959 386 1012 414 ex
1032 371 1194 416 semine
1216 373 1378 428 David,
1408 377 1522 418 Deus

135 455 265 500 super
282 441 436 486 David.

195 513 252 554 ΙΙ.
278 529 295 551 «
326 513 464 556 Notus
491 511 538 555 in
565 513 589 555 J
594 510 717 555 udaea
738 512 878 568 Deus3
901 510 947 553 in
970 509 1101 555 Israel
1123 525 1329 569 magnum
1350 527 1520 557 nomen

139 598 159 622 »
196 581 303 641 ejus.
336 600 353 623 »
377 584 434 626 Et
450 581 505 626 de
527 581 656 626 Israel
675 582 735 626 sic
757 580 966 625 debemus
990 581 1197 640 accipere,
1223 582 1446 641 quomodo
1466 582 1520 626 de

136 649 291 694 Judaea
322 669 331 695 :
357 650 578 711 quomodo
601 651 664 695 illi
686 667 776 696 non
803 660 905 695 sunt
925 651 1015 695 veri
1033 653 1057 694 J
1061 650 1192 705 udaei,
1214 651 1272 695 sic
1292 667 1372 696 nec
1393 667 1519 697 verus

138 720 284 764 Israel.
306 721 411 773 Quis
433 721 551 765 enim
579 720 738 766 dicitur
768 720 931 765 Israel?
959 720 1121 765 Videns
1144 724 1299 765 Deum.
1324 724 1382 765 Et
1405 737 1520 782 quo-

134 789 266 835 modo
288 789 352 834 illi
371 790 577 835 viderunt
598 797 749 847 Deum,
774 791 887 836 inter
907 806 1016 851 quos
1037 791 1277 837 ambulavit
1292 792 1338 836 in
1361 808 1517 850 carnc3

134 869 179 905 et
209 875 310 904 cum
341 869 544 920 putarent
572 861 794 906 hominem
813 896 824 916 ‚
859 860 1138 905 occiderunt?
1167 864 1412 921 Resurgens
1444 861 1518 906 ille

134 930 335 989 apparuit
361 934 475 975 Deus
512 931 741 986 omnibus,
776 932 937 991 quibus
965 947 1009 976 se
1035 931 1176 977 voluit
1206 932 1514 977 demonstrare.

136 998 203 1044 Illi
228 998 333 1059 ergo
353 999 474 1060 digni
495 1011 597 1046 sunt
619 1001 748 1047 Israe'l
779 1001 890 1057 dici,
921 1002 997 1062 qui
1024 1011 1278 1046 meruerunt
1299 1002 1519 1047 Christum

135 1069 374 1129 intelligere
396 1074 536 1115 Deum
557 1072 603 1115 in
615 1087 744 1116 carne
758 1072 963 1131 positum,
979 1081 1030 1115 ut
1049 1087 1139 1116 non
1156 1070 1277 1131 quod
1292 1070 1516 1124 videbant,

135 1149 487 1200 contemnerent·⁷
512 1143 588 1186 sed
615 1142 735 1202 quod
766 1158 856 1187 non
887 1141 1111 1197 videbant,
1141 1140 1384 1186 adorarent.
1422 1142 1521 1185 Non

135 1209 275 1254 visum
293 1209 409 1253 enim
427 1209 562 1254 oculis
581 1213 742 1254 Gentes
764 1210 920 1254 humili
939 1220 1085 1255 mente
1096 1218 1384 1268 perceperunt
1396 1208 1522 1252 illum

136 1294 267 1340 quem
298 1295 388 1324 non
414 1278 643 1335 videbant,
681 1288 724 1324 et
752 1279 839 1323 fide
868 1288 1120 1323 tenuerunt.
1148 1277 1334 1323 Proinde
1361 1278 1424 1321 illi
1446 1277 1522 1337 qui

135 1350 337 1395 manibus
363 1359 616 1406 tenuerunt,
643 1349 925 1408 occiderunt3
957 1350 1032 1410 qui
1061 1349 1147 1393 fide
1170 1358 1387 1403 tenerunt,
1414 1348 1522 1392 ado-

136 1429 357 1465 raverunt.
393 1439 414 1463 «
451 1423 503 1464 In
538 1419 670 1464 Israel
703 1435 908 1478 magnum
945 1435 1105 1464 nomen
1135 1420 1239 1479 ejus.
1277 1439 1293 1460 »
1326 1419 1400 1462 Vis
1434 1433 1523 1462 esse

138 1489 295 1534 Israel?
320 1489 453 1534 Illum
474 1489 672 1545 attende,
704 1489 759 1533 de
789 1506 876 1550 quo
899 1490 1109 1534 Dominus
1133 1489 1192 1532 ait
1216 1508 1224 1533 :
1250 1508 1268 1529 «
1294 1491 1406 1532 Ecce
1422 1503 1524 1532 vere

140 1580 160 1603 »
187 1560 394 1616 Israelita,
421 1562 466 1605 in
483 1577 572 1622 quo
594 1561 720 1605 dolus
743 1577 832 1606 non
855 1563 990 1605 est¹.»
1008 1561 1051 1604 Si
1071 1575 1228 1603 verus«
1246 1558 1453 1613 Israelita,
1478 1559 1524 1601 in

138 1650 159 1673 »
195 1647 284 1692 quo
304 1630 429 1676 dolus
449 1647 539 1675 non
561 1641 645 1687 est,
678 1651 696 1672 »
721 1630 859 1675 dolosi
881 1639 924 1674 ct
952 1628 1181 1673 mendaces
1202 1643 1293 1672 non
1315 1636 1416 1671 sunt
1436 1627 1526 1671 veri

136 1701 357 1747 Israelitae.
399 1705 497 1747 Non
531 1717 631 1759 ergo
661 1701 812 1745 dicant
842 1700 911 1744 isti
947 1699 1154 1759 quoniam
1190 1698 1307 1757 apud
1339 1697 1434 1741 illos
1464 1705 1527 1740 est

138 1774 268 1828 Deus,
286 1781 328 1816 et
347 1787 555 1829 magnum
577 1786 741 1816 nomen
763 1771 854 1830 ejus
875 1769 920 1812 in
939 1767 1084 1812 Israel.
1112 1768 1304 1811 Probent
1325 1781 1368 1810 se
1388 1769 1526 1809 Israe-

136 1842 258 1898 litas,
295 1852 339 1888 et
360 1842 554 1888 concedo
579 1858 660 1902 ego
691 1842 794 1902 quia
828 1860 848 1883 «
882 1843 934 1884 In
962 1839 1094 1884 Israel
1127 1853 1332 1896 magnum
1365 1852 1527 1881 nomen

140 1930 161 1954 »
197 1927 304 1972 ejus.
323 1932 344 1952 »

198 1984 281 2025 ΙΙΙ.
310 1999 330 2023 ι(
353 1984 409 2025 Et
431 1984 572 2027 factus
588 1982 713 2026 estin
735 1997 841 2042 pace
862 1980 983 2025 locus
1002 1979 1107 2039 ejus,
1134 1987 1178 2022 et
1201 1975 1413 2021 habitatio
1436 1977 1527 2036 ejus

142 2070 163 2093 »
198 2052 245 2096 in
274 2051 377 2096 Sion
389 2055 421 2095 2.
458 2068 478 2091 »
509 2053 675 2094 Rursus
711 2052 813 2096 Sion
842 2051 965 2111 quasi
992 2049 1129 2110 patria
1152 2057 1216 2092 est
1235 2047 1488 2091 Judaeorum
1516 2065 1525 2090 :

140 2137 241 2166 vera
267 2121 369 2166 Sion
385 2155 396 2175 ,
425 2118 618 2165 Ecclesia
649 2127 712 2163 est
737 2119 1099 2164 Christianorum.
1128 2116 1431 2176 Interpretatio
1450 2131 1531 2158 au-

141 2201 231 2236 tem
262 2191 491 2236 nominum
522 2189 801 2233 hebraeorum
850 2188 909 2232 sic
944 2189 1069 2232 nobis
1108 2187 1295 2231 traditur
1332 2178 1341 2230 ξ
1377 2185 1531 2229 Judaea

142 2262 366 2310 Confessio
382 2263 710 2322 interpretatur3
725 2258 857 2304 Israel
871 2258 1030 2302 Videns
1047 2261 1201 2302 Deum.
1219 2261 1321 2301 Post
1333 2259 1357 2300 J
1362 2255 1532 2300 udaeam

145 2331 277 2378 Israel
303 2353 311 2378 :
337 2333 395 2377 sic
415 2333 486 2376 hic
509 2332 698 2392 positum
726 2339 790 2374 est
817 2348 826 2373 :
858 2348 879 2370 «
901 2330 1040 2373 Notus
1069 2327 1113 2370 in
1147 2326 1301 2370 Judaea
1326 2332 1457 2381 Deus3
1487 2325 1533 2368 in

148 2425 166 2447 »
203 2404 335 2449 Israel
356 2419 566 2463 magnum
587 2417 749 2448 nomen
778 2402 885 2461 ejus.
913 2418 934 2440 »
966 2402 1106 2443 Deum
1127 2398 1190 2442 vis
1211 2396 1383 2441 videre?
1407 2395 1532 2439 Prius

145 2476 352 2521 confitere
371 2484 435 2528 tu,
450 2483 494 2518 et
510 2474 629 2518 sicin
646 2482 688 2517 te
700 2473 792 2532 ipso
804 2472 853 2515 fit
869 2470 990 2515 locus
1010 2469 1110 2526 Dei3
1125 2467 1227 2528 quia
1250 2486 1267 2507 «
1289 2469 1447 2511 Factus
1469 2473 1534 2509 est

195 2566 203 2582 ¹
227 2563 315 2592 Joan.
338 2570 361 2600 1,
377 2557 432 2601 47.
452 2575 492 2581 -
516 2564 528 2580 ²
544 2557 624 2589 Psal
646 2567 740 2597 mcxv,
759 2556 790 2588 3.
