1889 3285
502 266 742 296 ENARRATIO
775 268 821 295 IN
853 264 1057 295 PsALMUM
1088 268 1175 295 ΠΙ.
1497 258 1523 294 5

136 333 298 379 saeculi.
327 336 434 378 Tota
456 333 572 377 enim
594 332 784 377 Ecclesia
798 341 1000 376 constans
1017 347 1068 376 ex
1083 332 1285 376 omnibus
1302 329 1521 388 fidelibus,

136 405 238 464 quia
257 403 406 448 fideles
423 418 572 447 omnes
591 403 784 446 membra
802 412 904 447 sunt
917 403 1097 458 Christi,
1119 403 1252 447 habet
1266 402 1373 447 illud
1392 411 1526 462 caput

134 475 322 535 positum
344 474 389 517 in
411 473 532 518 coelis
555 473 674 533 quod
705 474 919 532 gubernat
940 489 1095 532 corpus
1116 489 1242 516 suum
1265 493 1273 518 z
1302 474 1381 518 etsi
1402 488 1523 533 sepa·

135 554 278 589 ratum
290 553 352 588 est
368 544 545 598 visione,
566 544 641 588 sed
660 544 905 588 annectitur
919 544 1142 587 charitate.
1164 543 1274 596 Quia
1292 559 1395 602 ergo
1409 552 1526 588 totus

134 616 330 661 Christus
361 624 493 674 caput
529 624 592 659 est
624 624 669 658 et
700 630 856 674 corpus
891 615 1006 674 ejus;
1039 623 1271 673 propterea
1305 614 1350 657 in
1384 614 1527 658 omni-

134 687 216 731 bus
250 685 425 730 Psalmis
459 686 520 729 sic
563 685 788 729 audiamus
825 701 952 729 voces
990 685 1170 744 capitis,
1201 695 1251 729 ut
1297 683 1526 729 audiamus

134 766 177 800 et
197 772 322 801 voces
350 756 556 815 corporis.
584 754 734 799 Noluit
754 755 871 799 enim
895 755 1018 815 loqui
1037 755 1264 815 separatim
1283 791 1293 810 ,
1319 755 1420 815 quia
1445 771 1528 800 no-

131 827 215 872 luit
242 843 330 871 esse
364 835 606 885 separatuS,
635 825 780 869 dicens
812 845 821 870 ;
862 845 881 867 α
907 829 1022 869 Ecce
1057 841 1137 884 ego
1168 825 1395 869 vobiscum
1429 841 1527 869 sum

135 916 154 939 »
179 913 316 957 usque
337 897 390 941 ad
409 896 831 941 consummationem
855 897 1045 940 saeculi&
1070 915 1090 937 »
1121 897 1162 941 Si
1185 896 1414 941 nobiscum
1437 906 1524 953 est,

131 967 327 1028 loquitur
348 968 393 1010 in
426 967 573 1021 nobis,
599 966 796 1026 loquitur
825 965 880 1010 de
908 967 1034 1010 nobis
1052 1002 1062 1022 ,
1098 967 1295 1027 loquitur
1317 983 1396 1027 per
1418 984 1523 1025 nos3

131 1039 231 1099 quia
253 1048 296 1082 et
318 1053 394 1082 nos
406 1037 630 1097 loquimur
646 1038 690 1080 in
706 1036 781 1080 illo
799 1058 810 1094 3
826 1046 868 1080 et
882 1037 980 1081 ideo
995 1052 1147 1081 verum
1160 1037 1404 1098 loquimur,
1425 1038 1527 1098 quia

130 1109 175 1152 in
196 1108 271 1152 illo
293 1107 531 1167 loquimur.
558 1110 668 1151 Nam
692 1106 869 1167 quando
896 1108 941 1150 in
958 1108 1085 1151 nobis
1113 1117 1156 1151 et
1177 1124 1229 1151 ex
1250 1108 1378 1152 nobis
1399 1107 1526 1168 loqui

130 1179 416 1233 voluerimus,
438 1179 483 1222 in
505 1178 731 1222 mendacio
748 1178 1087 1222 remanebimus.

190 1252 248 1292 II.
275 1249 381 1301 Quia
410 1264 509 1306 ergo
542 1247 783 1307 passionem
813 1248 987 1292 Domini
1021 1257 1165 1292 cantat
1191 1249 1271 1292 istc
1301 1248 1521 1305 Psalmus,

129 1319 228 1364 vide
251 1335 382 1379 quem
408 1317 585 1362 titulum
604 1318 765 1362 habeat
788 1337 796 1362 ι
828 1338 846 1359 «
874 1321 925 1361 In
943 1319 1091 1362 finem.
1125 1337 1144 1359 n
1180 1319 1298 1362 Finis
1327 1319 1525 1363 Christus

131 1391 237 1433 est2.
263 1392 406 1442 Quare
428 1388 568 1432 dictus
595 1388 820 1435 estfinis?
842 1391 940 1432 Non
967 1389 1042 1448 qui
1065 1398 1314 1444 consumat,
1346 1389 1422 1433 sed
1448 1390 1524 1449 qui

130 1468 416 1504 consummet.
443 1461 709 1503 Consumere
731 1459 870 1513 enim,
887 1459 1069 1517 perdere
1085 1468 1148 1503 est
1173 1479 1181 1504 :
1202 1475 1520 1515 consummare,

128 1530 349 1590 perficere.
379 1529 571 1573 Finitum
611 1529 727 1572 enim
751 1528 966 1588 quidquid
1001 1530 1186 1575 dicimus
1207 1566 1217 1585 ,
1244 1547 1266 1574 a
1295 1531 1382 1574 fine
1414 1530 1525 1575 dici-

128 1615 240 1643 mus.
270 1599 354 1644 Sed
376 1598 498 1642 aliter
531 1598 740 1643 dicimus:
778 1599 948 1643 Finitus
981 1608 1044 1643 est
1073 1600 1226 1659 panis,
1257 1600 1380 1643 aliter
1414 1599 1523 1645 dici·-

127 1686 249 1714 mus:
276 1669 419 1713 Finita
438 1678 501 1712 cst
519 1669 691 1725 tunica3
716 1669 864 1712 finitus
883 1678 946 1712 est
970 1669 1106 1728 panis,
1129 1671 1204 1730 qui
1228 1670 1524 1715 manducaba-

128 1749 224 1798 tur3
250 1740 372 1783 finita
400 1747 463 1782 est
483 1739 654 1794 tunica,
688 1754 788 1798 quae
810 1739 1036 1783 texebatur
1062 1759 1070 1784 ε
1097 1740 1218 1799 panis
1243 1755 1346 1798 crgo
1372 1740 1521 1785 finitus

128 1821 192 1855 est
222 1821 273 1854 ut
308 1819 664 1863 consumeretur,
702 1810 847 1853 tunica
880 1810 1002 1854 finita
1037 1820 1100 1854 est
1132 1820 1183 1854 ut
1218 1812 1516 1870 perficeretur.

128 1882 246 1926 Finis
269 1897 369 1939 ergo
384 1881 592 1941 propositi
607 1881 950 1926 nostriChristus
968 1892 1031 1926 est
1043 1883 1170 1943 quia,
1191 1883 1519 1943 quantumlibet

128 1967 362 2006 conemur,
402 1952 446 1994 in
480 1950 555 1994 illo
588 1950 840 2010 perficimur
862 1987 873 2006 ,
901 1961 944 1995 et
973 1952 1027 1996 ab
1062 1952 1136 1996 illo
1166 1954 1443 2012 perficimur,
1477 1964 1520 1999 et

126 2023 220 2067 haec
246 2031 311 2066 est
332 2021 543 2081 perfectio
573 2030 743 2076 nostra,
770 2021 823 2064 ad
845 2020 969 2066 illum
991 2024 1217 2082 pervenire
1241 2044 1249 2068 :
1269 2024 1317 2079 si,
1340 2040 1439 2068 cum
1463 2025 1519 2070 ad

126 2093 250 2137 illum
266 2092 526 2152 perveneris,
543 2091 657 2135 ultra
669 2108 756 2136 non
771 2093 942 2152 quaeris,
959 2094 1056 2137 finis
1074 2103 1174 2138 tuus
1189 2103 1265 2138 est.
1285 2095 1519 2148 Quomodo

100 2183 105 2187 ’
128 2163 242 2208 enim
266 2163 362 2206 finis
379 2163 460 2206 viae
475 2172 562 2206 tuae
581 2161 701 2206 locus
719 2172 782 2207 est
796 2179 884 2223 quo
897 2163 1039 2208 tendis
1057 2199 1067 2218 ,
1084 2180 1172 2224 quo
1194 2180 1294 2208 cum
1312 2181 1517 2224 pervene-

126 2234 204 2289 ris,
225 2235 315 2294 jam
336 2233 531 2276 manebis
557 2252 566 2278 2
592 2232 650 2276 sic
667 2232 763 2276 finis
785 2232 915 2277 studii
933 2233 1019 2288 tui,
1041 2233 1251 2294 propositi
1266 2234 1330 2278 tui
1350 2270 1361 2287 ,
1379 2251 1515 2280 cona-

126 2314 195 2349 tus
216 2305 302 2359 tui,
320 2304 572 2348 intentionis
589 2313 675 2348 tuae
691 2339 703 2359 ‚
725 2303 798 2348 ille
815 2314 879 2349 est
900 2305 954 2349 ad
972 2321 1104 2366 quem
1122 2306 1284 2361 tendis,
1306 2305 1360 2350 ad
1383 2323 1515 2367 quem

126 2391 227 2420 cum
248 2375 519 2434 perveneris,
545 2375 659 2419 ultra
683 2391 772 2418 non
795 2374 1081 2432 desiderabis,
1109 2377 1211 2437 quia
1233 2377 1387 2421 melius
1405 2378 1516 2422 nihil

125 2445 322 2490 habebis.
350 2448 445 2504 Ipse
467 2461 569 2504 ergo
592 2454 634 2489 et
663 2445 911 2505 exemplum
939 2447 1063 2491 nobis
1092 2447 1266 2491 vivendi
1288 2448 1515 2508 proposuit

125 2517 171 2560 in
192 2517 273 2560 hac
294 2517 408 2572 vita,
434 2525 476 2560 et
500 2516 728 2576 praemium
750 2517 924 2562 vivendi
945 2517 1068 2564 dabit
1089 2519 1136 2564 in
1156 2517 1303 2564 futura
1315 2519 1419 2564 vita.

176 2607 184 2623 ¹
205 2600 316 2633 Matth.
337 2612 442 2643 xxvm,
462 2610 514 2633 20.
533 2617 571 2624 -—
593 2608 604 2623 2
622 2602 711 2636 qu.
735 2612 765 2643 ¹2,
782 2601 812 2643 4.
