1889 3285
428 261 483 297 32
852 267 885 293 s.
922 262 1152 293 Anonsnm
1184 266 1366 293 Emscom

426 334 599 379 Dictum
622 340 685 375 est
706 332 822 375 enim
841 349 848 374 :
879 349 898 372 «
918 331 1058 389 Major
1079 330 1234 374 serviet
1255 328 1426 373 minori.
1449 346 1468 368 »
1494 327 1728 371 Occultum
1746 327 1808 371 ibi

421 403 635 464 judicium
658 402 760 446 Dei:
779 401 854 445 scd
876 410 1020 444 tamen
1038 417 1059 444 a
1077 400 1207 444 vulva
1227 435 1237 455 ,
1260 399 1306 444 id
1322 409 1386 444 est
1401 434 1411 453 ,
1437 398 1491 443 ab
1509 398 1600 458 ipsa
1623 398 1804 456 origine,

431 491 450 515 «
486 471 671 517 Alienati
706 480 806 515 sunt
833 479 1091 530 peccatores.
1121 488 1142 511 »
1170 469 1292 514 Unde
1316 469 1519 513 alienati?
1551 471 1590 512 A
1611 467 1804 512 veritate.

427 541 552 586 Unde
573 541 772 585 alienati?
794 544 831 584 A
854 539 989 599 patria
1013 540 1152 593 beata,
1178 556 1202 583 a
1222 539 1309 582 vita
1326 539 1468 582 beata.
1485 541 1554 581 An
1570 536 1682 581 forte
1704 537 1810 580 alie-

426 612 517 656 nati
535 612 588 655 ab
605 612 695 670 ipsa
715 610 843 655 vulva
855 612 937 653 PEt
951 610 1026 669 qui
1040 618 1284 668 peccatores
1301 607 1475 652 alienati
1489 616 1590 651 sunt
1607 623 1630 651 a
1651 605 1809 669 vulva?

426 683 511 735 Qui
529 683 643 725 enim
666 689 960 735 nascerentur,
986 679 1019 722 si
1041 695 1130 722 non
1152 679 1213 722 ibi
1233 679 1511 722 tenerentur?
1525 681 1615 721 Aut
1631 677 1707 737 qui
1726 677 1809 722 ho-

425 751 494 796 die
516 752 728 806 viverent,
755 761 805 795 ut
826 751 919 794 haec
942 750 1032 793 sine
1061 765 1189 793 causa
1218 749 1420 792 audirent
1436 783 1446 803 ‚
1472 747 1552 790 nisi
1580 762 1809 791 nasceren-

424 824 527 866 tur?
548 825 678 865 Forte
696 836 799 879 ergo
823 836 846 863 a
869 819 1058 879 quadam
1082 818 1210 863 vulva
1232 818 1405 862 alienati
1422 827 1525 862 sunt
1541 827 1804 877 peccatores,
1864 850 1866 855 ·

424 891 470 934 in
491 907 576 950 qua
598 889 767 934 dolores
788 889 1033 948 patiebatur
1052 889 1252 943 charitas,
1266 904 1343 947 per
1356 887 1611 947 Apostolum
1635 887 1804 932 dicens:

429 979 450 1002 «
483 963 600 1012 Quos
622 961 778 1002 iterum
799 959 989 1018 parturio
1007 993 1017 1012 ‚
1051 957 1190 1002 donec
1212 958 1407 1002 Christus
1429 955 1641 1001 formetur
1662 957 1707 1000 in
1730 973 1808 1002 vo-

427 1046 448 1070 »
482 1029 587 1072 bis1.
614 1048 633 1069 »
669 1031 857 1084 Expecta
875 1043 978 1086 ergo
994 1062 1004 1082 ‚
1025 1026 1228 1072 formare.
1250 1025 1347 1071 Noli
1371 1026 1450 1070 tibi
1472 1027 1663 1070 tribuere
1684 1025 1807 1086 judi-

425 1098 541 1142 cium
569 1098 691 1158 quod
711 1097 823 1141 forte
846 1113 935 1141 non
951 1097 1078 1141 nosti.
1107 1096 1300 1141 Carnalis
1320 1113 1363 1140 es
1383 1095 1525 1141 adhuc
1539 1132 1550 1152 ,
1574 1106 1809 1157 conceptus

425 1184 467 1212 es
489 1188 496 1212 :
524 1184 574 1212 eo
596 1168 687 1227 ipso
711 1183 799 1227 quo
822 1167 1022 1226 accepisti
1043 1182 1204 1211 nomen
1221 1167 1396 1222 Christi,
1413 1177 1679 1212 sacramento
1698 1183 1809 1228 quo-

425 1237 522 1280 dam
545 1246 672 1281 natus
693 1252 736 1280 es
758 1237 803 1280 in
820 1237 1056 1281 visceribus
1073 1236 1235 1280 matris.
1254 1239 1351 1281 Non
1374 1237 1488 1280 enim
1507 1253 1557 1281 ex
1572 1237 1807 1281 visceribus

423 1316 593 1350 tantum
619 1308 750 1352 homo
772 1308 962 1351 nascitur
978 1342 988 1362 ,
1017 1307 1094 1351 sed
1115 1315 1158 1350 et
1178 1306 1224 1349 in
1242 1306 1493 1350 visceribus.
1520 1308 1642 1350 Prius
1665 1307 1813 1364 nasci--

423 1388 494 1422 tur
516 1379 562 1421 in
583 1378 830 1433 visceribus,
857 1387 906 1422 ut
927 1378 1062 1437 possit
1078 1377 1196 1421 nasci
1217 1375 1272 1420 de
1301 1377 1549 1421 visceribus.
1574 1381 1808 1438 Propterea

424 1448 589 1493 dictum
607 1459 669 1493 est
690 1448 744 1492 dc
767 1450 902 1493 Maria
922 1468 930 1493 ;
954 1447 1082 1502 Quod
1099 1449 1215 1492 enim
1232 1457 1384 1491 natum
1404 1457 1468 1492 est
1488 1448 1534 1491 iu
1556 1464 1621 1504 ea,
1637 1450 1692 1492 de
1716 1449 1806 1508 Spi-

428 1539 445 1560 »
481 1519 567 1563 ritu
584 1528 730 1563 sancto
748 1523 851 1563 est'2.
876 1538 894 1560 »
920 1518 1126 1564 Nondum
1148 1518 1201 1561 de
1218 1517 1290 1561 illa
1307 1527 1468 1564 natum,
1483 1528 1573 1562 erat
1587 1553 1598 1573 ‚
1624 1518 1699 1563 sed
1713 1520 1806 1579 Jam

422 1590 469 1633 in
488 1590 562 1634 illa
585 1599 735 1634 natum
758 1599 863 1633 crat.
890 1593 1006 1647 Ergo
1029 1598 1267 1632 nascuntur
1288 1589 1400 1633 intra
1420 1589 1582 1633 viscera
1602 1589 1805 1634 Ecclesiae

421 1660 599 1720 quidam
631 1659 799 1718 parvuli
838 1679 846 1703 ε
885 1669 927 1702 et
955 1659 1122 1703 bonum
1151 1667 1213 1701 est
1245 1668 1294 1702 ut
1325 1658 1501 1702 formati
1536 1651 1716 1715 exeant,
1748 1677 1804 1705 nc

422 1732 577 1774 abortu
593 1729 810 1773 labantur.
829 1731 1015 1773 Gencret
1027 1738 1070 1772 tc
1087 1737 1239 1784 mater,
1256 1736 1345 1773 non
1363 1730 1564 1775 abortiat.
1581 1731 1623 1774 Si
1637 1732 1803 1791 patiens

420 1800 573 1854 vfueris,
594 1814 822 1859 usquequo
840 1798 1038 1842 formeris
1053 1834 1063 1853 ,
1089 1814 1226 1858 usquc
1252 1815 1340 1858 quo
1363 1800 1406 1842 in
1431 1809 1470 1843 te
1488 1810 1604 1844 certa
1621 1801 1674 1845 sit
1696 1801 1802 1846 doc-

420 1869 531 1912 trina
545 1870 748 1923 Veritatis,
766 1868 989 1912 continere
1005 1878 1046 1912 te
1063 1869 1226 1912 debent
1241 1878 1432 1913 materna
1457 1870 1634 1914 viscera.
1656 1872 1698 1916 Si
1720 1888 1774 1915 au
1788 1899 1800 1906 -

422 1938 788 1997 temimpatientia
808 1947 881 1981 tua
904 1938 1168 1981 concusseris
1189 1938 1323 1981 latera
1343 1939 1506 1995 matris,
1527 1956 1629 1984 cum
1650 1931 1800 1986 dolore

419 2001 594 2066 quidem
612 2016 654 2049 tc
673 2007 833 2050 excutit
851 2005 962 2050 foras
980 2041 990 2061 ,
1014 2006 1089 2050 sed
1108 2007 1240 2063 magis
1263 2002 1338 2051 tuo
1356 2008 1471 2052 malo
1494 2025 1625 2069 quam
1643 2026 1736 2056 suo.

475 2079 550 2119 Vl.
583 2096 601 2117 «
632 2076 818 2119 Alienati
839 2085 939 2119 sunt
966 2086 1210 2135 peccatores
1237 2094 1260 2121 a
1288 2077 1416 2122 vulva
1434 2114 1444 2133 ,
1484 2091 1738 2125 erravcrunt
1775 2099 1799 2127 a

421 2164 441 2187 >›
476 2155 647 2201 ventre,
667 2145 802 2190 locuti
818 2155 918 2189 sunt
940 2144 1085 2189 falsa?
1103 2165 1121 2186 »
1138 2146 1243 2191 ldeo
1261 2163 1360 2205 crgo
1379 2160 1630 2194 erraverunt
1652 2167 1676 2195 a
1692 2167 1798 2196 vcn-

417 2225 511 2270 110,
543 2217 642 2274 quia
675 2215 809 2259 locuti
845 2224 946 2259 sunt
981 2214 1112 2259 falsa?
1146 2220 1215 2260 An
1248 2219 1392 2276 potius
1415 2219 1511 2263 ideo
1539 2219 1673 2265 locuti
1695 2232 1797 2267 sunt

416 2284 522 2329 salsa
538 2320 548 2340 ,
574 2285 675 2344 quia
697 2294 987 2329 e1¹rax=e1·unta
1009 2288 1188 2329 ventre?
1213 2290 1263 2330 lu
1290 2297 1439 2331 ventre
1461 2289 1622 2349 quippe
1641 2291 1794 2336 Eccle-

415 2356 502 2410 siae,
522 2356 676 2399 veritas
698 2364 857 2398 manet.
884 2355 1086 2414 Quisquis
1105 2356 1159 2399 ab
1179 2357 1262 2400 hoc
1280 2366 1427 2401 ventre
1446 2358 1649 2403 Ecclesiae
1671 2376 1796 2420 sepa-

415 2435 531 2476 ratus
553 2425 684 2468 fuerit
699 2459 709 2479 ,
734 2440 905 2468 11000550
934 2434 996 2469 est
1027 2425 1133 2469 salsa
1152 2426 1358 2486 loquatur
1380 2447 1388 2471 :
1413 2443 1584 2473 necesse
1608 2440 1696 2486 est,
1722 2432 1792 2475 in-

416 2488 569 2556 quam,
594 2494 698 2539 falsa
719 2494 922 2555 loquatur
937 2530 947 2550 ‚
971 2497 1046 2556 qui
1075 2506 1149 2540 aut
1171 2496 1341 2556 concipi
1372 2498 1513 2543 noluit
1529 2534 1539 2554 ‚
1567 2509 1640 2544 aut
1661 2495 1791 2561 quern

464 2587 471 2602 ¹
495 2580 560 2613 Gal.
582 2591 628 2621 iv,
653 2591 707 2620 ις).4
728 2596 767 2602 —
785 2585 796 2601 2
816 2578 926 2611 matth.
946 2577 971 2620 1,
992 2588 1044 2612 20.
1063 2596 1102 2602 —-
1124 2578 1232 2612 3Ps211.
1249 2591 1326 2622 nvn,
1350 2579 1378 2621 4.
