1889 3285
365 215 450 257 214
747 227 780 253 s.
827 224 1060 252 AUGUSTINI
1093 224 1272 251 EPlsCOPI

365 293 412 336 in
433 292 566 335 finem
588 290 796 335 Dominus
820 288 964 333 mittat
988 288 1035 331 in
1060 302 1241 331 messem
1261 287 1451 347 Angelos
1468 303 1581 332 suos.
1608 290 1745 332 Antea

365 377 468 420 ergo
503 360 722 405 desertum
745 368 861 414 erat,
901 357 977 402 sed
1002 376 1022 399 «
1050 358 1340 417 Pinguescent
1367 359 1474 402 fines
1513 357 1686 402 deserti.
1720 376 1740 400 η

363 434 478 476 Ecce
497 431 576 475 ubi
609 431 838 490 Prophetae
865 444 955 473 non
988 438 1223 472 sonuerant
1238 462 1249 483 ,
1274 429 1484 472 Dominus
1505 429 1746 487 Propheta-

363 516 461 545 rum
484 510 685 560 acceptus
702 510 765 544 est
788 519 797 544 ε
828 519 847 541 «
872 499 1159 557 pinguescent
1186 499 1292 543 fines
1314 498 1489 556 deserti3
1514 508 1559 543 et
1578 499 1746 544 exulta-

366 589 389 613 »
424 573 541 616 tione
554 571 684 615 colles
708 571 1038 629 accingentur.»

419 643 586 686 XVIII.
613 660 634 683 «
655 640 803 685 Induti
822 649 923 684 sunt
939 639 1089 683 arietes
1107 637 1278 683 ovium1
1299 658 1308 685 z
1330 657 1352 681 n
1375 638 1744 695 subaudiendum,

367 731 389 755 «
420 711 714 758 Exultatione.
729 729 750 752 »
771 716 863 764 Qua
880 710 995 755 enim
1020 708 1285 754 exultatione
1301 709 1432 754 colles
1450 710 1744 769 accingentur,

360 784 445 828 hac
476 782 722 827 induuntur
756 781 907 825 arietes
941 780 1103 825 ovium.
1140 780 1227 840 Ipsi
1267 780 1446 835 arietes,
1489 780 1567 840 qui
1598 779 1743 825 colles.

361 852 505 898 Colles
527 853 643 896 enim
657 886 668 907 ,
693 851 977 896 eminentiore
993 852 1126 909 gratia
1142 872 1154 909 3
1171 851 1345 906 arietes,
1371 851 1474 911 quia
1499 849 1631 895 duces
1649 865 1748 908 gre-

364 938 483 983 gum.
509 923 674 966 Arietes
695 937 798 980 ergo
821 920 1018 981 Apostoli
1039 921 1183 965 induti
1201 929 1303 964 sunt
1325 920 1592 964 exultatione
1601 955 1619 981 Α,
1640 934 1749 978 gau-

362 993 468 1038 dent
487 992 541 1037 de
561 992 779 1038 fructibus
797 992 882 1036 suis
897 1027 908 1047 ‚
929 1007 1019 1036 non
1040 992 1130 1036 sine
1151 1007 1280 1036 causa
1300 990 1610 1035 laboraverunt
1624 1025 1635 1046 ,
1660 1006 1750 1035 non

362 1064 455 1108 sine
477 1078 605 1107 causa
625 1061 986 1122 praedicaverunt.
1015 1079 1035 1103 (ε
1057 1061 1206 1106 Induti
1219 1070 1322 1106 sunt
1343 1061 1494 1105 arietes
1518 1060 1687 1105 ovium:
1708 1068 1751 1104 et

365 1152 387 1175 n
422 1132 639 1178 convalles
668 1132 960 1177 abundabunt
976 1131 1198 1176 frumento
1222 1147 1230 1172 ι
1255 1150 1275 1172 »
1302 1134 1358 1175 Et
1383 1129 1569 1174 humiles
1598 1129 1750 1189 populi

362 1203 554 1248 multum
587 1202 779 1247 fructum
815 1203 1014 1247 afferent.
1045 1222 1064 1244 «
1089 1202 1354 1248 Clamabunt
1383 1221 1392 1245 :
1421 1219 1441 1242 »
1468 1199 1578 1244 Inde
1611 1199 1752 1244 abun-

364 1275 537 1320 dabunt
570 1273 793 1318 frumento
812 1309 822 1329 ‚
863 1275 964 1334 quia
1005 1272 1274 1318 clamabunt.
1317 1271 1431 1325 Quid
1468 1270 1751 1315 clamabunt?

364 1364 387 1388 »
422 1345 598 1390 Etenim
618 1345 835 1402 hymnum
857 1344 1018 1388 dicent.
1036 1361 1058 1385 »
1081 1342 1216 1388 Aliud
1243 1352 1306 1388 est
1327 1342 1443 1386 enim
1465 1341 1650 1386 clamare
1671 1340 1751 1386 ad-

364 1432 512 1462 versus
553 1418 694 1460 Deum
710 1449 720 1469 ‚
757 1414 878 1459 aliud
929 1415 1147 1471 hymnum
1183 1413 1326 1457 dicere
1349 1433 1361 1470 3
1403 1411 1523 1456 aliud
1567 1409 1752 1456 clamare

364 1485 585 1543 sacrilegia
602 1521 612 1540 ‚
639 1483 758 1528 aliud
785 1485 970 1529 clamare
991 1483 1142 1528 laudes
1164 1483 1257 1528 Dei.
1298 1483 1341 1527 Si
1370 1481 1530 1526 clamas
1560 1482 1606 1525 in
1633 1481 1753 1526 blas·
1799 1515 1802 1518 -

364 1555 538 1615 phemia
555 1590 566 1611 ‚
588 1555 729 1614 spinas
749 1552 967 1614 protulisti
989 1572 997 1598 :
1023 1553 1057 1597 si
1079 1552 1236 1598 clamas
1269 1552 1314 1597 in
1335 1553 1503 1610 hymno
1517 1586 1529 1607 ‚
1553 1551 1751 1596 abundas

365 1627 605 1671 frumento.
1572 1637 1576 1639 ’

373 1779 976 1798 Mvmmmzxmwumtummm
983 1779 1399 1797 ὪἏἜΜΜΜΜῚΙᾺΜΑἎΞΛΜ
1405 1779 1756 1798 ΝΜΝΜΜΜΜΜΛΝΜΜ

880 1899 1259 1949 ENARRATIO

786 2050 846 2088 IN
889 2049 1193 2090 PSALMUM
1224 2052 1364 2090 LXV.

841 2195 990 2239 Sermo
1012 2191 1068 2238 ad
1087 2192 1279 2253 plebem.

428 2330 462 2371 I.
490 2330 759 2373 INscmann
776 2329 822 2372 in
841 2329 967 2373 titulo
990 2329 1184 2374 Psalmus
1202 2331 1305 2374 iste‘2
1325 2349 1333 2375 :
1359 2349 1379 2373 «
1402 2333 1459 2375 In‘
1474 2331 1609 2375 finem
1630 2333 1748 2377 Can-

370 2417 391 2441 »
426 2401 560 2467 ticum
586 2399 742 2444 Psalmi
770 2401 1093 2445 resurrectionis
1107 2403 1139 2446 3.
1167 2405 1216 2445 In
1239 2402 1370 2445 finem
1387 2437 1398 2457 ‚
1423 2420 1443 2443 »
1470 2418 1571 2446 cum
1595 2403 1753 2448 auditis

416 2501 425 2518 ¹
446 2495 527 2526 psal,
540 2506 627 2535 an',
651 2494 697 2536 ¹4-
719 2512 760 2518 —-
776 2502 788 2517 ²
804 2496 880 2527 Vide
898 2499 934 2527 D.
955 2496 1078 2529 Guillou
1096 2522 1102 2537 ,
1122 2501 1199 2528 tom.
1217 2509 1363 2539 xxifflng.
1381 2497 1550 2539 538—542.
1574 2516 1616 2521 -
1636 2497 1649 2523 3
1668 2498 1746 2531 Psal.

370 2560 449 2589 mv,
476 2561 508 2581 ι.

1843 3156 1875 3285 l
