1889 3285
397 278 639 308 ENARRAno
670 282 718 309 IN
750 279 954 310 PsALMUM
985 279 1086 308 va.
1322 263 1406 305 235

25 345 238 401 merseris,
249 343 325 390 sed
335 346 570 389 enataveris
581 366 592 403 3
603 361 679 405 per
687 344 955 405 disciplinam
967 343 1121 389 transis
1133 343 1189 387 ad
1195 343 1404 402 requiem,

25 425 72 460 et
91 415 309 475 transiens
323 430 401 474 per
417 415 562 473 ignem
584 424 628 459 et
656 431 813 475 aquam
835 415 1028 460 educeris
1048 414 1095 457 in
1115 411 1402 471 refrigerium.

27 488 223 545 Quarum
241 485 360 529 enim
379 501 525 537 rerum
548 486 668 543 signa
691 496 794 530 sunt
818 487 863 530 in
883 485 1182 538 sacramentis,
1207 483 1311 542 ipsae
1341 498 1408 527 res

23 565 126 600 sunt
146 557 192 600 in
213 555 289 599 illa
309 554 575 615 perfectione
597 556 698 600 vitae
719 566 906 600 aeternae.
937 558 1033 600 Jam
1062 569 1164 598 cum
1186 553 1408 598 transieri-

24 641 121 670 mus
137 627 193 670 ad
213 625 323 670 illud
346 625 618 684 refrigerium
634 662 644 680 ‚
662 625 814 671 fratres
847 625 1113 678 charissimi,
1142 623 1316 668 nullum
1345 623 1407 667 ibi

24 696 275 740 timebimus
299 696 524 740 inimicum
540 731 550 751 ‚
575 696 744 740 nullum
769 706 1026 741 tentatorem
1043 730 1054 751 ,
1094 693 1267 738 nullum
1294 693 1409 736 invi-

23 765 131 823 dum
149 801 160 821 ‚
180 766 354 810 nullum
375 766 522 824 ignem
538 802 552 821 ,
569 766 737 810 nullam
764 782 922 827 aquam
940 788 951 823 3
973 774 1234 826 perpetuum
1255 763 1318 808 ibi
1336 779 1408 807 re-

20 836 248 896 frigerium
269 837 363 881 erit.
389 836 677 896 Refrigerium
692 847 870 897 propter
889 838 1080 898 quietem
1101 835 1274 879 dicitur.
1298 837 1409 879 Nam

22 906 58 950 si
89 906 238 952 dicas:
277 906 406 951 Calor
436 916 498 951 est
518 943 529 962 ‚
560 923 713 951 verum
751 917 815 951 est
836 908 870 951 si
909 907 1026 951 dicas
1053 926 1062 951 ε
1087 904 1405 964 Refrigerium‚

17 991 174 1030 ‘verum
192 985 270 1020 est.
294 977 337 1021 Si
359 977 475 1021 enim
496 977 764 1037 refrigerium
790 977 904 1020 male
927 977 1131 1036 accipiaS,
1162 976 1285 1035 quasi
1314 984 1409 1018 tor-

21 1046 235 1106 pescimus
256 1047 332 1091 ibi.
364 1049 460 1092 Non
483 1057 628 1092 autem
650 1048 934 1107 torpescimus
954 1048 1038 1102 ibi,
1076 1046 1150 1092 sed
1174 1045 1408 1105 requiesci-

20 1131 120 1160 mus
145 1136 155 1161 :
179 1131 261 1161 nec
284 1117 386 1177 quia
410 1117 527 1162 calor
549 1117 729 1173 dicitur,
755 1117 1036 1161 aestuabimus
1062 1116 1146 1171 ibi,
1171 1116 1247 1160 sed
1268 1114 1409 1158 ferve-

19 1186 165 1249 bimus
199 1188 367 1247 spiritu,
398 1188 590 1233 Attendc
619 1190 761 1249 ipsum
786 1189 974 1233 calorem
998 1189 1045 1231 in
1067 1188 1161 1234 ,alio
1192 1186 1362 1231 Psalmo
1395 1205 1405 1230 :

24 1276 46 1300 «
69 1259 159 1302 Nec
182 1266 246 1301 est
261 1259 338 1318 qui
357 1274 402 1302 se
423 1258 661 1303 abscondat
683 1275 706 1303 a
729 1258 870 1303 calore
893 1260 983 1318 ejus
1003 1260 1033 1301 1.
1063 1277 1081 1299 »
1103 1256 1218 1310 Quid
1239 1255 1344 1300 dicit
1365 1264 1409 1299 et

19 1327 280 1388 Apostolus?
309 1348 329 1371 «
360 1329 523 1388 Spiritu
547 1329 804 1373 ferventes2.
834 1348 854 1370 »
886 1332 1030 1387 Ergo,
1070 1348 1090 1369 «
1117 1327 1408 1371 Transivimus

22 1416 45 1440 »
70 1413 145 1456 per
161 1399 308 1457 ignem
330 1407 374 1442 et
394 1414 553 1459 aquam
579 1418 587 1443 :
613 1408 656 1443 et
677 1398 859 1443 eduxisti
888 1415 966 1443 nos
996 1399 1041 1442 in
1064 1397 1354 1456 refrigerium.
1383 1415 1404 1438 n

78 1471 245 1513 XVIII.
263 1469 452 1513 Attende
475 1471 577 1530 quia
598 1486 688 1514 non
705 1480 877 1514 tantum
895 1469 949 1513 de
967 1468 1188 1527 refrigerio
1208 1504 1219 1523 ,
1231 1467 1306 1512 sed
1327 1483 1408 1512 nec

19 1539 74 1584 de
92 1539 186 1598 ipso
207 1539 309 1597 igne
331 1540 514 1599 optabili
547 1541 681 1584 tacuit
703 1560 710 1584 :
741 1559 758 1580 «
788 1540 984 1584 introibo
1006 1540 1053 1583 in
1085 1539 1265 1583 domum
1286 1548 1408 1582 tuam

24 1630 42 1653 »
68 1611 114 1654 in
134 1610 397 1655 holocaustis
412 1612 442 1654 3.
462 1629 481 1651 »
499 1611 615 1664 Quid
638 1620 701 1655 est
719 1611 1053 1656 holocaustum?
1077 1614 1235 1654 Totum
1257 1610 1408 1654 incen-

19 1695 115 1723 sum
131 1714 143 1734 ,
167 1679 243 1724 sed
264 1680 362 1738 igne
392 1680 556 1726 divino.
584 1681 898 1725 Holocaustum
935 1681 1053 1724 enim
1085 1681 1246 1724 dicitur
1272 1680 1407 1724 sacri-

18 1750 192 1805 ficium,
217 1765 318 1794 cum
335 1759 478 1794 totum
506 1749 771 1795 accenditur.
801 1750 911 1795 Aliae
940 1760 1042 1795 sunt
1072 1759 1215 1809 partes
1241 1750 1402 1794 sacrifi—

19 1820 214 1876 ciorum,
251 1820 371 1864 aliud
401 1820 708 1865 holocaustum
749 1840 758 1865 :
794 1820 972 1880 quando
1002 1829 1145 1864 totum
1181 1819 1331 1875 ardet,
1363 1829 1406 1863 et

19 1899 163 1936 totum
201 1891 473 1935 consumitur
509 1892 608 1949 igne
645 1891 794 1936 divino
813 1927 823 1946 ,
863 1891 1168 1936 holocaustum
1209 1891 1370 1934 dicitur
1391 1911 1403 1949 3

19 1961 197 2022 quando
215 1977 335 2021 pars,
351 1962 624 2006 sacrificium.
646 1963 786 2005 Omne
813 1962 991 2022 quidem
1013 1961 1317 2006 holocaustum
1336 1977 1406 2005 sa·

18 2031 228 2076 crificium
257 2051 266 2076 ε
291 2031 367 2076 sed
388 2048 478 2076 non
499 2047 628 2076 omne
651 2033 907 2076 sacrificium
930 2032 1249 2076 holocaustum.
1272 2032 1408 2076 Holo-

19 2111 164 2147 causta
202 2118 304 2162 ergo
338 2103 555 2162 promittit
575 2138 586 2156 ‚
624 2118 781 2162 corpus
813 2103 972 2148 Christi
999 2102 1223 2164 loquitur,
1263 2103 1406 2148 unitas

18 2172 176 2218 Christi
186 2172 396 2233 loquitur,
408 2192 427 2214 «
442 2173 638 2217 Introibo
651 2173 697 2216 in
711 2173 893 2217 domum
905 2174 1079 2217 tuamin
1090 2172 1368 2217 holocaustis.
1379 2190 1400 2214 »

21 2246 180 2288 Totum
208 2259 357 2288 meum
387 2254 614 2289 consumat
634 2245 741 2302 ignis
775 2254 877 2289 tuus
894 2279 905 2300 ‚
942 2244 1052 2288 nihil
1072 2245 1157 2289 mei
1184 2253 1406 2289 remaneat

19 2315 127 2359 mihi
145 2350 158 2370 ‚
185 2323 327 2359 totum
349 2316 403 2359 sit
417 2315 511 2359 tibi.
538 2317 632 2360 Hoc
646 2325 792 2360 autem
815 2316 897 2359 erit
917 2316 963 2359 in
984 2316 1298 2360 resurrectione
1308 2317 1405 2376 jus-

18 2394 165 2430 torum
180 2420 191 2441 ‚
215 2404 236 2427 «
256 2384 438 2438 Quando
460 2395 504 2430 et
531 2385 812 2446 corruptibile
839 2387 924 2431 hoc
946 2385 1153 2431 induetur
1173 2387 1404 2445 incorrup-

21 2474 42 2500 »
66 2457 210 2512 tione,
235 2466 278 2501 et
299 2457 482 2517 mortale
493 2458 577 2502 hoc
599 2457 809 2502 induetur
828 2458 1150 2502 immortalitate
1177 2478 1186 2502 ;
1209 2467 1315 2502 tunc
1327 2458 1403 2501 fiet

21 2544 44 2568 »
77 2526 196 2588 quod
217 2527 426 2587 scriptum
437 2537 501 2572 est
518 2547 526 2572 :
548 2547 566 2569 ‹<
579 2529 795 2588 Absorpta
809 2538 872 2572 est
887 2544 1002 2573 mors
1022 2528 1068 2572 in
1082 2528 1309 2573 victoriam
1322 2528 1353 2570 4.
1378 2545 1398 2568 »

67 2617 78 2633 ¹
95 2610 177 2645 Psal.
196 2622 291 2652 xvur,
308 2622 339 2653 7.
359 2628 399 2634 —
422 2618 434 2634 ²
450 2614 540 2644 Rom.
562 2623 619 2653 xu,
639 2624 744 2644 11.—
758 2611 772 2636 3
790 2612 870 2646 Psal.
891 2624 965 2653 mv,
988 2613 1038 2644 13.
1057 2629 1097 2637 —-
1111 2611 1129 2640 4
1147 2623 1158 2644 1
1185 2613 1257 2644 Cor.
1277 2621 1334 2651 xv,
1347 2610 1400 2651 54.
