1889 3285
417 262 499 300 358
848 268 881 297 s.
917 268 1148 298 Auous'nm
1179 271 1361 298 Emscom

413 336 538 383 Unde
558 335 631 379 ille
649 334 823 380 dicebat
849 336 895 379 in
911 337 1119 395 *passione
1140 354 1149 380 :
1179 355 1200 378 «
1229 337 1356 381 Aruit
1385 336 1495 381 sicut
1519 345 1629 381 testa
1656 338 1792 383 virtus

411 427 432 450 »
467 422 563 451 mea
577 409 609 449 1.
637 423 658 447 »
684 406 829 450 Passio
851 406 1013 466 quippe
1035 414 1078 449 et
1107 405 1300 450 caminus
1321 406 1610 451 tribulationis
1632 406 1794 452 fecerat

407 478 649 523 fortiorem.
674 480 841 521 Rursus
861 477 896 520 si
916 475 1104 521 lauderis
1123 475 1178 520 ab
1206 475 1485 522 adulantibus
1505 487 1548 522 et
1569 488 1792 523 assentan-

406 548 525 594 tibus
541 583 553 604 ,
579 557 622 592 et
643 548 844 592 annueris
874 547 956 603 eis,
980 546 1116 592 veluti
1146 562 1292 591 emens
1315 548 1459 593 oleum
1475 583 1487 603 ,
1521 564 1612 593 non
1646 557 1791 594 tecum

405 628 608 680 portans,
646 618 757 662 sieut
798 618 995 678 quinque
1037 618 1225 677 virgines
1256 618 1534 678 insipientes2
1559 640 1571 677 3
1601 620 1683 663 erit
1718 635 1792 665 ca-

407 690 550 734 minus
572 687 752 733 facturae
775 698 863 732 tuae
886 689 1017 733 etiam
1038 704 1084 732 os
1110 687 1385 732 laudantium
1407 698 1465 733 te.
1501 689 1586 734 Sed
1613 689 1705 733 sine
1724 690 1792 734 his

406 776 498 805 non
538 775 793 819 possumus,
821 775 993 804 necesse
1021 768 1084 803 est
1117 768 1168 803 ut
1203 768 1246 803 et
1272 760 1481 803 intremus
1512 760 1558 803 in
1593 760 1716 816 haee,
1750 770 1794 805 et

407 846 607 875 exeamus
628 830 730 874 inde
748 846 756 871 ε
780 829 1047 873 intremusin
1065 830 1428 889 vituperationem
1445 829 1634 890 aliquam
1657 830 1794 875 malo-

406 917 504 946 rum
517 909 559 945 et
572 900 888 961 improborum,
905 901 1118 944 intremus
1135 909 1178 944 et
1194 900 1241 943 in
1258 901 1587 944 assentationem
1603 899 1794 961 aliquam

407 971 714 1029 adulatorum,
737 970 811 1015 sed
843 971 958 1014 exire
990 970 1093 1014 inde
1125 986 1233 1029 opus
1264 979 1341 1013 est.
1372 973 1592 1029 Rogemus
1621 986 1722 1014 eum
1739 970 1793 1015 de

408 1059 497 1103 quo
520 1043 685 1087 dictum
707 1051 797 1086 est:
823 1060 843 1083 «
863 1041 1092 1086 Custodiat
1113 1040 1324 1085 Dominus
1351 1040 1578 1085 introitum
1601 1050 1727 1085 tuum
1751 1050 1793 1084 et

408 1131 430 1156 >›
465 1114 630 1157 exitum
647 1114 802 1157 tuum3
825 1128 834 1153 :
860 1131 880 1153 n
907 1121 958 1155 ut
978 1112 1142 1156 intrans
1163 1112 1352 1169 integer,
1379 1112 1438 1155 sie
1464 1127 1586 1155 exeas
1607 1112 1789 1170 integer.

405 1185 480 1230 Ait
513 1184 628 1227 enim
650 1192 693 1227 et
713 1181 967 1242 Apostolus:
988 1201 1004 1222 «
1033 1181 1192 1226 Fidelis
1221 1190 1284 1225 est
1317 1185 1452 1236 Deus,
1488 1182 1564 1242 qui
1595 1198 1685 1226 non
1718 1197 1793 1226 vos

402 1254 427 1295 5)
464 1254 575 1298 sinat
596 1253 753 1297 tentari
775 1268 903 1312 supra
916 1267 1047 1312 quam
1072 1252 1247 1311 potestis
1261 1253 1292 1295 4.
1312 1270 1331 1292 »
1348 1255 1461 1296 Ecce
1477 1251 1611 1296 habes
1625 1252 1794 1310 ingres-

406 1339 518 1368 sum.
539 1325 637 1367 Non
661 1321 794 1366 dixit:
819 1324 915 1366 Non
946 1322 1189 1365 tentemini.
1213 1322 1295 1374 Qui
1317 1322 1431 1365 enim
1457 1337 1546 1365 non
1568 1331 1762 1365 tentatur
1779 1357 1790 1376 ,

408 1410 498 1439 non
520 1394 761 1454 probatur,
783 1402 826 1437 et
848 1392 924 1453 qui
950 1408 1046 1448 ‚non
1074 1380 1314 1452 probatur,
1336 1408 1425 1435 non
1457 1392 1643 1451 proficit.
1677 1392 1794 1445 Quid

406 1479 509 1523 ergo
532 1463 728 1523 optavit?
750 1482 770 1504 «
804 1462 964 1506 Fidelis
995 1465 1109 1506 Deus
1129 1497 1139 1516 ,
1172 1461 1249 1521 qui
1282 1477 1372 1506 non
1393 1478 1469 1506 vos
1504 1462 1614 1505 sinat
1635 1461 1794 1505 tentari

407 1552 428 1576 »
464 1549 593 1593 supra
611 1548 743 1593 quam
765 1534 957 1591 potestis.
981 1532 1189 1576 »Audisti
1210 1532 1477 1589 ingressuni3
1503 1531 1605 1575 audi
1629 1540 1673 1576 et
1701 1532 1793 1575 exi-

402 1606 531 1649 tum:
562 1622 582 1645 «
609 1602 693 1647 Sed
710 1602 838 1646 faciet
859 1617 959 1646 eum
977 1602 1218 1645 tentatione
1246 1602 1375 1645 etiam
1399 1601 1590 1656 exitum,
1620 1611 1669 1645 ut
1690 1617 1792 1661 pos-

406 1692 427 1716 »
464 1674 552 1718 sitis
578 1672 803 1717 tolerare⁵.
843 1675 958 1730 Ergo
991 1681 1034 1716 et
1062 1671 1142 1715 illi*
1162 1680 1412 1716 avertantur
1439 1671 1582 1715 statim
1614 1672 1794 1716 erubes-

407 1763 428 1786 »
464 1753 633 1799 centes,
659 1743 735 1803 qui
754 1742 906 1787 dicunt
924 1743 1054 1787 mihi:
1079 1746 1217 1801 Euge,
1239 1757 1363 1801 euge.
1387 1760 1407 1784 »
1431 1744 1574 1795 Quare
1591 1743 1705 1786 enim
1723 1757 1792 1788 me

403 1813 617 1859 laudant?
650 1812 851 1857 Laudent
875 1816 1028 1856 Deum.
1055 1814 1161 1866 Quis
1184 1813 1300 1856 enim
1323 1828 1403 1871 ego
1426 1827 1548 1868 sum,
1572 1821 1623 1856 ut
1640 1811 1793 1858 lauder

405 1886 451 1930 in
463 1886 558 1929 me'?
581 1894 656 1929 aut
669 1884 774 1945 quid
789 1899 867 1943 ego
884 1883 992 1928 feei?
1005 1884 1111 1944 quid
1125 1884 1267 1928 habeo
1286 1885 1406 1943 quod
1419 1899 1509 1928 non
1521 1884 1694 1943 accepi?
1716 1904 1736 1926 «
1753 1885 1796 1929 Si

409 1975 430 1998 »
467 1956 693 2015 accepisti,
712 1955 877 2016 inquit,
896 1954 1002 2015 quid
1032 1954 1224 2014 gloriaris
1256 1955 1380 2014 quasi
1404 1969 1493 1998 non
1519 1954 1795 2014 acceperis⁶P

413 2045 434 2068 »
470 2029 734 2070 Avertantur
749 2041 851 2085 ergo
875 2025 1019 2069 statim
1037 2024 1356 2077 erubescentes,
1383 2024 1457 2083 qui
1480 2023 1634 2068 dicunt
1655 2024 1763 2068 mihi
1782 2044 1791 2069 ε

406 2115 428 2139 »
462 2100 607 2156 Euge,
634 2111 756 2155 euge.
784 2114 804 2137 >2
836 2096 925 2140 Tali
948 2095 1043 2139 oleo
1074 2096 1231 2154 pingue
1259 2094 1423 2139 factum
1451 2103 1515 2138 est
1543 2104 1674 2154 caput
1701 2095 1795 2138 hae-

403 2168 636 2211 retieorum
654 2169 670 2194 ⁷
684 2203 695 2221 ,
721 2182 822 2211 eum
837 2166 989 2210 dicunt
1007 2185 1014 2209 :
1037 2185 1056 2207 «
1075 2167 1168 2224 Ego
1183 2180 1301 2219 sum,
1323 2180 1402 2223 ego
1416 2180 1511 2208 sum
1537 2184 1545 2208 :
1573 2174 1615 2208 et
1633 2163 1794 2208 dicitur

402 2256 422 2279 »
448 2237 530 2282 illis
551 2257 560 2282 :
588 2241 668 2291 Tu,
699 2240 893 2281 Domine.
923 2258 939 2279 »
962 2241 1237 2295 Acceperunt
1264 2239 1438 2293 «Euge,
1457 2250 1567 2293 euge
1584 2255 1594 2291 3
1614 2253 1633 2275 υ
1657 2235 1793 2279 secuti

400 2312 502 2352 ‘sunt
527 2326 547 2349 «
571 2309 692 2365 Euge
708 2343 718 2363 ,
745 2322 851 2365 euge
878 2327 886 2352 z
911 2326 929 2349 >›
958 2306 1059 2351 facti
1087 2315 1188 2350 sunt
1210 2305 1340 2349 duces
1364 2305 1468 2349 caeci
1491 2320 1706 2349 caecorum
1729 2320 1795 2348 se-

400 2377 629 2438 quentium
645 2379 677 2420 S.
707 2397 726 2418 »
758 2377 1047 2438 Apertissimis
1075 2377 1254 2420 vocibus
1286 2379 1454 2420 Donato
1477 2375 1685 2419 dicuntur
1712 2375 1792 2419 ista

402 2454 575 2492 cantata
599 2468 608 2492 2
637 2467 656 2489 «
692 2451 839 2506 Euge,
866 2463 999 2506 euge,
1030 2466 1049 2488 »
1082 2447 1335 2505 dux-,bona
1363 2445 1451 2490 dux
1475 2446 1695 2506 praeclare.
1736 2450 1794 2491 Et

406 2546 409 2548 ’
455 2552 462 2567 ¹
485 2544 563 2576 psal.
585 2556 650 2584 xm,
674 2544 722 2575 16.
745 2561 785 2565 —
807 2544 943 2575 2Matth.
966 2555 1038 2583 xw,
1063 2543 1092 2574 3.
1114 2560 1156 2564 —
1176 2541 1188 2565 3
1210 2543 1286 2574 psal.
1308 2553 1380 2581 cxxi,
1407 2543 1437 2574 8.
1458 2559 1498 2564 --
1520 2541 1536 2571 4
1555 2555 1565 2574 ι
1590 2543 1662 2574 Cor.
1690 2554 1737 2583 lx,
1755 2543 1783 2576 3.

405 2617 445 2621 —-
465 2599 478 2621 5
498 2600 576 2630 {bi-l.
600 2617 640 2622 —-
664 2598 747 2641 ⁶21¹]-
770 2611 814 2639 iv,
839 2610 869 2640 γ.
891 2617 931 2621 —
952 2607 964 2630 7
991 2599 1068 2630 Psal.
1089 2610 1157 2639 cxi„
1185 2598 1215 2629 5.
1239 2616 1280 2621 -—
1300 2597 1314 2620 8
1333 2598 1442 2630 Maith.
1465 2609 1519 2639 xv,
1544 2597 1594 2639 14.
