1889 3285
439 221 494 258 82
873 229 907 256 s.
941 226 1175 258 Accusmm
1206 229 1390 258 Emscom

437 314 458 337 >›
485 295 531 339 in
556 295 716 339 virtute
748 304 838 339 tua.
873 312 893 336 »
923 295 1115 340 Ostende
1153 295 1236 340 illis
1268 296 1370 355 quia
1399 303 1450 338 tu
1470 292 1594 339 fortis
1628 309 1700 349 es,
1730 309 1821 340 non
1860 288 1863 327 Ῑ

433 365 513 424 ipsi
535 365 610 426 qui
642 364 697 409 de
718 365 878 409 virtute
899 381 975 410 sua
993 365 1296 425 praesumendo
1310 400 1322 421 ‚
1346 365 1571 409 veritatem
1592 373 1716 409 tuam
1731 381 1822 410 non
1860 353 1864 363 ⁹

433 445 732 493 cognoverunt
753 456 762 481 :
783 452 871 481 non
894 436 1042 497 quales
1062 436 1143 496 ipsi
1164 435 1298 481 fortes
1315 445 1416 480 sunt
1430 471 1441 491 ,
1469 436 1525 480 de
1545 435 1707 496 quibus
1728 434 1822 480 dic-

432 515 526 550 tum
551 515 614 550 est
635 525 643 550 :
663 525 683 548 «
700 509 926 551 Irruerunt
939 521 1068 565 super
1089 521 1158 550 me
1172 505 1306 551 fortes
1324 526 1332 551 :
1350 525 1370 548 η
1388 505 1463 550 sed
1477 505 1618 566 qualis
1634 514 1684 549 tu
1696 505 1821 550 fortis

432 577 489 622 ad
509 577 816 637 dispergendos
833 593 918 622 eos.
949 596 969 619 «
995 580 1051 621 Et
1073 577 1216 621 deduc
1244 593 1316 622 eos
1333 586 1553 637 protector
1583 592 1706 621 meus
1729 580 1820 621 Do-
1860 632 1861 637 ,

433 665 455 689 >›
480 647 596 691 mine
614 666 622 691 ε
643 666 662 688 »
680 646 724 691 id
741 657 819 702 est,
846 648 904 692 sic
926 663 998 692 eos
1015 647 1228 706 disperge,
1249 657 1299 692 ut
1309 663 1399 692 non
1420 662 1492 691 eos
1509 646 1696 702 deseras,
1716 666 1737 689 «
1757 649 1820 694 Ne
1858 663 1861 706 3

434 735 455 760 »
480 718 656 778 quando
675 717 986 762 obliviscantur
1001 716 1107 775 legis
1127 726 1215 761 tuae
1240 737 1250 762 z
1278 736 1298 760 »
1324 726 1368 762 et
1388 718 1433 761 in
1454 733 1506 762 eo
1524 717 1618 777 ipso
1633 733 1702 761 me
1721 733 1822 777 pro·
1858 711 1862 762 Ξ

430 797 571 846 tegas,
605 797 657 832 ut
688 788 742 832 de
777 788 969 847 ipsorum
1001 787 1266 848 dispersione
1297 788 1484 832 habeam
1515 788 1816 833 testimonium
1858 777 1861 827 ῗ

429 856 733 903 misericordiae
755 867 859 901 tuae.

490 933 572 973 ΙΙΙ.
590 932 647 973 Et
664 929 860 989 sequitur
879 948 888 974 ;
915 928 1114 973 «Delicta
1132 929 1216 973 oris
1230 944 1397 984 eorum,
1421 939 1664 972 sermonem
1676 928 1816 974 labio-
1857 931 1859 966 i

435 1020 453 1042 »
488 1016 587 1044 rum
609 1002 794 1045 eorum1.
827 1020 844 1042 »
877 1004 971 1052 Quo
993 1001 1292 1061 conjungitur,
1323 1016 1412 1060 quo
1435 1001 1710 1045 connectitur
1740 1000 1817 1044 ista
1856 998 1859 1054 j

429 1072 671 1116 sententia?
692 1091 712 1113 «
737 1070 917 1126 Delicta,
938 1071 1098 1132 inquit,
1118 1072 1202 1116 oris
1223 1087 1391 1126 eorum,
1416 1086 1659 1116 sermonem
1676 1070 1818 1115 labio·

418 1160 454 1189 ,1)
489 1157 587 1186 rum
611 1158 776 1186 eorum.
804 1160 825 1183 »
853 1143 1087 1202 Sequentia
1110 1159 1198 1187 non
1224 1143 1284 1187 ita
1302 1152 1642 1197 connectuntur,
1667 1152 1718 1187 ut
1738 1142 1807 1187 do·
1855 1138 1858 1193 J

430 1222 558 1258 ceant
578 1229 656 1257 nos
677 1229 767 1273 quo
800 1213 1090 1272 conjungatur
1121 1213 1202 1257 ista
1230 1213 1457 1257 sententia.
1488 1232 1504 1252 «
1538 1212 1720 1268 Delicta,
1750 1213 1820 1257 in-
1855 1200 1858 1262 Ι

431 1301 454 1326 1)
489 1284 600 1342 quit,
630 1283 714 1327 oris
732 1297 899 1337 eorum,
926 1298 1169 1327 sermonem
1185 1282 1402 1327 labiorum
1426 1298 1578 1327 eorum
1600 1303 1609 1328 ;
1635 1291 1678 1327 et
1699 1298 1822 1328 com·
1854 1269 1857 1319 l

436 1373 455 1395 »
489 1352 817 1412 prehendantur
838 1353 885 1395 in
905 1352 1109 1412 superbia
1125 1368 1217 1397 sua.
1239 1356 1295 1396 Et
1313 1369 1364 1396 ex
1384 1353 1616 1398 maledicto
1634 1362 1676 1397 et
1695 1368 1821 1397 men-

432 1443 454 1467 »
489 1424 614 1469 dacio
632 1424 1012 1468 annuntiabuntur
1033 1425 1444 1480 consummationes,
1470 1425 1516 1469 in
1537 1425 1599 1468 ira
1620 1440 1819 1470 consum-

437 1515 457 1537 »
491 1495 715 1551 mationis,
741 1504 785 1539 et
817 1511 906 1539 non
939 1498 1102 1539 erunt‘2.
1136 1512 1157 1535 »
1185 1497 1279 1539 Hoc
1306 1494 1543 1539 obscurum
1567 1495 1697 1539 etiam
1728 1494 1823 1539 heri
1852 1476 1856 1590 3

431 1564 675 1609 dixeramus
692 1601 702 1620 ,
727 1575 771 1610 et
789 1566 888 1610 ideo
911 1566 967 1610 ad
991 1565 1249 1610 recentiores
1275 1575 1443 1609 mentes
1463 1574 1624 1610 vestras
1652 1566 1823 1625 exposi-
1852 1593 1855 1602 ι

432 1636 595 1681 tionem
610 1636 940 1691 xdistuleramus.
970 1638 1096 1682 Nunc
1117 1636 1281 1696 itaque,
1306 1635 1516 1695 quoniam
1537 1636 1736 1681 nondum
1752 1635 1822 1680 fa-
1851 1604 1855 1728 Ι

432 1706 555 1764 tigati
576 1706 674 1750 estis
693 1706 739 1749 in
761 1704 995 1759 audiendo,
1029 1705 1181 1763 erigite
1201 1704 1336 1749 corda
1358 1714 1407 1748 ut
1430 1704 1638 1764 adjuvetis
1660 1720 1730 1749 me
1751 1705 1822 1749 in·-

1875 1853 1885 1893 ί

1875 1928 1886 1963 Β

1848 1729 1855 2053 l
1875 1998 1885 2030 Ι

433 1777 644 1831 tentione,
661 1792 716 1820 ne
731 1775 842 1821 forte
859 1776 903 1819 in
916 1775 1181 1820 obscuritate
1195 1785 1239 1819 et
1256 1774 1537 1834 perplexitate
1549 1775 1822 1835 aliquantum

433 1863 574 1892 sermo
601 1856 746 1891 noster
774 1862 864 1890 non
895 1845 1082 1889 sufficiat
1112 1845 1343 1889 intentioni
1366 1853 1519 1889 vestrae
1545 1864 1554 1890 ι
1585 1854 1628 1890 et
1654 1845 1822 1890 debetis

435 1917 600 1977 aliquid
621 1926 664 1960 ct
684 1932 707 1960 a
735 1916 858 1961 vobis
880 1916 1060 1970 afferre,
1086 1924 1136 1959 ut
1154 1915 1274 1974 quod
1300 1931 1378 1959 nos
1411 1915 1598 1960 dicendo
1626 1931 1715 1960 non
1740 1916 1823 1959 im-
1878 1911 1879 1914 ¹

414 2016 416 2021 ν
434 1987 712 2047 pleverimus,
730 1985 1013 2043 intelligendo
1031 1984 1282 2044 suppleatis.
1309 1985 1375 2029 Sic
1393 2000 1495 2043 ergo
1512 1985 1647 2044 posita
1667 1986 1822 2030 estista

437 2057 649 2102 sententia
666 2057 711 2099 in
727 2055 892 2108 medio,
914 2064 964 2099 ut
980 2070 1068 2114 quo
1077 2056 1304 2114 jungatur,
1325 2070 1413 2098 non
1430 2054 1558 2099 facile
1570 2054 1818 2100 videamus:
1848 2055 1851 2111 3
1875 2055 1884 2099 1

442 2147 463 2170 «
487 2126 651 2172 Delicta
674 2127 757 2170 oris
779 2141 954 2180 eorum,
981 2140 1224 2169 sermonem
1253 2124 1470 2169 labiorum
1492 2141 1659 2170 eorum.
1690 2144 1710 2167 n
1736 2129 1823 2169 Re-
1848 2122 1851 2175 ἑ
1879 2150 1884 2165 ÷

437 2213 661 2242 curramus
683 2212 783 2255 ergo
807 2195 860 2240 ad
893 2195 1126 2255 superiora.
1153 2195 1371 2247 Quoniam
1393 2194 1559 2239 dixerat
1584 2215 1593 2240 :
1622 2198 1726 2241 «Ne
1745 2211 1822 2240 oc-
1847 2194 1851 2256 3
1874 2213 1884 2236 3

443 2287 463 2309 »
488 2268 641 2312 cideris
663 2283 749 2322 eos,
774 2282 829 2310 ne
854 2265 1032 2326 quando
1058 2264 1368 2310 obliviscantur
1392 2265 1494 2323 legis
1516 2275 1629 2321 tuae,
1662 2283 1684 2308 »
1713 2281 1822 2325 quos
1846 2259 1850 2312 ί
1878 2284 1883 2308 1

438 2346 587 2382 tamen
608 2337 775 2387 dixerat
795 2336 1020 2392 inimicos,
1044 2335 1240 2394 adjunxit
1261 2333 1371 2379 duos
1391 2334 1625 2380 versiculos
1651 2355 1659 2380 :
1689 2354 1707 2376 «
1727 2335 1823 2380 Dis·
1845 2327 1849 2398 3
1881 2362 1883 2367 .

441 2426 462 2450 »
487 2423 618 2467 perge
640 2423 712 2451 eos
734 2407 779 2450 in
802 2407 964 2450 virtute
986 2415 1061 2449 tua
1077 2440 1088 2460 ,
1113 2414 1156 2449 et
1179 2403 1322 2449 deduc
1339 2419 1427 2460 eos,
1451 2414 1672 2464 protector
1698 2420 1821 2450 meus
1880 2419 1883 2446 ε

441 2494 464 2516 n
490 2478 668 2522 Domine
702 2496 710 2521 ε
741 2495 760 2518 »
791 2485 835 2519 et
855 2476 1064 2520 continuo
1092 2474 1240 2519 intulit
1271 2494 1279 2519 ε
1310 2494 1329 2516 «
1355 2474 1514 2520 Delicta
1537 2475 1621 2520 oris
1650 2488 1818 2529 eorum,
1844 2508 1847 2520 .
1881 2503 1883 2513 1

491 2571 498 2586 ¹
524 2562 602 2594 Psal.
623 2573 710 2593 tvm.
738 2562 773 2593 15
806 2578 846 2583 —
863 2561 969 2592 ²1bid.
996 2562 1042 2600 ¹31·
1844 2543 1846 2586 1
