1889 3285
413 230 494 268 152
831 243 864 271 s.
900 242 1130 273 Aucusnm
1162 246 1344 274 muscorr

403 305 578 350 credere
600 321 737 366 pauca
752 323 850 368 quae
868 317 1045 365 restant,
1065 325 1165 354 cum
1185 310 1330 355 videat
1345 318 1434 355 tam
1447 309 1586 354 multa
1606 307 1787 368 impleta
1843 306 1846 349 ;

406 391 517 432 esse,
545 393 645 437 quae
667 387 773 423 tunc
794 395 883 424 non
906 389 1028 423 erant
1049 380 1226 440 quando
1242 381 1607 440 praedicebantur.

464 451 524 493 II.
549 448 740 493 Psalmus
766 463 866 508 ergo
889 450 968 494 iste
996 448 1153 495 dicitur
1174 466 1225 495 ex
1244 466 1427 510 persona
1457 449 1632 495 Domini
1651 447 1788 492 nostri

405 519 509 562 Jesu
534 518 714 575 Christi,
745 529 787 564 et
818 519 968 579 capitis
1001 528 1044 564 et
1072 520 1384 565 membrorum.
1421 520 1500 564 Ille
1532 518 1647 563 enim
1674 531 1789 561 unus
1845 539 1847 550 ‹

405 589 482 649 qui
509 598 636 633 natus
665 599 728 634 est
761 589 815 634 de
843 590 999 645 Maria,
1035 599 1078 634 et
1108 606 1256 650 passus
1280 601 1367 648 est,
1404 599 1447 635 et
1469 589 1663 650 sepultus
1695 596 1786 642 est,

403 669 448 703 et
477 660 734 715 resurrexit,
767 669 809 704 et
839 659 1032 704 ascendit
1051 661 1098 704 in
1119 661 1281 705 coelum
1297 697 1307 716 ,
1339 670 1382 706 et
1402 659 1534 705 modo
1557 658 1613 703 ad
1639 658 1790 702 dexte·

405 746 500 774 ram
522 730 658 775 Patris
680 729 799 775 sedet
819 740 862 775 et
882 730 1130 790 interpellat
1149 746 1229 790 pro
1256 731 1381 776 nobis
1400 767 1410 787 ,
1438 739 1570 790 caput
1591 737 1791 773 nostrum

403 811 482 846 est.
518 803 561 848 Si
581 802 654 846 isse
688 812 819 862 caput
841 812 929 857 est,
960 818 1039 847 nos
1068 803 1264 847 membra
1285 818 1456 847 sumus:
1487 811 1579 847 tota
1599 799 1792 845 Ecclesia
1848 794 1849 800 ¹
1873 856 1874 864 ἵ

404 873 498 932 ejus
533 889 633 933 quae
661 873 826 933 ubique
859 872 1019 917 diffusa
1051 882 1140 929 est,
1188 889 1344 934 corpus
1376 873 1510 933 ipsius
1546 881 1635 926 est,
1669 871 1792 930 cujus

404 952 468 988 est
491 944 580 1003 ipse
613 954 757 1004 caput.
782 947 881 990 Non
903 943 1044 988 solum
1066 953 1212 988 autem
1243 943 1391 988 fideles
1412 944 1489 1004 qui
1510 941 1642 987 modo
1663 948 1789 995 sunt,

405 1014 482 1058 sed
516 1024 559 1058 et
593 1015 670 1074 qui
704 1014 884 1059 fuerunt
925 1024 1025 1058 ante
1064 1030 1173 1070 nos,
1209 1024 1252 1059 et
1289 1015 1365 1075 qui
1402 1023 1501 1074 post
1539 1028 1617 1057 nos
1652 1010 1794 1056 futuri
1848 1010 1876 1050 ,“

405 1094 507 1129 sunt
529 1097 668 1145 usque
688 1085 735 1128 in
758 1086 887 1129 finem
909 1084 1056 1129 saeculi
1072 1121 1082 1141 ‚
1109 1100 1258 1130 omnes
1281 1085 1337 1129 ad
1361 1099 1518 1144 corpus
1544 1084 1637 1143 ejus
1660 1081 1851 1142 perti-
1849 1074 1850 1077 ¹

406 1164 514 1199 nent
534 1171 542 1195 :
576 1157 698 1215 cujus
721 1156 911 1215 corporis
933 1157 1023 1216 ipse
1050 1165 1182 1215 caput
1205 1164 1289 1210 est,
1315 1155 1392 1216 qui
1420 1153 1613 1199 ascendit
1637 1153 1684 1196 in
1704 1167 1796 1197 coe-

405 1223 544 1268 lum1.
583 1226 696 1278 Quia
717 1241 818 1283 ergo
844 1227 935 1285 jam
960 1227 1160 1271 novimus
1187 1234 1319 1285 caput
1354 1234 1397 1269 et
1424 1240 1607 1284 corpus,
1636 1222 1710 1267 ille
1732 1230 1797 1266 est

406 1303 561 1353 caput,
586 1311 665 1339 nos
686 1311 860 1355 corpuS.
886 1295 1070 1349 Quando
1092 1295 1291 1340 audimus
1312 1310 1466 1340 vocem
1493 1294 1648 1353 ipsius,
1681 1301 1724 1336 et
1744 1306 1796 1334 ex

406 1365 548 1424 capite
581 1365 789 1409 debemus
823 1365 1001 1419 audire,
1033 1375 1077 1408 et
1115 1380 1167 1407 ex
1194 1378 1372 1423 corpore
1401 1382 1411 1408 ι
1446 1364 1548 1423 quia
1576 1360 1798 1422 quidquid

409 1449 560 1494 passus
590 1443 653 1478 est
682 1434 728 1477 in
749 1433 825 1479 illo
843 1469 854 1489 ‚
875 1443 918 1478 et
941 1450 1019 1479 nos
1041 1434 1153 1494 passi
1181 1449 1329 1478 sumus
1352 1448 1362 1475 τ
1388 1433 1490 1493 quia
1511 1442 1555 1477 et
1575 1448 1653 1477 nos
1677 1430 1798 1492 quod

407 1505 600 1564 patimur
620 1506 666 1548 in
687 1505 811 1549 nobis
823 1539 838 1560 ,
859 1514 902 1548 et
923 1505 1014 1564 ipse
1030 1505 1210 1564 patitur.
1236 1505 1465 1558 Quomodo
1486 1504 1521 1547 si
1538 1501 1704 1563 aliquid
1721 1517 1800 1562 pa-

408 1575 541 1618 tiatur
563 1584 695 1633 caput
710 1609 721 1629 ,
747 1573 965 1634 numquid
986 1583 1129 1633 potest
1149 1574 1292 1619 dicere
1309 1589 1464 1618 manus
1485 1573 1589 1634 quia
1613 1588 1701 1617 non
1725 1587 1800 1632 pa-

408 1645 540 1688 titur?
558 1653 634 1688 aut
655 1644 690 1687 si
707 1642 871 1703 aliquid
891 1644 1054 1703 patitur
1070 1659 1240 1699 manus,
1260 1642 1480 1705 numquid
1503 1652 1647 1703 potest
1668 1650 1801 1702 caput

411 1715 555 1760 dicere
577 1716 679 1775 quia
701 1730 791 1759 non
810 1715 1003 1774 patitur?
1020 1724 1095 1759 aut
1117 1715 1152 1759 si
1174 1714 1341 1776 aliquid
1367 1716 1529 1775 patitur
1549 1729 1624 1774 pes
1639 1749 1650 1769 ‚
1669 1728 1802 1758 num-

411 1785 519 1846 quid
536 1794 678 1845 potest
695 1795 827 1845 caput
844 1785 987 1829 dicere
1000 1785 1102 1846 quia
1114 1801 1203 1830 non
1217 1786 1412 1845 patitur?
1427 1783 1613 1839 Quando
1635 1782 1801 1844 aliquid

410 1856 575 1916 patitur
587 1871 726 1900 unum
739 1856 988 1900 membrum
1004 1865 1219 1911 nostrum,
1237 1855 1595 1900 omnia'membra
1617 1863 1802 1899 currunt
1875 1863 1879 1891 ί

410 1936 461 1971 ut
488 1926 750 1971 subveniant
780 1928 975 1971 membro
1004 1927 1124 1986 quod
1154 1927 1332 1986 patitur.
1381 1927 1425 1971 Si
1459 1941 1562 1985 ergo
1594 1924 1666 1969 ille
1698 1939 1801 1969 cum

410 2012 558 2057 passus
583 2006 667 2051 est,
688 2012 766 2041 nos
789 1997 835 2040 in
851 1995 927 2041 illo
948 1997 1059 2056 passi
1079 2012 1244 2052 sumus,
1270 2006 1314 2041 et
1329 1996 1402 2040 ille
1423 1998 1515 2056 jam
1537 1994 1732 2041 ascendit
1753 1995 1802 2038 in

412 2067 575 2111 coelum
594 2102 605 2122 ‚
644 2076 686 2110 et
708 2066 828 2111 sedet
859 2065 915 2110 ad
947 2066 1168 2111 dexteram
1191 2066 1328 2111 Patris
1356 2085 1365 2111 :
1396 2064 1613 2126 quidquid
1637 2065 1802 2125 patitur
1852 2062 1856 2117 ξ

411 2136 602 2181 Ecclesia
626 2136 758 2196 ipsius
782 2137 827 2180 in
847 2135 1204 2181 tribulationibus
1235 2137 1366 2195 hujus
1388 2135 1535 2180 saeculi
1551 2171 1562 2190 ,
1585 2135 1632 2179 in
1654 2143 1801 2179 tenta-

412 2206 625 2261 tionibus,
665 2207 711 2249 in
735 2206 1090 2261 necessitatibus,
1119 2207 1165 2250 in
1199 2205 1432 2265 angustiis,
1464 2205 1567 2266 quia
1590 2206 1649 2249 sic
1680 2204 1801 2250 illam

414 2287 584 2337 oportet
606 2277 790 2332 erudiri,
816 2287 866 2322 ut
888 2278 987 2337 igne
1020 2287 1230 2338 tanquam
1255 2292 1411 2321 aurum
1442 2285 1652 2336 purgetur
1668 2311 1680 2331 ‚
1709 2276 1802 2336 ipse

414 2348 592 2407 patitur.
619 2347 858 2390 Probamus
886 2348 990 2403 hoc,
1016 2348 1118 2407 quia
1140 2363 1217 2392 nos
1238 2348 1285 2391 in
1306 2347 1382 2391 illo
1403 2346 1515 2406 passi
1537 2361 1708 2400 sumUS,
1734 2345 1803 2390 di-
1854 2384 1857 2407 ἕ

1849 1222 1879 1266 ,ι

1866 1305 1881 1409 ἶ

1871 1426 1883 1481 l

1872 1650 1880 1685 l

415 2426 539 2462 cente
573 2416 810 2476 Apostolo:
848 2437 867 2459 «
896 2417 940 2462 Si
961 2427 1107 2461 autem
1134 2417 1297 2461 mortui
1327 2416 1424 2460 estis
1457 2431 1558 2460 cum
1594 2415 1798 2470 Christo,
1854 2416 1857 2442 ²

416 2505 436 2528 »
472 2486 581 2546 quid
601 2486 742 2531 adhuc
763 2487 883 2531 velut
903 2488 1096 2532 viventes
1109 2487 1164 2533 de
1178 2488 1261 2533 hoc
1283 2485 1448 2532 mundo
1471 2485 1704 2531 decernitis
1718 2487 1797 2526 ⁴25²»
1854 2491 1857 2502 ⁴

470 2582 477 2597 ¹
495 2575 656 2612 Coloss.1,
679 2575 729 2607 18.
760 2591 794 2597 -
814 2580 825 2596 ¹
846 2574 892 2605 Id.
912 2583 945 2610 n,
965 2582 1017 2604 90.

1854 2516 1857 2606 l
