1889 3285
397 263 451 301 '72
828 272 861 300 s.
897 271 1128 300 attonsum
1159 272 1340 299 1-:P1scom

393 348 536 399 potest
563 339 828 399 impunitum
864 337 1050 398 relinqui
1087 347 1315 397 peccatum
1342 335 1585 397 :quoniam
1619 338 1771 379 verum
1830 348 1834 396 ᾗ
1881 339 1885 347 ‘

393 409 1076 455 est:«Nonmiserearisomnium
1093 409 1169 469 qui
1192 416 1428 468 operantur
1448 406 1769 467 iniquitatem.»
1832 456 1833 465 ἵ
1883 397 1889 401 ’

450 494 568 536 XIV.
608 490 691 535 Sed
713 491 935 535 videamus
955 492 1045 550 jam
1067 490 1199 534 alium
1221 490 1426 545 modum,
1451 505 1540 550 quo
1557 490 1652 533 haec
1673 503 1773 531 sen-
1832 495 1835 550 f

393 563 529 606 tentia
552 561 684 621 possit
716 560 911 619 intelligi.
952 563 1028 604 Est
1049 560 1249 620 quaedam
1271 560 1503 620 iniquitas,
1533 573 1665 619 quam
1698 557 1775 617 qui
1834 600 1836 611 ,

393 642 612 692 operatur,
630 647 717 676 non
740 641 880 690 potest
901 632 1058 675 fierint
1074 631 1323 674 misereatur
1347 632 1438 691 ejus
1460 634 1588 674 Deus.
1606 628 1776 682 Quaeri-
1883 623 1889 665 ἶ

389 704 443 748 113
485 703 598 747 forte
639 717 840 762 quaenam
883 701 955 745 illa
991 702 1080 745 sit?
1110 705 1207 760 Ipsa
1243 700 1437 746 defensio
1476 709 1769 760 peccatorum.

392 773 578 828 Quando
600 773 784 832 quisque
804 771 1002 815 defendit
1024 781 1199 830 peccata
1222 787 1319 825 sua,
1344 787 1547 830 magnam
1563 770 1775 830 iniquita·
1836 761 1839 802 ἶ

390 853 479 887 10111
503 852 706 902 operatur
723 862 730 886 :
749 843 832 886 1100
848 841 1045 885 defendit
1058 840 1178 901 quod
1195 844 1309 885 Deus
1326 840 1431 885 odit.
1451 844 1509 885 Et
1528 839 1629 884 vide
1643 854 1776 899 quam
1838 885 1839 888 ,
1888 838 1889 841 ’

389 928 588 973 perverse
604 948 614 966 ,
640 928 771 972 quam
789 913 949 972 inique.
980 912 1021 956 Si
1039 911 1147 972 quid
1171 912 1273 955 boni
1295 911 1470 965 fecerit,
1497 911 1576 954 sibi
1593 909 1777 954 vultim-
1840 967 1841 974 ἵ

390 983 534 1042 putari
554 1004 565 1040 3
589 983 622 1025 si
641 981 748 1041 quid
766 981 890 1036 mali,
910 985 1016 1026 Deo.
1041 985 1150 1026 Nam
1172 982 1256 1025 hoc
1271 981 1403 1025 modo
1426 979 1674 1025 defendunt
1697 980 1778 1024 110-
1840 1015 1843 1043 3

391 1055 528 1098 mines
558 1063 735 1113 peccata
763 1069 813 1096 ex
845 1053 921 1097 Dei
945 1068 1147 1112 persona,
1181 1052 1301 1113 quod
1324 1054 1447 1112 pejus
1475 1061 1552 1096 est.
1578 1051 1695 1102 Quid
1714 1060 1778 1095 est

390 1125 505 1169 hoc?
521 1127 657 1169 Nemo
676 1134 739 1168 est
760 1125 835 1184 qui
854 1124 1012 1167 audeat
1033 1123 1175 1168 dicere
1193 1143 1202 1167 ;
1224 1126 1394 1168 Bonum
1414 1131 1476 1166 est
1494 1121 1774 1177 adulterium,

391 1194 559 1239 bonum
582 1203 645 1238 est
677 1194 980 1248 homicidium,
1008 1194 1121 1238 bona
1145 1192 1282 1249 fraus,
1311 1194 1478 1238 bonum
1496 1193 1735 1252 perjurium
1765 1213 1774 1238 :

390 1264 537 1309 nullus
559 1280 732 1322 prorsus
754 1264 999 1308 hominum.
1025 1267 1134 1309 Nam
1150 1265 1225 1324 qui
1242 1265 1370 1308 etiarn
1383 1263 1456 1308 illa
1475 1262 1663 1318 faciunt,
1689 1262 1778 1308 cla-

391 1345 513 1379 mant
535 1335 710 1395 quando
732 1335 972 1395 patiuntur.
999 1336 1187 1379 Omnino
1215 1351 1318 1393 ergo
1354 1350 1445 1379 non
1482 1334 1648 1378 invenis
1681 1334 1777 1377 ani-

392 1423 507 1451 mam
529 1417 615 1451 tarn
644 1422 910 1466 perversam,
948 1416 1037 1450 tam
1069 1416 1282 1451 extorrem
1317 1423 1340 1450 a
1373 1407 1576 1450 societate
1613 1405 1778 1464 generis

391 1477 573 1521 humani
595 1486 638 1520 et
659 1493 680 1520 a
695 1477 1023 1536 participatione
1047 1477 1290 1520 communis
1309 1477 1529 1534 sanguinis
1551 1491 1602 1519 ex
1613 1475 1774 1529 Adam,

391 1547 463 1590 cui
495 1545 693 1589 videatur
728 1546 894 1590 bonum
926 1561 1016 1589 esse
1045 1545 1306 1589 adulterium
1324 1581 1333 1598 ,
1360 1546 1471 1589 sicut
1493 1544 1601 1598 dixi,
1626 1543 1743 1588 fraus
1763 1579 1775 1599 ,

392 1617 540 1675 rapina
558 1651 568 1671 ,
593 1617 848 1676 perjurium.
873 1615 955 1660 Sed
979 1616 1201 1675 quomodo
1228 1631 1276 1658 ea
1299 1613 1583 1658 defendunt?
1601 1614 1643 1658 Si
1665 1617 1777 1658 Deus

393 1685 615 1740 noluisset,
633 1702 721 1730 non
741 1686 785 1729 id
802 1686 1011 1729 fecissem.
1034 1685 1150 1738 Quid
1167 1685 1229 1728 vis
1248 1684 1403 1728 faciam
1422 1682 1512 1727 fato
1532 1686 1660 1728 meo?
1684 1687 1780 1728 Jam

395 1757 552 1818 quaeris
585 1757 693 1817 quid
721 1759 775 1800 sit
798 1756 935 1800 fatum
964 1776 972 1800 :
998 1756 1132 1800 curris
1151 1755 1206 1799 ad
1225 1755 1381 1799 stellas.
1408 1756 1574 1809 Quaeris
1601 1756 1696 1816 quis
1716 1757 1783 1800 fe-

393 1828 499 1872 cerit
521 1837 564 1870 et
585 1827 846 1871 ordinaverit
861 1825 1003 1870 stellas
1027 1828 1038 1851 ¹
1067 1845 1075 1869 :
1104 1830 1217 1870 Deus
1250 1835 1327 1870 est.
1354 1829 1469 1884 Ergo
1493 1825 1548 1870 ad
1570 1826 1654 1870 1100
1677 1842 1781 1886 pec-

395 1907 539 1942 catum
564 1906 690 1940 tuum
712 1895 932 1949 defendis,
969 1910 1019 1939 ut
1041 1899 1179 1939 Deum
1215 1911 1400 1940 accuses.
1429 1895 1533 1940 ldeo
1556 1906 1783 1940 excusatur

395 1984 514 2022 rcus,
542 1977 592 2011 ut
613 1966 814 2025 culpetur
829 1967 978 2026 judex.
1005 1970 1183 2010 Prorsus
1210 1966 1341 2010 talem
1371 1967 1646 2026 iniquitatem
1677 1983 1782 2027 ope-

394 2039 583 2082 rantium
611 2053 699 2081 non
723 2037 947 2080 miseretur
970 2040 1096 2080 Deus.
1134 2057 1153 2078 «
1183 2040 1281 2081 Non
1319 2037 1556 2080 miserearis
1584 2038 1780 2082 omnium

397 2127 419 2150 >›
455 2108 531 2168 qui
554 2116 786 2166 operantur
809 2107 1098 2166 iniquitatem.
1127 2125 1147 2147 n
1178 2111 1463 2167 Persequere,
1489 2109 1656 2169 inquit,
1679 2124 1782 2168 pec-

395 2187 491 2222 cata
513 2193 663 2221 eorum
683 2212 693 2231 ,
722 2177 827 2235 puni
843 2212 854 2230 ,
875 2191 1120 2236 compunge
1134 2212 1145 2230 ,
1166 2187 1369 2221 converte
1385 2176 1480 2222 11103
1497 2188 1596 2222 ante
1613 2194 1678 2231 se,
1705 2179 1782 2238 qui

395 2263 440 2291 se
462 2256 632 2306 ponunt
654 2256 750 2305 post
771 2262 813 2290 se
835 2268 846 2303 3
873 2256 915 2290 et
932 2247 1188 2291 erubescant
1199 2246 1252 2291 de
1267 2263 1310 2292 se
1322 2283 1332 2300 ,
1350 2257 1401 2292 ut
1417 2248 1633 2305 gaudeant
1648 2248 1703 2293 de
1719 2257 1777 2293 te.

397 2336 419 2359 «
443 2320 540 2362 Non
560 2317 794 2360 miserearis
818 2317 1015 2360 omnium
1026 2317 1103 2377 qui
1125 2327 1360 2376 operantur
1378 2318 1669 2378 iniquitatem.
1696 2337 1716 2360 »

453 2401 550 2442 XV.
581 2418 600 2440 «
621 2401 939 2443 Convertantur
962 2398 1017 2442 ad
1033 2414 1254 2458 vesperam
1269 2403 1300 2443 2.
1333 2418 1351 2440 »
1376 2401 1531 2444 Nescio
1546 2416 1655 2460 quos
1673 2399 1780 2444 dicit

394 2470 616 2530 quondam
645 2478 890 2528 operatores
922 2470 1160 2530 iniquitatis
1180 2506 1190 2524 ,
1220 2480 1262 2514 et
1295 2470 1519 2530 quondam
1552 2471 1775 2526 tenebras,

1862 2483 1866 2571 1

447 2583 456 2599 ¹
478 2579 554 2607 Gon.
577 2588 598 2613 1,
620 2579 667 2607 10.
694 2593 730 2598 —-
752 2583 763 2598 ²
783 2576 863 2608 psal.
884 2587 974 2616 tvm,
995 2587 1025 2617 7⁴
