1889 3285
399 213 485 250 356
833 220 865 246 5.
903 220 1131 248 AUGUSTINI
1164 222 1346 248 Episcom

394 286 521 331 bolus
549 304 557 329 ε
582 285 753 339 fremit,
789 293 832 328 et
858 299 948 328 non
980 283 1180 341 erumpit.
1214 285 1388 329 Dictum
1413 293 1477 328 est
1498 285 1613 328 enim
1641 285 1696 328 de
1718 286 1784 330 his

392 355 663 415 temporibus
681 354 912 399 Ecclesiae:
954 373 974 396 «
1001 358 1205 399 Peccator
1230 354 1419 410 videbit,
1451 364 1494 398 et
1516 355 1737 400 irascetur.
1760 373 1780 397 »

389 429 447 470 Et
474 424 583 486 quid
616 424 773 469 faciet?
809 423 1037 484 Numquid
1073 424 1194 484 quod
1221 424 1392 483 primo?
1421 425 1629 479 Attrahe,
1673 424 1781 484 liga,

389 505 582 555 percute.
602 497 700 540 Non
723 493 826 539 facit
846 495 945 538 hoc.
969 493 1087 547 Quid
1109 495 1245 553 ergo?
1269 513 1291 536 «
1311 495 1527 538 Dentibus
1558 495 1644 538 suis
1665 494 1787 539 fren-

396 585 415 607 »
450 565 551 618 det,
576 574 620 609 et
640 565 875 609 tabescet¹.
906 584 924 605 »
957 566 1014 608 Et
1035 563 1100 608 his
1132 573 1343 624 tanquam
1369 564 1569 609 irascitur
1590 567 1782 622 Martyr,

394 645 437 681 et
459 645 605 681 tamen
628 652 707 696 pro
728 635 795 680 his
817 644 912 680 orat
932 638 1116 693 Martyr.
1143 635 1374 689 Quomodo
1397 637 1513 679 enim
1529 636 1644 679 bene
1665 644 1786 695 opta·
1850 672 1851 676 ,

393 707 457 753 vit
477 707 560 751 illis
572 742 584 763 ,
601 706 656 751 de
673 707 832 767 quibus
845 707 973 751 dixit:
993 725 1014 749 «
1034 705 1375 752 Confundantur
1386 742 1397 762 ,
1419 715 1462 750 et
1478 715 1758 751 revereantur
1771 741 1783 762 ,

399 798 418 820 ³>
453 778 530 838 qui
552 787 758 837 quaerunt
780 777 971 821 animam
985 792 1128 821 meam
1149 796 1158 822 z
1183 795 1204 819 »
1225 777 1283 821 sic
1301 786 1343 821 et
1360 792 1478 821 nunc
1493 812 1504 831 ,
1531 795 1551 818 «
1576 779 1787 821 Avertan-
1850 774 1852 781 ’

396 866 417 889 »
452 856 525 891 tur
540 857 777 892 retrorsum
794 882 805 902 ,
826 856 869 891 et
883 847 1166 903 erubescant,
1184 848 1259 907 qui
1278 849 1469 905 cogitant
1490 846 1597 890 mihi
1619 846 1783 891 mala.»

393 920 563 972 Quare?
575 920 632 962 Ut
653 934 741 963 non
755 917 1025 977 praecedant,
1042 917 1117 961 sed
1135 927 1386 977 sequantur.
1403 917 1487 970 Qui
1509 916 1625 960 enim
1639 932 1787 976 repre-

393 987 549 1032 hendit
569 988 845 1032 christianam
866 986 1136 1045 religionem,
1157 996 1200 1030 et
1218 986 1398 1031 consilio
1418 1002 1496 1030 suo
1512 985 1609 1030 vult
1626 986 1784 1043 vivere,

394 1060 517 1120 quasi
535 1059 781 1119 praecedere
804 1059 901 1103 vult
922 1059 1166 1116 Christum3
1188 1067 1238 1102 ut
1264 1057 1333 1101 ille
1347 1057 1548 1102 videlicet
1559 1058 1786 1115 erraverit,

396 1139 440 1173 et
460 1129 676 1173 invalidus
699 1129 987 1189 infirmusque
1022 1127 1153 1172 fuerit
1168 1164 1179 1183 ,
1205 1128 1281 1188 qui
1309 1127 1379 1171 vel
1401 1126 1590 1172 voluerit
1609 1128 1700 1186 pati
1720 1128 1789 1172 in-

396 1208 462 1244 ter
484 1215 638 1243 manus
669 1200 946 1254 Judaeorum,
979 1199 1047 1241 vel
1073 1201 1266 1258 potuerit
1294 1217 1302 1242 :
1324 1197 1397 1241 ille
1420 1207 1566 1242 autem
1589 1198 1790 1242 cordatus

396 1271 450 1314 sit
471 1285 625 1314 cavens
648 1270 726 1313 ista
750 1270 918 1324 omnia,
947 1268 1168 1312 declinans
1192 1277 1402 1322 mortem,
1431 1268 1644 1312 mentiens
1665 1269 1790 1312 istam

396 1341 544 1400 inique
581 1356 636 1383 ne
661 1340 896 1391 moriatur,
924 1339 1183 1382 interficiens
1217 1338 1405 1382 animam
1436 1354 1558 1382 suam
1589 1347 1640 1382 ut
1673 1339 1789 1383 vivat

396 1425 599 1469 corpore,
626 1410 772 1468 magni
802 1409 968 1453 consilii
991 1407 1305 1468 prudentisque
1338 1409 1417 1452 sibi
1443 1408 1631 1452 videtur.
1669 1412 1789 1453 Prae-

398 1481 510 1524 cedit
532 1480 853 1539 reprehendens
873 1479 1117 1534 Christum,
1143 1478 1279 1523 veluti
1301 1477 1517 1522 antecedit
1538 1479 1757 1523 Christum
1776 1498 1785 1524 :

398 1550 547 1595 credat
580 1551 626 1592 in
660 1550 905 1603 Christum,
944 1558 987 1592 et
1018 1558 1225 1608 sequatur
1258 1548 1494 1592 Christum.
1526 1551 1634 1593 Nam
1669 1549 1789 1609 quod

400 1630 600 1681 optatum
616 1629 679 1663 est
694 1620 826 1664 modo
842 1619 1190 1678 persecutoribus
1213 1619 1500 1677 cogitantibus
1522 1618 1634 1662 mala
1646 1654 1657 1674 ,
1680 1619 1790 1664 dixit

399 1694 484 1737 hoc
505 1692 596 1751 ipse
619 1692 828 1751 Dominus
847 1694 989 1734 Petro.
1016 1688 1266 1733 Praecedere
1295 1690 1457 1749 quippe
1479 1688 1670 1749 quodam
1692 1689 1789 1735 loco

403 1767 557 1807 Petrus
592 1760 732 1805 voluit
764 1760 1015 1804 Dominum.
1047 1760 1331 1819 Loquebatur
1361 1760 1475 1802 enim
1507 1759 1702 1804 Salvator
1734 1759 1789 1804 de

401 1832 597 1893 passione
617 1847 715 1886 sua,
741 1845 873 1890 quam
885 1830 919 1874 si
941 1845 1030 1874 non
1045 1829 1322 1888 suscepisset,
1346 1844 1425 1873 nos
1447 1829 1551 1873 salvi
1564 1845 1653 1873 non
1675 1845 1789 1874 esse-

400 1918 524 1960 mus,
549 1911 592 1945 et
614 1905 765 1946 Petrus
788 1901 864 1961 qui
886 1899 1017 1959 paulo
1039 1908 1139 1943 ante
1160 1915 1261 1943 eum
1278 1897 1498 1943 confessus
1515 1908 1606 1943 erat
1629 1899 1790 1944 Filium

402 1974 502 2027 Dei,
529 1981 572 2016 et
601 1972 646 2015 in
684 1970 758 2015 illa
797 1970 1068 2015 confessione
1100 1968 1341 2029 appellatus
1369 1978 1461 2013 erat
1483 1973 1630 2024 Petra,
1661 1985 1790 2029 supra

402 2057 536 2104 quam
567 2041 852 2086 fabricaretur
879 2040 1091 2095 Ecclesia,
1121 2039 1253 2100 paulo
1279 2049 1378 2098 post
1404 2040 1590 2084 Domino
1619 2040 1790 2084 dicente

404 2113 629 2158 defutura
650 2112 848 2172 passione
875 2127 973 2165 sua,
1007 2110 1065 2154 ait
1093 2129 1102 2153 ;
1136 2127 1158 2150 «
1177 2109 1317 2164 Absit,
1348 2109 1551 2164 Domine,
1577 2110 1790 2169 propitius

406 2202 428 2225 »
464 2192 554 2226 esto
570 2182 665 2236 tibi,
690 2197 781 2225 non
795 2182 871 2225 fiet
888 2179 1019 2224 istud.
1036 2177 1205 2222 »Paulo
1221 2187 1336 2234 ante,
1355 2197 1374 2220 «
1392 2182 1547 2222 Beatus
1562 2194 1622 2234 es,
1642 2179 1790 2223 Simon

407 2274 428 2297 >›
464 2257 698 2307 Bar-Jona,
726 2253 826 2313 quia
847 2268 937 2296 non
969 2251 1049 2295 tibi
1080 2250 1286 2294 revelavit
1305 2265 1404 2294 caro
1427 2258 1470 2293 et
1497 2251 1689 2307 sanguis,
1715 2250 1789 2295 sed

408 2345 428 2367 »
467 2328 591 2368 Pater
609 2339 729 2366 meus
756 2323 830 2382 qui
858 2323 904 2365 in
927 2320 1046 2365 coelis
1068 2329 1131 2363 est
1158 2335 1166 2360 :
1198 2340 1215 2361 »
1247 2319 1378 2363 modo
1405 2328 1603 2378 repente,
1634 2340 1650 2358 «
1678 2319 1789 2363 Redi

409 2414 430 2437 »
455 2402 554 2454 post
576 2408 668 2447 me,
694 2395 864 2437 Satana.
888 2411 907 2433 »
936 2390 1048 2444 Quid
1069 2399 1155 2443 est,
1184 2389 1329 2433 «Redi
1357 2398 1453 2448 post
1478 2391 1580 2432 me?
1602 2391 1789 2448 Sequere

411 2488 428 2507 η
465 2481 548 2508 me.
580 2485 598 2504 »
627 2461 873 2507 Praecederc
900 2476 968 2505 me
982 2460 1066 2514 vis,
1092 2459 1319 2504 consilium
1338 2459 1442 2502 mihi
1467 2458 1568 2503 dare
1591 2459 1673 2515 vis,
1694 2475 1787 2503 me-

460 2557 466 2571 ¹
491 2548 568 2580 psal.
586 2559 650 2581 cxi,
673 2559 722 2579 ιο.
