1889 3285
380 215 462 252 228
816 222 849 249 S.
884 221 1113 250 Aucusnm
1145 223 1325 250 EPlsCOPI

376 303 473 332 mus
496 306 504 331 ε
532 285 799 330 mentiemini
820 295 863 330 et
877 301 952 330 vos
973 286 1019 329 in
1035 284 1316 330 multitudine
1335 282 1542 344 potentiae
1564 280 1750 326 Domini.

375 357 493 410 Quid
513 356 671 402 dicturi
692 357 815 401 estis?
836 359 946 401 Cum
962 355 1248 400 dormiremus
1267 370 1360 410 nos,
1381 361 1595 398 venerunt
1617 350 1754 395 Disci-

372 427 465 486 puli
501 428 616 488 ejus,
648 436 691 471 et
719 426 995 471 abstulerunt
1016 442 1116 470 eurn
1142 425 1198 469 de
1229 425 1550 471 monument01.
1585 423 1622 465 Ο
1654 435 1756 465 vere

369 497 552 542 stultitia
573 497 816 542 dormiens?
838 500 927 541 Aut
949 495 1180 555 vigilabas,
1207 505 1250 540 et
1277 494 1504 556 prohibere
1526 490 1716 537 debuisti
1742 509 1752 535 ε

369 577 445 612 aut
477 566 746 622 dormiebas,
778 565 947 627 etquid
970 566 1023 609 sit
1051 574 1219 623 gestum
1248 566 1434 610 nescisti.
1470 567 1757 607 Accesserunt

367 648 411 682 et
431 638 511 698 ipsi
534 637 760 682 mendacio
781 637 1056 681 inimicorum
1092 655 1101 681 ε
1133 645 1284 680 auctus
1316 645 1378 680 est
1400 648 1606 679 numerus
1627 647 1754 676 men-

365 710 596 765 tientium,
626 719 677 753 ut
698 718 929 768 augeretur
955 722 1120 752 merces
1148 707 1420 752 credentium
1456 725 1466 751 :
1506 725 1525 747 «
1560 704 1670 757 Quia
1707 702 1755 746 in

371 800 389 821 »
425 778 709 823 multitudine
728 779 933 839 potentiae
950 787 1038 822 tuae
1060 778 1325 822 mentientur
1340 776 1419 821 tibi
1441 774 1606 820 inimici
1625 773 1705 818 tui.
1728 791 1749 814 »

365 852 484 908 Ergo
506 850 675 894 mentiti
706 859 828 904 sunt,
860 849 906 892 in
933 848 1215 892 multitudine
1237 848 1444 907 potentiae
1466 855 1554 890 tuae
1580 843 1752 888 mentiti

364 929 467 963 sunt
488 939 497 963 ε
521 920 756 979 apparuisti
776 928 926 964 contra
943 918 1172 963 mendaces
1185 918 1428 973 veracibus,
1454 926 1497 961 et
1514 913 1752 976 apparuisti

363 990 425 1033 eis
445 990 673 1034 veracibus
694 1005 804 1050 quos
827 999 877 1033 tu
897 1004 1069 1033 veraces
1086 987 1238 1032 fecisti.

424 1063 501 1104 IX.
528 1064 797 1104 Remaneant
817 1063 840 1104 J
846 1059 960 1103 udaei
981 1060 1027 1103 in
1048 1059 1282 1104 mendaciis
1304 1059 1390 1103 suis
1417 1077 1426 1103 :
1457 1058 1552 1113 tibi,
1584 1057 1684 1117 quia
1706 1056 1752 1100 in

364 1129 648 1175 multitudine
676 1130 885 1189 potentiae
918 1139 1005 1174 tuae
1035 1129 1206 1173 mentiti
1227 1139 1356 1185 sunt,
1379 1130 1455 1173 fiat
1474 1127 1595 1187 quod
1614 1127 1755 1187 sequi·

361 1209 434 1244 tur
459 1218 468 1243 :
498 1218 518 1241 «
543 1199 694 1243 Omnis
726 1209 839 1242 terra
870 1198 1021 1243 adoret
1049 1207 1091 1242 te
1115 1208 1157 1242 et
1184 1198 1341 1258 psallat
1363 1198 1443 1241 tibi
1460 1233 1470 1252 ,
1496 1197 1650 1257 psallat
1670 1212 1752 1241 no-

366 1287 385 1310 »
422 1269 529 1312 mini
563 1278 663 1323 tuo,
689 1267 939 1312 Altissiine·².
978 1287 997 1309 »
1025 1267 1160 1312 Paulo
1189 1277 1289 1311 ante
1317 1266 1584 1322 humillime,
1620 1266 1751 1310 modo

369 1358 388 1381 «
405 1338 620 1383 Altissime
647 1356 690 1382 :»
714 1336 959 1381 humillime
976 1337 1089 1381 inter
1110 1353 1263 1381 manus
1277 1338 1582 1381 mentientium
1604 1336 1752 1380 inimi-

363 1424 537 1464 corum,
562 1406 778 1452 Altissinie
799 1423 928 1466 super
949 1407 1154 1451 verticem
1176 1407 1448 1451 laudantium
1465 1406 1748 1465 Angelorum.

367 1498 385 1519 «
421 1478 571 1522 Omnis
606 1486 719 1521 terra
748 1477 899 1521 adoret
930 1486 971 1520 te
1005 1486 1047 1521 et
1084 1476 1237 1536 psallat
1263 1477 1364 1531 tibi,
1398 1469 1554 1537 psallat
1584 1476 1752 1522 nomini

363 1547 386 1590 ἶ)
423 1557 516 1602 tuo,
541 1546 770 1591 Altissime.
796 1565 815 1587 »

420 1621 478 1662 X.
503 1637 522 1659 «
548 1617 718 1671 Venite,
747 1625 790 1660 et
806 1617 950 1661 videte
968 1632 1096 1676 opera
1118 1617 1307 1661 Domini.
1336 1635 1357 1658 »
1378 1619 1415 1661 O
1436 1619 1609 1673 Gentes,
1633 1633 1659 1662 o
1680 1617 1751 1661 ul-

365 1689 479 1733 timae
501 1686 713 1741 nationes,
739 1686 972 1746 relinquite
993 1689 1017 1729 J
1023 1686 1168 1730 udaeos
1190 1687 1461 1742 mentientes,
1487 1687 1631 1731 venite
1648 1703 1751 1731 con-

361 1759 546 1802 fitentes.
587 1776 607 1799 «
641 1756 817 1811 Venite,
845 1766 888 1799 et
915 1755 1059 1799 videte
1081 1771 1210 1815 opera
1238 1757 1410 1801 Domini
1437 1776 1445 1801 :
1473 1757 1674 1802 terribilis
1703 1758 1749 1801 in

365 1846 385 1869 »
422 1825 607 1872 consiliis
631 1841 759 1885 super
791 1825 902 1869 filios
925 1826 1189 1870 liominumss.
1220 1844 1239 1867 n
1277 1826 1412 1871 Filius
1436 1827 1623 1871 hominis
1649 1828 1749 1887 qui—

362 1898 458 1942 dem
485 1906 528 1940 ct
553 1897 643 1955 ipsc
665 1896 807 1940 dictus
831 1905 918 1950 est,
946 1905 988 1939 et
1015 1911 1114 1940 vere
1137 1895 1250 1940 filius
1273 1896 1458 1940 hominis
1479 1895 1618 1941 factus
1647 1907 1709 1942 est
1733 1917 1742 1942 :

362 1983 488 2011 verus
507 1966 642 2009 Filius
662 1966 739 2010 Dei
751 1966 796 2009 in
812 1966 951 2010 forma
967 1966 1065 2023 Dei,
1086 1982 1210 2009 verus
1225 1966 1338 2010 filius
1351 1967 1536 2011 hominis
1548 1968 1592 2011 in
1607 1966 1747 2012 forma

361 2037 469 2081 servi
485 2038 499 2060 4
523 2055 531 2080 z
557 2036 632 2079 sed
648 2035 782 2080 nolite
803 2034 987 2079 [omnam
1004 2036 1126 2079 istam
1145 2037 1253 2080 servi
1270 2052 1320 2080 ex
1339 2037 1521 2081 aliorum
1539 2038 1746 2082 similium

360 2106 611 2152 conditione
634 2122 811 2165 pensare
839 2125 847 2150 z
880 2125 899 2147 «
926 2105 1142 2149 Terribilis
1173 2106 1301 2149 estin
1324 2107 1510 2151 consiliis
1541 2124 1668 2168 super
1690 2109 1745 2152 fi-

363 2195 384 2217 »
419 2175 498 2220 lios
521 2177 762 2220 hominum.
790 2194 809 2216 >›
836 2175 1072 2219 Machinati
1099 2185 1201 2219 sunt
1229 2176 1305 2219 filii
1338 2178 1565 2222 hominum
1600 2179 1744 2223 consi-

359 2246 467 2290 lium
499 2246 553 2289 ad
586 2246 930 2304 crucifigendum
970 2246 1217 2301 Christum,
1256 2248 1484 2291 crucifixus
1518 2250 1745 2293 excaecavit

360 2317 797 2375 crucifigentesQuid
811 2331 910 2373 ergo
923 2316 1097 2370 lecistis,
1109 2316 1185 2359 filii
1198 2317 1441 2373 hominum,
1454 2320 1742 2363 machinando

363 2396 487 2432 acuta
505 2387 682 2431 consilia
704 2386 904 2431 adversus
923 2387 1154 2430 Dominum
1172 2397 1379 2443 vestrum,
1401 2390 1445 2432 in
1469 2406 1556 2450 quo
1578 2390 1742 2434 latebat

361 2459 572 2518 majestas,
598 2467 641 2501 et
660 2458 895 2517 apparebat
917 2458 1165 2501 infirmitas?
1179 2461 1263 2503 Vos
1277 2460 1510 2503 machinati
1525 2461 1622 2504 estis
1640 2476 1741 2505 con-

410 2546 419 2563 ¹
443 2540 690 2582 Mutt11.xxv111,
713 2541 763 2573 13.
784 2558 824 2564 —
846 2548 858 2563 ²
875 2540 953 2573 Psal.
978 2551 1049 2582 nv,
1069 2541 1099 2582 4‘
1122 2558 1163 2564 —
1180 2540 1192 2564 3
1212 2542 1291 2574 lbid.
1310 2542 1342 2574 5.
1363 2560 1404 2565 -
1426 2542 1441 2572 4
1461 2544 1574 2587 Philip.
1594 2556 1630 2586 ιι,
1649 2545 1681 2576 (5.
