1889 3285
399 193 482 231 466
836 201 868 228 s.
907 203 1135 230 Aucusnm
1169 205 1350 231 1⁴:1³1scor1

393 268 549 325 Moysi,
576 275 625 310 ut
645 274 890 325 serpentem
903 281 1075 310 aeneum
1097 267 1303 311 exaltaret
1324 267 1371 310 in
1388 281 1548 322 eremo,
1565 276 1609 311 et
1625 267 1780 312 admo-

392 346 514 382 neret
535 336 766 396 populum,
787 346 837 380 ut
853 336 1046 397 quisquis
1069 352 1091 380 a
1115 347 1312 396 serpente
1326 353 1493 381 morsus
1511 347 1636 392 esset,
1655 337 1781 382 illum

391 408 650 462 intueretur,
683 415 726 450 et
747 409 1011 452 sanaretur1.
1041 407 1109 452 Sic
1132 416 1176 451 et
1196 407 1330 453 fiebat
1355 426 1364 452 z
1389 408 1448 453 sic
1471 417 1514 453 et
1536 408 1734 453 homines
1756 424 1782 453 a

389 477 582 534 venenis,
604 477 735 522 morsi
749 494 773 522 a
787 477 1078 537 serpentibus,
1101 472 1368 523 sa'nabantur
1383 479 1598 524 intuendo
1610 494 1783 538 serpen-

391 558 495 593 tem.
525 548 674 594 Sanari
689 565 712 592 a
730 558 945 609 serpente,
971 564 1181 608 magnum
1203 559 1536 594 sacramentum.
1559 549 1677 603 Quid
1700 559 1779 606 est,

392 621 605 665 intuendo
625 629 869 680 serpentem
887 620 1027 664 sanari
1049 635 1073 664 a
1095 622 1325 680 serpente?
1346 621 1577 666 credendo
1594 621 1640 665 in
1661 637 1783 666 mor·-

393 700 521 735 tuum
542 690 696 735 salvari
719 707 743 734 a
764 699 918 751 morte.
945 693 1003 734 Et
1024 699 1172 735 tamen
1193 691 1368 751 expavit
1377 700 1420 735 et
1436 689 1550 750 fugit
1569 693 1777 749 Moyses‘2.

394 762 512 815 Quid
529 771 608 816 est,
634 761 784 806 abillo
814 771 1012 822 serpente
1030 760 1188 820 fugisse
1215 764 1426 820 Moysen?
1453 761 1585 818 Quid,
1609 761 1781 818 fratres,

393 832 473 877 nisi
495 832 616 894 quod
638 832 794 877 scimus
811 833 857 877 in
879 832 1114 891 Evangelio
1136 832 1328 877 factum?
1349 836 1550 878 Mortuus
1561 842 1624 878 est
1636 834 1785 880 Chris-

396 913 481 959 tus,
504 912 547 948 et
569 913 836 964 expaverunt
863 903 1086 963 Discipuli,
1110 912 1155 948 et
1175 904 1231 949 ab
1250 903 1326 950 illa
1348 919 1422 964 spe
1444 905 1590 965 inqua
1611 904 1786 950 fuerant

393 984 662 1019 recesserunt
676 977 708 1018 ³.
739 996 756 1016 »
779 974 863 1020 Sed
884 974 991 1036 quid
1009 974 1178 1020 dictum
1200 976 1292 1019 est‘?
1319 994 1340 1017 «
1364 974 1657 1035 Apprehende
1676 991 1785 1020 cau-

397 1065 418 1088 »
454 1045 555 1091 dam
569 1047 729 1107 ejusffl»
742 1047 860 1100 Quid
871 1056 950 1102 est,
964 1046 1175 1091 caudam?
1189 1046 1430 1092 Posteriora
1442 1047 1782 1106 comprehende.

395 1119 490 1162 Hoc
516 1117 775 1174 significavit
813 1126 856 1162 et
878 1116 992 1162 iliud
1024 1137 1033 1162 :
1071 1136 1088 1158 «
1122 1117 1364 1162 Posteriora
1391 1133 1487 1162 mea
1513 1117 1722 1163 videbis⁵.
1759 1135 1781 1159 »

394 1188 541 1232 Primo
563 1185 701 1232 factus
711 1203 902 1247 serpens,
919 1187 995 1231 sed
1008 1187 1146 1232 cauda
1158 1196 1326 1232 retenta
1339 1186 1454 1233 facta
1475 1188 1596 1247 virga
1612 1209 1624 1247 3
1643 1189 1784 1248 primo

394 1259 575 1313 occisus,
590 1267 739 1318 postea
753 1258 999 1302 resurrexit.
1018 1261 1096 1303 Est
1108 1258 1237 1302 etiam
1252 1259 1298 1302 in
1309 1257 1446 1303 cauda
1463 1259 1672 1318 serpentis
1686 1259 1785 1304 finis

394 1329 556 1374 saeculi.
583 1329 694 1383 Quia
715 1329 775 1375 sic
801 1329 933 1374 modo
960 1328 1197 1373 mortalitas
1220 1328 1422 1373 Ecclesiae
1442 1328 1640 1374 ambulat
1673 1350 1682 1374 :
1713 1329 1788 1375 alii

395 1410 517 1455 eunt,
544 1400 614 1444 alii
641 1400 825 1444 veniunt
850 1414 928 1460 per
957 1408 1144 1445 mortem
1177 1408 1386 1460 tanquam
1412 1415 1490 1459 per
1509 1409 1782 1460 serpentem3

393 1473 494 1532 quia
513 1487 535 1515 a
556 1481 756 1531 serpente
778 1486 894 1515 mors
912 1471 1119 1515 seminata
1143 1480 1207 1515 est
1228 1490 1236 1515 :
1258 1471 1395 1515 sedin
1412 1472 1499 1515 fine
1519 1471 1666 1516 saeculi
1688 1481 1788 1517 tan-

393 1558 526 1605 quam
549 1542 704 1596 cauda,
730 1541 920 1585 redimus
937 1540 994 1585 ad
1009 1556 1185 1585 manum
1208 1541 1302 1597 Dei,
1328 1551 1372 1586 et
1392 1542 1606 1587 efficimur
1621 1543 1788 1587 stabili-

395 1624 491 1658 tum
508 1627 689 1671 regnum
710 1611 812 1666 Dei,
835 1620 885 1656 ut
906 1610 1139 1671 impleatur
1159 1612 1206 1655 in
1223 1612 1348 1656 nobis
1368 1631 1378 1657 ι
1403 1630 1424 1655 «
1444 1612 1680 1658 Redemisti
1695 1615 1786 1658 vir-

397 1703 418 1726 »
455 1699 553 1743 gam
580 1681 845 1726 haereditatis
866 1691 970 1726 tuae.
988 1700 1007 1723 »
1035 1680 1120 1726 Sed
1142 1683 1218 1742 qui
1244 1685 1487 1743 Syna'gogae
1503 1699 1587 1736 vox
1608 1693 1693 1742 est3
1714 1700 1785 1729 re-

396 1755 574 1814 dempta
589 1762 735 1797 autem
752 1752 871 1811 virga
893 1751 1157 1796 haereditatis
1171 1753 1248 1797 Dei
1260 1754 1396 1812 magis
1409 1764 1589 1814 apparet
1604 1754 1651 1799 in
1664 1756 1785 1800 Gen-

397 1825 513 1869 tibus
526 1846 536 1882 3
550 1822 720 1869 occulta
738 1833 886 1867 autem
906 1838 1000 1883 spes
1014 1825 1038 1866 J
1044 1823 1287 1879 udaeorum,
1301 1823 1372 1868 vel
1387 1839 1541 1869 eorum
1554 1825 1631 1886 qui
1647 1825 1786 1870 futuri

395 1905 499 1942 sunt
518 1905 570 1940 ut
591 1894 797 1950 credant,
819 1893 886 1937 vel
911 1909 1064 1938 eorum
1086 1894 1162 1954 qui
1183 1909 1234 1938 eo
1258 1903 1454 1954 tempore
1474 1895 1756 1940 crediderunt
1770 1931 1782 1952 ,

397 1966 576 2028 quando
604 1967 731 2010 misso
757 1965 919 2025 Spiritu
941 1974 1106 2019 sancto,
1133 1963 1342 2024 Discipuli
1361 1966 1559 2010 omnium
1588 1967 1786 2025 gentium

394 2037 554 2097 linguis
577 2036 714 2081 locuti
735 2038 877 2087 suntss.
917 2038 1038 2079 Tunc
1061 2035 1175 2078 enim
1199 2035 1368 2096 aliquot
1388 2035 1523 2081 millia
1546 2037 1601 2082 de
1621 2036 1786 2082 Judaeis

394 2109 495 2168 ipsis
517 2108 677 2153 Christi
699 2106 1024 2152 crucifixoribus
1047 2104 1327 2149 crediderunt
1349 2124 1357 2150 z
1383 2115 1427 2149 et
1444 2108 1546 2166 quia
1565 2122 1701 2167 prope
1718 2108 1786 2152 in-

394 2178 512 2222 venti
547 2185 670 2222 erant
684 2213 696 2233 ,
738 2177 797 2221 ita
829 2174 1131 2229 crediderunt,
1167 2184 1219 2219 ut
1251 2176 1397 2220 omnia
1432 2193 1532 2237 quae
1563 2177 1785 2222 habebant

393 2250 659 2303 venderent,
685 2258 728 2292 et
744 2248 881 2306 pretia
903 2261 1047 2290 rerum
1070 2262 1247 2290 suarum
1275 2256 1375 2291 ante
1396 2247 1528 2307 pedes
1550 2249 1784 2308 Apostolo-

396 2335 494 2364 rum
517 2320 769 2379 ponerent7.
796 2317 907 2371 Qui-a
929 2332 1031 2375 ergo
1054 2316 1276 2361 occultum
1303 2326 1394 2361 erat
1421 2318 1504 2363 hoc
1519 2353 1531 2373 ,
1556 2319 1781 2379 magisque

396 2389 637 2449 redemptio
654 2388 785 2446 virgae
800 2387 878 2431 Dei
896 2386 1009 2431 clara
1025 2384 1172 2430 futura
1187 2396 1278 2430 erat
1298 2387 1345 2431 in
1362 2388 1576 2433 Gentibus
1597 2408 1606 2434 :
1629 2388 1778 2449 expla-

445 2493 454 2508 ¹
473 2486 566 2517 Num.
586 2495 652 2526 xxi,
672 2483 705 2525 8,
733 2486 767 2515 et
789 2484 880 2515 Joan.
897 2493 944 2524 111,
970 2481 1022 2524 14.
1043 2499 1083 2504 —
1103 2489 1115 2504 2
1131 2482 1290 2524 Exod.1v,
1310 2482 1342 2515 3.
1362 2500 1404 2506 —
1429 2482 1442 2506 3
1461 2485 1537 2516 Luc.
1557 2495 1648 2527 ΠΝ,
1662 2493 1716 2518 21.
1737 2501 1780 2509 —

399 2540 528 2575 4Exod.
545 2539 643 2583 1V,4.
662 2556 705 2564 —-
722 2538 737 2563 5
750 2539 799 2572 Id.
815 2549 928 2581 xxxin,
947 2538 1002 2572 23.
1020 2554 1060 2562 ——
1081 2535 1097 2561 6
1121 2538 1200 2572 Act.
1217 2549 1254 2581 11,
1274 2537 1307 2581 4.
1324 2555 1366 2563 -
1382 2547 1397 2574 7
1414 2540 1460 2573 Id.
1480 2550 1527 2582 iv,
1547 2538 1614 2584 34„
