1889 3285
395 225 480 266 486
826 235 860 265 S.
897 236 1130 266 Auens'nm
1161 240 1343 268 ΕΡῙεθοΡῙ

395 303 544 347 saltem
568 302 833 360 corrigamur
859 303 1073 362 exemplo.
1099 304 1305 348 Nondum
1324 314 1415 351 erat
1436 305 1680 365 exemplum
1701 321 1775 350 ca-

396 389 466 418 sus
492 373 673 416 humani
689 409 700 428 ,
725 372 902 434 quando
924 373 1090 418 dictum
1113 384 1176 419 est
1197 374 1253 418 ad
1274 375 1413 420 Adam
1438 396 1447 421 :
1473 379 1658 421 ‹cMorte
1678 391 1776 422 mo-

399 462 420 486 »
456 444 597 499 rieris,
617 444 652 487 si
668 444 872 503 tetigeris.
903 462 922 486 »
948 448 1006 489 Et
1025 445 1145 489 venit
1168 445 1223 489 de
1248 455 1490 491 transverso
1511 457 1686 507 serpens
1701 483 1712 503 ,
1734 455 1777 491 et

395 512 504 559 dixit
523 534 533 560 :
558 533 579 556 (ι
602 517 700 561 Non
719 524 860 560 morte
881 515 1090 560 morieris.
1120 536 1138 558 >v
1164 515 1365 561 Creditus
1385 526 1448 561 est
1464 533 1655 577 serpens,
1672 533 1779 562 con-

392 595 584 645 temptus
598 595 661 630 θεῖ
672 592 781 630 Deus
802 585 1016 631 :creditus
1033 596 1096 631 est
1111 603 1302 648 serpens,
1318 597 1485 633 tactum
1502 598 1565 633 est
1574 590 1774 645 vetitum,

394 665 595 701 mortuus
627 666 691 701 est
733 657 911 701 h0m01.
947 659 1103 702 Nonne
1128 657 1357 718 impletum
1387 667 1450 703 est
1483 659 1627 719 potius
1659 659 1779 719 quod

393 727 583 771 minatus
611 735 676 772 est
707 729 842 782 Deus,
867 743 999 788 quam
1021 728 1141 789 quod
1167 728 1427 788 promiserat
1453 730 1684 774 inimicus?
1712 730 1780 775 Sic

395 806 460 842 est
481 806 598 842 certe
632 816 642 843 ε
667 798 940 857 agnoscimus
973 799 1083 857 hoc,
1109 799 1212 844 inde
1245 815 1394 844 omnes
1417 801 1464 844 in
1495 810 1635 845 morte
1661 820 1670 846 :
1689 801 1780 861 jam

392 867 464 914 vel
481 869 645 928 experti
666 870 783 913 cauti
799 869 946 914 simus.
971 872 1070 915 Non
1092 870 1208 914 enim
1232 879 1368 915 cessat
1389 880 1432 915 et
1457 870 1590 915 modo
1607 886 1780 931 serpens

394 938 689 995 insusurrare,
721 949 764 984 et
791 939 935 984 dicere
974 959 984 985 z
1009 940 1234 1001 Numquid
1262 956 1361 985 vere
1392 940 1679 986 damnaturus
1718 950 1782 986 est

393 1014 503 1053 Deus
523 1018 663 1054 tantas
678 1010 844 1068 turbas,
862 1010 1125 1056 liberaturus
1146 1021 1210 1056 est
1229 1014 1424 1071 paucos?
1445 1011 1561 1065 Quid
1583 1021 1646 1056 est
1663 1011 1782 1056 aliud

394 1096 553 1142 quam,
593 1082 742 1126 Facite
775 1092 928 1127 contra
958 1093 1250 1143 praeceptum,
1280 1099 1370 1128 non
1395 1084 1670 1128 moriemini?
1699 1082 1783 1128 Sed

394 1152 620 1212 quomodo
640 1161 747 1196 tunc
764 1187 774 1207 ‚
804 1153 865 1197 sic
893 1161 937 1198 et
958 1169 1092 1198 nunc.
1116 1154 1157 1199 Si
1175 1153 1325 1198 feceris
1347 1153 1468 1214 quod
1485 1154 1675 1212 suggerit
1695 1153 1783 1208 dia-

395 1221 540 1277 bolus,
555 1230 598 1266 et
620 1223 929 1282 contempseris
951 1223 1071 1283 quod
1089 1225 1295 1284 praecepit
1311 1228 1424 1268 Deus
1442 1245 1452 1280 3
1471 1225 1616 1268 veniet
1632 1223 1783 1283 judicii

394 1291 501 1347 dies,
527 1302 568 1337 et
590 1292 782 1337 invenies
797 1308 949 1337 verum
969 1293 1089 1354 quod
1113 1295 1302 1339 minatus
1324 1304 1387 1339 est
1408 1298 1538 1350 Deus,
1563 1303 1606 1338 et
1625 1294 1782 1338 falsum

401 1363 523 1425 quod
544 1363 763 1423 pollicitus
791 1372 854 1407 est
881 1362 1096 1409 diabolus.
1132 1383 1153 1407 «
1182 1368 1372 1423 Exurge.
1406 1366 1606 1420 Domine,
1636 1364 1784 1425 judica

402 1455 422 1477 »
457 1450 631 1480 causam
649 1449 834 1478 meam.»
851 1436 1051 1479 Mortuus
1069 1450 1128 1490 es,
1143 1444 1186 1479 et
1203 1445 1479 1496 contemptus
1497 1451 1562 1493 es,
1590 1454 1609 1478 «
1625 1435 1785 1480 dicitur

402 1526 420 1548 »
456 1505 565 1549 mihi
602 1524 612 1550 :
645 1506 731 1549 Ubi
769 1514 832 1549 est
860 1509 970 1550 Deus
1010 1508 1171 1550 tuus2?
1198 1509 1399 1565 Exurge,
1430 1506 1578 1567 judica
1611 1522 1785 1551 causam

402 1596 422 1619 »
456 1590 614 1620 meam.
645 1595 664 1617 >›
689 1577 787 1620 Non
810 1576 927 1620 enim
945 1585 1156 1621 venturus
1184 1585 1246 1620 θεῖ
1268 1576 1323 1620 ad
1338 1576 1553 1637 judicium
1569 1612 1589 1636 ,U
1606 1577 1687 1622 nisi
1709 1577 1786 1638 qui

396 1647 614 1692 exurrexit
641 1663 666 1691 a
690 1647 887 1692 mortuis,
913 1650 1134 1692 Venturus
1153 1649 1548 1707 praenuntiabatur,
1582 1649 1718 1704 venit,
1743 1658 1787 1693 et

396 1726 675 1776 contemptus
697 1726 763 1761 est
779 1733 802 1761 a
819 1719 844 1761 J
848 1716 982 1762 udaeis
1005 1718 1235 1763 ambulans
1256 1719 1302 1764 in
1323 1728 1463 1777 terra,
1489 1719 1786 1764 contemnitur

398 1802 423 1832 a
449 1786 566 1832 falsis
587 1787 842 1833 Christianis
875 1787 1031 1833 sedens
1061 1789 1107 1833 in
1136 1788 1264 1834 coelo.
1291 1809 1311 1833 «
1338 1793 1510 1849 Exurge
1526 1826 1538 1846 ,
1570 1790 1782 1846 Domine,

399 1876 421 1900 »
450 1857 600 1919 judica
627 1874 802 1903 causam
829 1874 989 1903 meam.
1024 1879 1043 1901 >³
1077 1860 1294 1913 Quoniam
1322 1861 1368 1904 in
1399 1870 1443 1905 te
1471 1860 1661 1915 credidi,
1695 1875 1787 1905 non

395 1944 570 1990 peream
588 1950 598 1987 3
623 1929 725 1989 quia
743 1928 908 1974 credidi
930 1930 1051 1990 quod
1078 1946 1169 1974 non
1189 1930 1294 1986 vidi,
1319 1946 1394 1990 spe
1414 1946 1511 1974 mea
1531 1946 1620 1974 non
1637 1929 1782 1986 fanllar,

396 1999 603 2059 accipiam
615 1999 735 2060 quod
747 1999 995 2059 promisisti.
1006 2019 1023 2040 «
1032 2002 1056 2044 J
1061 1999 1188 2044 udica
1203 2016 1378 2045 causam
1391 2015 1548 2044 meam.
1560 2004 1784 2046 Memento

398 2089 419 2113 »
456 2070 793 2130 opprobriorum
812 2079 1006 2124 tuorum,
1031 2086 1182 2115 eorum
1200 2087 1300 2131 quae
1317 2072 1372 2115 ab
1390 2071 1667 2131 imprudente
1683 2082 1785 2117 sunt

401 2160 419 2182 η
454 2150 545 2186 tota
569 2140 655 2185 die.
687 2161 706 2183 »
730 2141 888 2185 Adhuc
921 2142 1037 2185 enim
1067 2141 1303 2187 insultatur
1331 2142 1504 2187 Christo
1537 2161 1546 2186 ;
1582 2157 1663 2186 nee
1681 2141 1786 2186 dee-

395 2221 501 2256 runt
522 2220 612 2256 tota
641 2211 738 2266 die,
768 2212 853 2256 hoc
879 2220 942 2256 θεῖ
969 2212 1173 2272 usquein
1201 2213 1332 2257 finem
1355 2211 1527 2268 saeculi,
1560 2227 1658 2256 vasa
1689 2212 1780 2256 irae.

396 2282 555 2330 Adhuc
571 2281 730 2326 dicitur
752 2301 762 2327 ;
782 2284 905 2326 Vana
916 2281 1156 2342 praedicant
1169 2283 1418 2341 Christiani,
1441 2282 1583 2327 adhuc
1599 2281 1780 2328 dicitur:

396 2352 541 2397 Inanis
555 2360 620 2396 est
630 2352 884 2396 resurrectio
899 2361 1186 2397 mortuorum.
1209 2371 1227 2393 «
1248 2355 1273 2396 J
1277 2353 1403 2396 udica
1419 2367 1592 2397 causam
1611 2368 1753 2397 meam
1771 2372 1780 2397 :

401 2442 420 2465 »
454 2429 674 2466 memento
702 2422 1036 2481 opprobriorum
1063 2431 1256 2466 tuorum.
1282 2441 1302 2463 »
1340 2421 1424 2467 Sed
1460 2437 1671 2483 quorum,
1702 2423 1784 2466 nisi

398 2510 416 2532 «
452 2507 603 2535 eorum
625 2507 725 2551 quae
753 2491 807 2535 ab
837 2491 1115 2551 imprudente
1144 2501 1246 2536 sunt
1268 2501 1358 2536 tota
1382 2492 1480 2536 die?
1513 2513 1530 2533 »
1557 2490 1782 2552 Numquid

447 2583 454 2597 ¹
477 2578 545 2608 Gen
578 2588 613 2616 11,
634 2587 686 2616 17,
703 2581 736 2607 ct
755 2587 800 2615 ni,
823 2575 855 2615 4,
875 2576 896 2607 6
920 2580 1085 2618 et19.--u
1104 2583 1116 2598 2
1133 2575 1453 2617 Psal.xm,4et11.
