1889 3285
393 253 479 292 1¹70
829 264 864 290 s.
900 259 1131 293 mensum
1162 262 1344 291 EPIScol’t

389 329 540 376 Occiso
571 329 693 373 enim
724 327 898 375 Christo
915 363 928 384 ‚
961 328 1065 388 quia
1098 328 1268 373 dixerat
1303 327 1387 373 illis
1408 327 1499 387 ipse
1530 328 1772 374 Dominus:

394 419 412 439 «
447 397 684 444 Auferetur
716 414 741 442 a
773 397 896 442 vobis
929 413 1132 455 regnum,
1164 407 1208 442 et
1233 397 1426 443 tradetur
1459 399 1578 457 genti
1598 398 1779 443 facienti

393 488 414 511 »
441 468 710 529 justitiamf:
738 485 758 509 »
783 476 944 511 secutae
965 477 1068 512 su-nt
1082 467 1179 512 illos
1201 483 1372 527 magnae
1393 467 1658 513 calamitates
1679 483 1780 528 per-

391 539 664 585 secutionum
693 557 702 583 :
732 537 931 582 vicerunt
952 537 1048 582 iilos
1069 537 1351 597 imperatores
1372 538 1568 593 romani,
1592 547 1637 583 et
1659 553 1780 597 reges

393 610 602 655 Gentium
631 628 641 654 :
682 608 841 653 exclusi
879 617 982 652 sunt
1011 606 1067 652 de
1102 608 1194 668 ipso
1230 608 1328 653 loco
1359 608 1439 652 ubi
1470 608 1782 654 crucifixerunt

391 681 639 735 Christum,
678 689 722 724 et
761 679 893 724 modo
925 678 1047 723 loeus
1078 677 1153 722 ille
1186 677 1343 739 plenus
1379 688 1443 723 est
1477 678 1782 724 laudatoribus

390 750 659 806 Christianis,
674 749 847 794 nullum
863 752 887 794 J
893 749 1068 794 udaeum
1079 749 1233 806 habet,
1247 749 1387 793 caruit
1399 749 1586 794 inimicis
1601 749 1778 805 Christi,

391 822 594 882 impletus
613 830 677 887 eft
698 820 996 866 laudatoribus
1019 819 1194 865 Christi.
1212 822 1326 864 Ecce
1348 819 1633 879 perdiderunt
1655 836 1678 864 a
1697 824 1786 865 Ro-

390 892 528 939 manis
550 891 724 948 locum,
753 891 857 952 quia
879 891 1101 937 Christum
1129 890 1386 935 occiderunt
1402 925 1415 945 ‚
1441 891 1519 951 qui
1552 900 1784 950 propterea
1856 934 1858 940 ,

392 963 648 1009 occiderunt
666 998 678 1018 ,
699 978 754 1006 ne
773 962 922 1007 locum
938 978 962 1006 a
985 961 1192 1007 Romanis
1213 961 1460 1021 perderent.
1487 963 1606 1020 Ergo
1620 995 1633 1017 ,
1661 979 1683 1004 «
1708 964 1784 1005 In-

395 1052 417 1076 »
452 1033 650 1079 troibunt
669 1034 715 1077 in
736 1033 823 1077 ima
844 1042 986 1077 terrae.
1010 1050 1031 1073 »

450 1106 574 1150 XIX.
604 1124 625 1147 «
666 1102 911 1148 Tradentur
928 1103 976 1147 in
1003 1118 1159 1148 manus
1181 1101 1357 1162 gladii2.
1386 1119 1407 1143 »
1434 1105 1601 1146 Revera
1621 1101 1681 1146 sic
1702 1100 1786 1147 illis
1854 1089 1857 1113 ⁴³

392 1174 618 1220 visibiliter
639 1174 824 1233 contigit
839 1209 850 1230 ,
881 1174 1121 1234 expugnati
1142 1182 1245 1219 sunt
1278 1172 1545 1217 irruentibus
1567 1172 1782 1217 hostibus.
1854 1170 1856 1193 ἶ

397 1263 418 1287 «
452 1247 600 1288 Partes
627 1245 828 1304 vulpium
855 1254 998 1289 erunt.
1022 1263 1043 1286 »
1066 1243 1229 1304 Vulpes
1247 1243 1354 1288 dicit
1374 1258 1493 1301 reges
1513 1242 1684 1297 saeculi,
1708 1241 1788 1302 qui

392 1324 498 1359 tunc
520 1314 701 1359 fuerunt
722 1315 900 1376 quando
921 1314 1139 1359 debellata
1164 1323 1228 1359 est
1249 1316 1272 1358 J
1279 1313 1419 1358 udaea.
1446 1313 1608 1358 Audite
1631 1322 1680 1355 ut
1703 1327 1786 1356 no-
1852 1322 1855 1343 ³

390 1385 538 1431 veritis
565 1394 609 1429 et
640 1386 888 1441 intelligatis
906 1417 918 1437 ,
954 1387 1056 1441 quia
1088 1386 1201 1440 ipsos
1222 1385 1330 1425 dicit
1355 1381 1524 1440 vulpes.
1563 1381 1787 1427 Herodem

393 1472 542 1516 regem
562 1457 653 1516 ipse
670 1455 875 1500 Dominus
896 1452 1072 1512 vulpem
1095 1452 1331 1512 appellavit
1351 1472 1360 1498 ε
1386 1472 1406 1495 «
1433 1456 1497 1497 Ite
1514 1488 1525 1508 ,
1546 1453 1692 1514 inquit
1707 1489 1718 1508 ,
1744 1463 1789 1499 et

397 1546 418 1570 »
455 1527 584 1571 dieite
619 1525 742 1583 vulpi
775 1523 838 1567 illi
856 1525 888 1567 ³.
925 1543 942 1564 »
975 1522 1130 1567 Videte
1151 1532 1194 1566 et
1223 1523 1435 1568 attendite
1453 1559 1464 1579 ,
1489 1522 1642 1569 fratres
1665 1525 1784 1569 mei:

397 1597 619 1643 Christum
648 1609 793 1652 regem
826 1593 988 1638 habere
1022 1593 1261 1638 noluerunt
1282 1629 1294 1649 ,
1334 1603 1377 1638 et
1412 1603 1556 1654 partes
1578 1594 1788 1654 ‚vulpium
1850 1593 1853 1599 ’

397 1666 499 1712 facti
521 1675 639 1711 sunt.
664 1664 852 1719 Quando
871 1664 988 1709 enim
1018 1664 1183 1709 Pilatus
1205 1680 1360 1725 praeses
1378 1666 1425 1709 in
1446 1668 1470 1710 J
1475 1665 1601 1710 udaea
1621 1665 1789 1724 legatus

396 1734 556 1782 occidit
595 1735 818 1781 Christum
851 1749 901 1779 ex
932 1735 1112 1779 vocibus
1145 1734 1398 1780 Judaeorum
1417 1771 1428 1790 ‚
1453 1735 1561 1779 dixit
1581 1736 1683 1795 ipsis
1705 1738 1788 1780 Ju-

398 1807 502 1852 daeis
524 1826 533 1852 z
563 1825 584 1849 «
609 1809 775 1865 Regem
796 1814 990 1850 vestrum
1018 1805 1296 1864 crucifigam?
1320 1806 1428 1859 Quia
1451 1806 1679 1851 dicebatur
1713 1821 1788 1851 rex

396 1881 421 1923 J
425 1878 667 1932 udaeorum,
685 1885 729 1921 et
748 1891 876 1921 verus
894 1891 967 1920 rex
984 1877 1091 1935 ipse.
1110 1879 1167 1920 Et
1184 1875 1247 1920 illi
1264 1876 1522 1935 repellentes
1545 1877 1784 1932 Christum,

393 1948 598 1993 dixerunt
623 1967 633 1992 :
664 1966 685 1989 «
710 1949 796 1992 Nos
824 1963 915 1991 non
949 1947 1162 1991 habemus
1191 1963 1337 2006 regem
1368 1949 1448 1992 nisi
1469 1949 1731 1993 Caesarem4.
1761 1965 1783 1989 υ

396 2020 659 2079 Rejeeerunt
681 2032 861 2076 agnum,
879 2017 1105 2076 elegerunt
1126 2016 1302 2077 vulpem
1326 2018 1506 2062 :merito
1528 2026 1669 2077 partes
1690 2017 1789 2063 vul-

396 2089 520 2149 pium
540 2086 643 2132 facti
664 2096 782 2132 sunt.

455 2160 554 2202 XX.
583 2177 603 2200 «
627 2161 719 2202 Rex
741 2173 870 2203 vero:
900 2178 918 2199 ι)
944 2156 1044 2202 ideo
1065 2156 1125 2201 ita
1146 2157 1338 2216 positum
1364 2167 1449 2213 est,
1478 2158 1581 2218 quia
1602 2157 1666 2202 illi
1684 2158 1787 2204 vul-
1847 2181 1876 2200 l·

395 2244 496 2290 pem
518 2228 762 2287 elegerunt,
793 2244 941 2288 regem
970 2243 1073 2272 vero
1096 2227 1350 2272 noluerunt.
1377 2247 1395 2270 «
1421 2232 1513 2273 Rex
1533 2244 1666 2274 vero:
1695 2249 1714 2272 »
1739 2229 1786 2273 id
1846 2258 1847 2265 κ

396 2310 460 2345 est
475 2335 486 2356 ,
511 2315 637 2345 verus
659 2316 754 2355 rex,
785 2300 856 2344 cui
880 2299 1032 2344 titulus
1059 2299 1294 2359 inscriptus
1316 2309 1402 2355 est,
1428 2300 1607 2361 quando
1637 2316 1789 2361 passus

395 2380 474 2415 est.
514 2373 624 2416 Nam
647 2371 809 2415 Pilatus
843 2371 962 2415 huuc
985 2370 1163 2414 titulum
1185 2386 1315 2431 super
1334 2380 1467 2430 caput
1490 2372 1581 2432 ejus
1603 2372 1786 2431 inscrip-

395 2452 491 2487 tum
512 2442 677 2501 posuit,
707 2445 833 2486 «Rex
850 2441 1128 2497 Judaeorum,
1147 2460 1166 2484 »
1190 2443 1367 2486 hebraea
1388 2441 1537 2500 lingua
1552 2477 1564 2498 ‚
1591 2457 1729 2501 graeca
1745 2451 1789 2486 et

396 2511 546 2567 latina,
571 2520 622 2556 ut
642 2527 792 2557 omnes
814 2512 890 2572 qui
911 2512 1146 2556 transirent
1162 2512 1356 2570 legerent
1379 2511 1561 2571 gloriam
1581 2513 1690 2570 regis
1708 2547 1720 2568 ,
1745 2522 1790 2558 et

442 2604 451 2618 ¹
474 2597 586 2629 Matth.
607 2595 797 2638 xx1,43.-—
817 2604 829 2619 ¹
852 2597 930 2628 Psal.
952 2607 1027 2634 mm,
1046 2608 1057 2629 1
1070 2609 1096 2628 1.
1112 2613 1152 2619 —
1167 2596 1178 2618 3
1195 2599 1269 2629 Luc.
1292 2608 1360 2635 xm,
1378 2598 1428 2629 3¹2.
1450 2614 1490 2621 —-
1507 2597 1521 2626 4
1543 2600 1634 2629 Joan.
1647 2608 1712 2638 xix,
1730 2597 1784 2628 15.

1840 2658 1843 2727 ἐ
