1889 3285
273 253 514 284 ENARRATIO
545 256 578 282 11
610 256 655 282 11⁸1
688 252 891 282 PsALMUM
923 255 1088 293 vam,
1123 252 1261 282 SERMO
1292 256 1342 282 11.
1407 240 1485 280 341

114 336 237 365 mens
258 321 303 364 in
333 320 493 380 Spiritu
522 320 599 364 Dei
630 319 757 375 dicit,
790 319 1000 365 malevole
1027 320 1252 378 imprecari
1271 314 1486 364 videaturss

113 390 212 435 Fiat
236 406 365 449 ergo3
389 405 469 434 nec
489 398 630 448 potest
651 389 773 433 aliter
794 390 908 445 fieri,
932 389 1014 433 nisi
1034 398 1085 432 ut
1104 388 1264 434 talibus
1287 390 1367 434 ista
1387 405 1490 435 eve-

110 460 250 504 niant.
285 463 342 504 Et
374 460 581 519 quoniam
609 459 806 504 videmus
834 475 911 519 per
943 459 1151 518 Spiritum
1174 459 1253 503 Dei
1281 458 1367 504 dici
1388 459 1491 504 talia

112 539 321 574 eventura
340 529 489 587 malis3
516 528 571 573 ad
591 530 675 573 hoc
702 530 747 572 in
769 529 850 574 illis
877 531 971 574 haec
997 529 1308 588 intelligamus,
1342 539 1393 574 ut
1413 545 1492 574 nos

113 599 216 644 talia
236 600 492 644 devitemus.
518 602 611 643 Hoc
633 600 748 643 enim
765 601 890 644 nobis
909 601 1083 660 prodest
1103 599 1358 657 intelligere,
1380 609 1423 644 et
1440 616 1493 644 ex

112 671 296 715 inimicis
324 672 532 730 proficere
561 690 569 715 :
605 689 623 711 «
657 672 752 715 Fiat
781 687 883 730 ergo
906 671 989 716 illis
1018 680 1061 715 et
1087 672 1132 715 in
1160 672 1492 716 retributionem

116 760 134 782 »
170 741 271 785 etin
288 740 557 786 scandalum.
583 761 600 782 »
627 744 683 785 Et
706 742 922 801 numquid
938 743 1145 801 injustum
1173 751 1237 786 est
1257 742 1366 785 hoc?
1388 744 1491 785 Jus—

110 820 204 855 tum
221 821 297 856 est.
316 813 487 864 Quare?
508 812 721 864 Quoniam
742 831 757 851 «
779 816 830 855 In
852 813 1198 856 retributionem.
1220 832 1237 853 »
1263 814 1360 858 Non
1377 811 1493 855 enim

110 881 276 942 aliquid
289 882 373 925 illis
388 881 616 937 accideret,
629 882 750 941 quod
767 898 856 926 non
870 882 1129 926 debebatur.
1149 902 1166 923 «
1180 885 1232 927 In
1245 882 1492 926 retributio-

115 974 133 995 »
168 969 269 998 nem
287 954 408 1008 fit‚et
428 954 473 997 in
495 953 770 1000 scandalum:
787 954 889 1015 quia
906 954 986 1013 ipsi
1007 953 1087 998 sibi
1105 962 1206 997 sunt
1219 951 1487 997 scandalum.

167 1026 289 1067 VIII.
312 1024 612 1069 Obscurentur
633 1024 748 1068 oculi
765 1039 918 1068 eorum
933 1059 944 1079 ‚
970 1039 1025 1068 ne
1037 1022 1234 1078 videant,
1256 1032 1299 1067 et
1315 1023 1494 1067 dorsum

114 1113 133 1135 »
167 1092 341 1138 illorum
375 1109 544 1154 semper
569 1095 762 1139 incurva.
791 1114 809 1135 »
845 1097 938 1139 Hoc
965 1108 1235 1153 consequens
1269 1101 1346 1136 est.
1381 1094 1494 1138 Nam

107 1179 296 1225 quorum
318 1165 434 1210 oculi
455 1164 618 1209 fuerint
639 1165 885 1220 obscurati,
909 1181 964 1209 ne
985 1164 1162 1209 videant
1177 1199 1189 1219 ‚
1218 1163 1414 1224 sequitur
1442 1171 1494 1207 ut

109 1235 287 1280 dorsum
303 1236 478 1280 illorum
498 1237 765 1280 incurvetur.
781 1237 906 1280 Unde
928 1237 1041 1280 hoc?
1058 1236 1168 1288 Quia
1190 1250 1289 1279 cum
1308 1249 1493 1279 cessave-

108 1306 196 1349 rint
231 1321 416 1365 superna
450 1320 734 1363 cognoscere,
767 1321 939 1349 necesse
967 1314 1030 1349 est
1054 1314 1103 1349 ut
1131 1304 1185 1348 de
1217 1303 1494 1348 inferioribus

108 1375 314 1433 cogitent.
349 1375 433 1428 Qui
454 1375 566 1418 bene
590 1374 740 1419 audit:
769 1378 949 1420 Sursum
975 1391 1073 1429 cor,
1104 1389 1286 1419 curvum
1314 1374 1493 1418 dorsum

106 1461 197 1490 non
218 1446 366 1489 habet.
401 1447 558 1488 Erecta
580 1445 744 1504 quippe
773 1454 935 1489 statura
961 1454 1158 1504 expectat
1186 1459 1306 1503 spem
1328 1444 1494 1503 reposi-

107 1524 197 1559 tam
218 1515 298 1559 sibi
319 1515 364 1558 in
381 1514 515 1571 coelo3
540 1516 727 1558 maxime
748 1515 783 1559 si
804 1515 1041 1573 praemittat
1062 1515 1314 1558 thesaurum
1336 1529 1462 1557 suum
1478 1548 1490 1570 ,

110 1605 129 1626 »
164 1601 252 1645 quo
274 1593 477 1644 sequatur
507 1600 582 1628 cor
601 1586 692 1644 ejus
706 1587 737 1628 ¹.
763 1587 820 1628 At
839 1600 942 1629 vero
963 1585 1040 1644 qui
1060 1584 1222 1628 futurae
1251 1584 1351 1628 vitae
1372 1599 1494 1644 spem

107 1670 197 1700 non
218 1654 483 1713 intelligunt,
495 1655 587 1714 jam
608 1655 825 1709 excaecati,
841 1653 896 1698 de
910 1653 1190 1698 inferioribus
1211 1653 1405 1712 cogitant
1424 1673 1433 1698 :
1450 1663 1495 1698 et

105 1727 190 1769 hoc
206 1733 269 1768 est
284 1724 446 1768 habere
459 1725 636 1768 dorsum
647 1739 830 1768 curvum
842 1744 853 1781 3
865 1740 888 1767 a
903 1740 992 1784 quo
1004 1724 1158 1768 morbo
1173 1725 1383 1768 Dominus
1399 1740 1495 1768 mu-

106 1796 255 1840 lierem
276 1794 395 1838 illam
416 1794 629 1839 liberavit.
653 1794 914 1852 Alligaverat
936 1795 1052 1838 enim
1072 1810 1167 1838 eam
1180 1797 1356 1839 Satanas
1370 1795 1493 1839 annis

107 1866 259 1910 decem
276 1875 319 1909 et
334 1875 431 1910 octo
442 1900 452 1919 ‚
471 1874 514 1909 et
528 1880 621 1909 eam
641 1874 865 1909 curvatam
883 1865 1016 1908 erexit
1033 1884 1041 1910 ε
1061 1874 1104 1908 et
1116 1866 1217 1924 quia
1232 1865 1414 1909 sabbato
1433 1864 1494 1910 fa-

107 1936 265 1990 ciebat,
291 1934 566 1979 scandalizati
586 1944 688 1978 sunt
709 1934 873 1991 Judaei3
896 1935 1007 1978 bene
1024 1932 1299 1978 scandalizati
1320 1943 1422 1978 sunt
1439 1935 1494 1979 de

107 2005 180 2050 illa
193 2015 348 2059 erecta,
359 2005 439 2064 ipsi
452 2004 607 2048 curvi2.
619 2007 700 2048 «Et
708 2004 884 2048 dorsum
897 2003 1071 2048 illorum
1085 2019 1253 2063 semper
1265 2004 1490 2049 incurva.»

168 2078 245 2120 IX.
263 2075 456 2118 Estunde
473 2089 601 2134 super
613 2089 684 2118 eos
706 2074 815 2118 iram
832 2083 952 2118 tuam
964 2109 975 2129 ‚
997 2083 1040 2118 et
1058 2074 1298 2132 indignatio
1314 2075 1390 2118 irae
1404 2084 1492 2120 tuae

112 2167 130 2188 »
148 2145 490 2204 comprehendat
501 2147 609 2188 eosss.
621 2144 779 2190 »Plana
793 2154 896 2188 sunt
908 2164 916 2189 :
928 2145 1003 2188 sed
1015 2153 1161 2189 tamen
1173 2146 1495 2204 «Comprehen-

110 2234 131 2258 »
149 2217 224 2261 dat
236 2231 324 2269 eos,
340 2235 358 2257 »
370 2215 492 2274 quasi
512 2213 724 2271 fugientes
737 2215 1022 2273 agnoscimus.
1039 2218 1136 2268 Quo
1150 2225 1296 2260 autem
1308 2215 1492 2274 fugituri

107 2288 239 2332 sunt?
259 2289 310 2329 In
332 2285 525 2329 coelum?
549 2288 614 2329 Tu
632 2285 695 2329 ibi
711 2301 770 2329 es.
797 2289 848 2329 In
870 2285 1119 2330 infernum?
1141 2286 1297 2330 Ades&
1325 2290 1493 2330 Pennas

107 2373 205 2402 suas
222 2356 380 2400 nolunt
402 2356 608 2414 recipere,
623 2365 673 2400 ut
682 2355 830 2400 volent
842 2356 885 2400 in
898 2356 1133 2401 directum:
1154 2375 1170 2396 «
1189 2357 1491 2415 Comprehen-

112 2446 132 2469 »
150 2427 225 2471 dat
236 2442 307 2470 eos
326 2425 568 2484 indignatio
590 2426 664 2469 irae
685 2436 789 2482 tuae,
811 2447 829 2468 »
850 2442 940 2470 non
957 2441 1028 2471 eos
1042 2427 1264 2486 permittat
1281 2426 1489 2484 effugere.

157 2530 167 2545 ¹
198 2522 311 2554 Matth.
340 2532 395 2562 vl,
426 2529 480 2553 21.
514 2538 557 2544 —
588 2528 601 2544 ²
629 2523 704 2554 Luc.
725 2533 800 2563 xm,
836 2521 889 2554 16.
909 2539 950 2545 —
972 2520 985 2546 ⁸
1004 2521 1090 2555 Psal.
1111 2533 1212 2554 vam
1228 2547 1236 2562 ,
1266 2521 1320 2553 25.
1345 2537 1387 2543 --
1403 2519 1485 2553 4111.

111 2587 261 2618 cxxxvlii,
283 2576 315 2607 8.
