1889 3285
390 283 631 312 ENAnnATIO
665 287 708 311 IN
741 284 942 312 PSALMUM
975 286 1109 312 Litvit.
1355 272 1437 310 277

57 350 200 394 adhuc
221 351 434 394 incertum
454 358 517 393 est
539 359 702 404 utrum,
728 351 796 393 life
819 365 1002 410 pennae,
1026 365 1097 404 an,
1119 365 1144 393 o
1167 364 1240 393 vos
1263 363 1434 408 penuae,

55 430 106 464 ut
123 420 178 463 ad
200 421 310 479 ipsas
328 435 491 478 pennas
505 419 628 478 loqui
650 420 859 464 videatur.
884 423 1040 464 Utrum
1062 435 1164 478 ergo
1180 418 1322 463 verbis
1340 434 1439 478 quae

56 499 369 549 praecesserunt
401 490 578 533 finiatur
606 490 686 533 ista
720 490 955 545 sententia,
981 498 1030 533 ut
1056 489 1164 533 ordo
1195 489 1278 532 sit:
1310 508 1330 531 «
1350 492 1441 533 Do-

58 578 78 602 »
114 560 257 603 minus
281 559 404 603 dabit
425 560 610 603 verbum
633 560 1026 618 evangelizantibus
1047 559 1209 604 virtute
1231 558 1386 614 multa,
1407 560 1442 603 si

57 647 78 671 ))
113 629 333 674 dormiatis
359 629 472 673 inter
505 630 669 674 medios
696 629 856 686 cleros,
887 645 913 674 0
944 646 1018 674 vos
1040 645 1195 689 pennae
1223 629 1440 675 columbae.

0 718 2 742 s
58 718 78 742 »
113 700 405 759 deargentatae
438 720 446 744 :
480 718 500 741 »
534 717 588 744 an
611 701 676 744 his
712 718 810 761 quae
839 710 1107 763 sequuntur,
1141 709 1192 744 ut
1224 700 1331 745 ordo
1363 700 1439 755 sit,

0 799 2 807 >
60 788 80 812 «
117 770 160 814 Si
182 769 403 814 dormiatis
420 770 534 813 inter
550 769 715 815 medios
732 771 884 825 cleros,
918 787 1074 831 pennae
1089 770 1305 815 columbae
1323 769 1443 814 dear-

0 859 1 897 j
57 856 78 880 »
115 847 300 897 gentatae
322 840 422 884 nive
439 839 763 883 dealbabuntur
785 841 831 883 in
855 840 1030 885 Selmon
1045 842 1059 866 1
1087 859 1095 884 ε
1125 858 1144 881 n
1170 839 1217 884 id
1233 849 1312 894 cst,
1336 840 1442 899 ipsae

0 925 2 966 ς
54 924 210 968 pennae
240 909 587 960 dealbabuntur,
623 911 657 954 si
680 910 901 955 dormiatis
930 911 1043 955 inter
1079 909 1244 955 medios
1265 910 1400 955 cleros
1429 928 1439 954 ε

54 987 105 1022 nt
124 978 207 1022 illis
225 980 308 1023 hoc
320 978 463 1023 dicere
476 980 760 1039 intelligatur,
781 981 857 1040 qui
880 981 1035 1039 speciei
1053 980 1208 1024 domus
1231 990 1444 1040 tanquam

0 1067 2 1091 ι
53 1048 189 1107 spolia
210 1048 487 1103 dividuntur,
512 1049 558 1093 id
585 1060 648 1094 est
674 1070 682 1094 :
711 1051 754 1095 Si
776 1051 998 1094 dormiatis
1026 1051 1139 1095 inter
1161 1051 1327 1094 medios
1349 1049 1444 1094 cle-·
1487 1059 1490 1061 “

54 1134 138 1174 ros,
165 1135 190 1162 o
208 1134 283 1163 vos
305 1119 379 1179 qui
395 1119 639 1164 dividimini
663 1121 818 1180 speciei
836 1119 1006 1175 domus,
1027 1136 1104 1180 per
1126 1119 1442 1165 manifestatio-

54 1204 154 1232 nem
175 1190 356 1248 Spiritus
379 1189 434 1234 ad
456 1190 703 1245 utilitatem,
729 1200 779 1234 ut
800 1191 871 1234 alii
892 1189 1073 1251 quidem
1094 1190 1223 1234 detur
1245 1205 1322 1249 per
1346 1191 1443 1249 Spi-

53 1260 186 1303 ritum
217 1275 357 1304 serino
387 1261 626 1319 sapientiae,
672 1260 743 1304 alii
779 1276 920 1305 sermo
967 1261 1156 1305 scientiae
1200 1260 1443 1304 secundum

54 1328 259 1372 eumdem
289 1329 497 1387 Spiritum
514 1363 524 1383 ,
551 1327 622 1371 alii
648 1328 754 1372 fides
772 1364 782 1383 ,
809 1328 879 1372 alii
910 1344 1063 1387 genera
1097 1330 1374 1372 curationum
1396 1329 1443 1371 in

53 1399 207 1443 eodem
243 1399 436 1458 Spiritu,
465 1408 507 1442 et
530 1403 715 1443 caetera²
741 1419 749 1443 :
786 1400 820 1443 si
841 1415 944 1458 crgo
973 1415 1048 1443 vos
1072 1398 1294 1443 dormiatis
1330 1400 1443 1443 inter

53 1469 219 1513 medios
250 1468 386 1513 cleros
404 1502 416 1523 ,
450 1478 555 1512 tunc
590 1484 747 1528 pennae
775 1469 992 1513 columbae
1022 1472 1314 1528 deargentatae
1342 1469 1442 1514 nive

54 1537 381 1583 dealbabuntur
403 1540 447 1582 in
473 1538 663 1584 Selmon.
697 1543 844 1583 Potest
867 1538 989 1582 etsie
1015 1557 1024 1582 ε
1055 1557 1074 1580 «
1103 1539 1146 1583 Si
1168 1554 1260 1594 VOS,
1285 1554 1443 1598 pennae

58 1626 78 1650 »
116 1609 336 1652 columbae
365 1607 670 1667 deargentatae,
696 1608 920 1653 dormiatis
946 1609 1058 1652 inter
1080 1608 1245 1652 medios
1277 1608 1412 1653 cleros
1429 1644 1440 1664 ,

57 1697 78 1720 »
115 1680 216 1723 nive
244 1679 569 1724 dealbabuntur
600 1680 647 1723 in
676 1679 876 1734 Selmon,
911 1698 931 1720 »
974 1689 1025 1723 ut
1061 1679 1445 1738 subintelligantur

52 1750 269 1804 homines,
290 1751 365 1811 qui
389 1766 467 1810 per
489 1751 668 1809 gratiam
691 1751 984 1795 remissionem
1004 1750 1224 1809 accipiunt
1243 1760 1447 1809 peccato-

54 1836 167 1864 rum.
194 1820 320 1865 Unde
341 1821 470 1864 etiam
487 1822 542 1864 de
564 1821 655 1880 ipsa
676 1821 870 1864 Ecclesia
889 1819 1051 1864 dicitur
1068 1820 1112 1863 in
1135 1820 1315 1864 Cantico
1338 1836 1461 1878 can--

53 1891 235 1934 ticorum
260 1910 268 1935 :
299 1909 318 1932 «
345 1893 453 1943 Quae
477 1899 540 1934 est
558 1890 638 1934 ista
662 1906 761 1950 quae
783 1889 979 1934 ascendit
1009 1888 1210 1933 dealbata
1225 1891 1273 1931 ³?
1294 1909 1313 1932 «
1340 1894 1447 1935 Pro—

52 1961 196 2004 missio
226 1961 388 2020 quippe
416 1961 495 2004 Dei
520 1969 693 2004 tenetur
719 1975 797 2019 per
823 1961 1086 2019 Prophetam
1109 1958 1290 2004 dicentis
1318 1979 1327 2004 :
1357 1980 1377 2002 «
1404 1961 1447 2005 Si

56 2047 77 2070 ))
112 2028 276 2073 suerint
301 2040 471 2089 peccata
507 2039 647 2074 vestra
679 2039 889 2090 tanquam
918 2029 1211 2089 phoenicium,
1241 2030 1353 2074 sicut
1375 2032 1445 2074 ni-

56 2118 76 2141 »
111 2114 209 2144 vem
231 2098 480 2143 dealbabo4.
508 2117 529 2140 »
556 2104 703 2144 Potest
726 2109 768 2143 et
794 2100 852 2143 sic
881 2099 1088 2158 intelligi,
1111 2109 1161 2143 ut
1180 2100 1227 2143 in
1251 2115 1302 2144 eo
1324 2100 1446 2160 quod

54 2169 219 2214 dictum
242 2178 331 2225 est,
357 2189 376 2211 t(
404 2173 565 2213 Pennfe
588 2170 805 2215 columbae
822 2170 1131 2229 deargentatae,
1162 2189 1181 2212 >›
1209 2170 1444 2216 subaudia-

55 2249 141 2295 tur,
167 2240 304 2296 eritis,
339 2249 388 2283 ut
416 2240 494 2283 iste
518 2240 571 2283 sit
593 2256 741 2283 sensus
769 2260 777 2284 2
802 2242 838 2284 Ο
862 2256 935 2284 vos
967 2241 1040 2300 qui
1071 2250 1278 2300 tanquam
1310 2241 1445 2300 spolia

54 2310 210 2369 speciei
228 2309 382 2353 domus
401 2306 658 2363 dividimini,
675 2311 709 2353 si
727 2309 948 2354 dormiatis
966 2309 1079 2353 inter
1103 2309 1269 2354 medios
1287 2311 1441 2365 cleros,

55 2395 211 2438 pennae
233 2378 450 2423 columbae
471 2380 762 2437 deargentatae
785 2380 899 2423 eritis
919 2400 926 2423 :
953 2379 997 2423 id
1021 2389 1099 2434 est,
1121 2380 1167 2423 in
1190 2379 1342 2424 altiora
1359 2380 1448 2423 elc-

55 2450 280 2505 vabimini,
302 2451 548 2509 compagini
570 2460 715 2495 tamen
737 2450 938 2496 Ecclesiae
959 2451 1241 2495 cohaerentes.
1270 2449 1444 2495 Nullam

104 2552 112 2568 ¹
134 2545 212 2578 Psal.
234 2557 329 2586 mvn,
351 2546 401 2577 15.
423 2564 464 2569 —-
486 2553 498 2568 ²
532 2558 543 2578 1
566 2548 637 2578 Cor.
659 2558 718 2587 xu,
739 2558 814 2589 7—9.
837 2564 878 2569 -—
912 2545 924 2569 3
941 2549 1030 2582 Cant.
1053 2559 1103 2588 ιιι,
1130 2548 1164 2587 6,
1188 2547 1277 2586 juxta
1311 2557 1380 2578 Lxx.
1402 2562 1444 2568 —

59 2600 71 2630 fo
90 2603 162 2634 lsai.
180 2614 202 2640 l,
231 2603 261 2633 «(ἶ.
