1889 3285
381 258 620 289 ENAnnA‘rro
651 262 697 289 IN
729 259 930 289 PsALMUM
962 264 1095 291 vau.
1338 249 1422 288 263

46 336 92 372 et
110 336 320 387 ponentes
337 327 383 370 in
404 326 565 370 coelum
583 342 630 371 os
651 343 775 371 suum
794 330 824 383 ¹,
845 337 975 387 atque
996 326 1247 383 clamantes,
1271 343 1291 369 «
1308 329 1422 373 Cru-

49 415 71 440 »
106 398 232 457 cifige
248 432 260 452 ,
285 397 537 455 crucifige2‚
560 414 581 438 »
610 406 737 456 capto
754 397 1008 452 illuserunt,
1026 397 1258 456 pedentem
1279 397 1425 443 irrise-

47 477 176 513 runt:
201 476 246 512 et
268 467 387 512 unde
408 468 589 511 victores
610 476 882 523 tumuerunt,
900 483 1000 512 mox
1013 467 1118 511 victi
1135 478 1423 514 evanuerunt.

51 556 72 581 «
109 538 228 583 Sicut
255 538 354 582 fluit
375 553 471 583 cera
492 553 517 581 a
540 535 650 582 facie
670 538 778 595 ignis
795 574 805 594 ‚
841 538 900 583 sic
932 546 1111 598 pereant
1131 547 1378 597 peccatores
1400 555 1424 584 a

0 597 2 604 ’
48 626 71 651 >›
107 607 216 654 facie
237 609 329 653 Dei.
353 626 374 649 »
404 611 665 668 Quanquam
692 607 870 653 fortasse
891 625 962 654 eos
978 610 1061 653 hoc
1089 608 1186 653 loco
1208 609 1425 668 significa-

4 687 5 730 ]
44 679 178 735 verit,
203 694 391 739 quorum
419 678 577 722 duritia
605 679 651 722 in
683 680 951 738 poenitentiae
977 679 1189 737 lacrymas
1214 679 1422 725 solvitur:

44 758 193 793 tamen
224 750 355 793 etiam
383 748 495 793 illud
515 748 696 807 intelligi
718 758 881 808 potest,
906 758 956 794 ut
985 748 1186 794 futurum
1211 749 1426 810 judicium

0 855 2 859 ⁷
45 820 336 864 comminetur
354 840 365 877 3
390 819 491 879 quia
512 834 611 863 cum
632 820 677 863 in
705 820 788 864 hoc
805 819 964 864 saeeulo
986 820 1097 865 sicut
1117 819 1263 864 fumus
1284 836 1327 864 se
1348 836 1427 865 ex-

0 910 2 934 :
44 889 243 935 tollendo
259 888 342 945 ‚id
363 898 429 933 est
446 924 456 944 ‚
498 889 790 949 superbiendo
811 889 1050 935 defecerint
1064 926 1075 947 ,
1098 892 1245 936 veniet
1278 890 1361 935 illis
1383 892 1428 935 in

43 961 132 1004 fine
162 969 351 1004 extrema
373 959 596 1003 damnatio
612 995 622 1014 ,
648 969 699 1003 ut
720 960 776 1004 ab
797 961 888 1020 ejus
906 959 1015 1005 facie
1037 971 1217 1020 pereant
1232 961 1278 1005 in
1299 971 1428 1006 aeter-

0 1059 1 1066 1
43 1046 151 1076 num
164 1066 176 1087 ‚
196 1046 298 1075 cum
319 1031 365 1074 in
387 1046 463 1075 sua
483 1030 677 1075 claritate
695 1030 825 1075 fuerit
843 1040 1143 1090 praesentatus,
1156 1031 1278 1077 velut
1298 1033 1424 1091 ignis,

51 1100 106 1145 ad
122 1116 300 1161 poenam
316 1101 550 1160 impiorum
571 1101 807 1161 lumenque
819 1107 1050 1158 Justorum.

103 1175 180 1216 IV.
205 1172 402 1232 Denique
422 1173 639 1233 sequitur,
669 1192 689 1215 «
713 1176 770 1217 Et
785 1173 889 1233 justi
904 1172 1220 1234 jucundentur,
1240 1183 1284 1219 et
1305 1175 1428 1220 exul-

0 1238 1 1242 *
45 1259 67 1284 >›
103 1251 199 1286 tent
219 1243 265 1286 in
285 1251 521 1302 conspectu
543 1243 636 1297 Dei,
652 1251 695 1286 et
711 1241 983 1287 delectentur
996 1243 1042 1286 in
1056 1242 1204 1288 laetitia
1219 1246 1249 1288 3.
1266 1263 1286 1286 »
1305 1249 1428 1291 Tunc

43 1312 160 1356 enim
188 1312 393 1365 audient,
427 1330 446 1353 «
471 1314 649 1366 Venite,
674 1312 895 1356 benedicti
923 1313 1056 1356 Patris
1077 1314 1191 1368 mei,
1217 1316 1426 1375 percipite

45 1382 330 1441 u-regnum4.
363 1381 673 1426 Jucundentur
697 1400 717 1423 »
743 1397 844 1440 ergo
867 1383 943 1443 qui
963 1382 1273 1428 laboraverunt
1289 1420 1299 1440 ,
1326 1405 1345 1427 «
1370 1389 1428 1431 Et

44 1469 67 1494 »
102 1452 296 1496 exultent
315 1453 360 1495 in
377 1461 612 1512 conspectu
634 1453 727 1497 Dei.
751 1471 771 1493 »
794 1455 890 1497 Non
913 1454 1027 1497 enim
1045 1454 1126 1497 erit
1148 1455 1426 1501 exultationis

41 1523 171 1583 hujus
186 1557 197 1578 ‚
225 1531 434 1582 tanquam
456 1538 601 1567 coram
627 1523 878 1567 hominibus
898 1559 909 1578 ‚
933 1524 1072 1567 inanis
1094 1524 1181 1569 ulla
1194 1526 1424 1585 jactantiaz,

43 1593 118 1637 sed
133 1593 179 1636 in
204 1601 439 1652 conspectu
461 1594 553 1653 ejus
575 1593 651 1652 qui
674 1593 765 1636 sine
787 1608 930 1637 errore
951 1593 1123 1653 inspicit
1142 1595 1263 1654 quod
1284 1595 1425 1642 dona-

41 1661 118 1707 vit.
149 1681 170 1704 «
194 1661 473 1706 Delectentur
490 1663 536 1706 in
566 1661 743 1707 laetitia:
772 1681 792 1703 »
828 1679 917 1707 non
942 1664 1031 1723 jam
1053 1663 1296 1718 exultantes
1324 1682 1424 1711 cum

43 1742 229 1777 tremore
248 1736 286 1788 ⁵,
313 1733 426 1777 sicut
442 1733 487 1777 in
508 1734 592 1778 hoc
614 1732 775 1777 saeculo
789 1769 804 1789 ,
825 1733 1022 1794 quandiu
1042 1735 1226 1779 tentatio
1253 1745 1317 1780 est
1336 1738 1424 1782 vita

0 1832 1 1839 κ
41 1803 234 1847 humana
251 1818 379 1862 super
400 1812 559 1847 terrain
574 1804 606 1846 ⁶.

101 1877 155 1918 V.
167 1874 334 1918 Deinde
347 1890 390 1918 se
413 1875 468 1918 ad
488 1875 601 1934 ipsos
618 1874 846 1929 convertit,
863 1874 1022 1934 quibus
1037 1883 1203 1921 tantam
1221 1892 1339 1938 spem
1354 1877 1425 1922 de-

43 1945 124 1999 dit,
141 1945 268 1989 ethic
291 1945 482 1988 viventes
505 1944 758 2005 alloquitur,
775 1955 818 1990 et
838 1946 1062 1991 hortatur:
1086 1966 1105 1988 «
1122 1949 1304 1993 Caritate
1317 1952 1422 2006 Deo,

45 2033 68 2057 »
102 2015 273 2077 psallite
296 2016 461 2060 nomini
483 2017 614 2076 ejus⁷.
639 2034 659 2056 >1
684 2019 781 2060 ,Iam
814 2016 916 2060 hinc
945 2017 990 2061 in
1023 2017 1138 2062 tituli
1158 2021 1424 2079 expositione

43 2086 163 2147 quod
195 2085 426 2130 videbatur
458 2086 683 2146 praelocuti
711 2102 874 2131 sumus.
898 2089 1055 2132 Cantat
1087 2094 1193 2145 Deo,
1218 2091 1294 2151 qui
1318 2092 1425 2137 vivit

43 2158 134 2201 Deo
164 2175 173 2200 :
199 2155 343 2215 psallit
370 2157 536 2200 nomini
563 2157 654 2216 ejus
671 2192 681 2211 ‚
706 2158 783 2217 qui
814 2167 1018 2217 operatur
1038 2158 1084 2202 in
1112 2160 1292 2217 gloriam
1313 2163 1419 2222 ejus‘

43 2228 108 2270 Ita
132 2225 370 2281 cantando,
396 2226 455 2270 ita
478 2226 724 2286 psallendo,
746 2227 792 2271 id
811 2237 894 2281 est,
916 2230 975 2272 sic
997 2229 1183 2274 vivendo
1198 2266 1209 2286 ,
1234 2232 1292 2276 sic
1314 2247 1420 2292 ope-

44 2296 207 2352 rando,
236 2315 254 2337 «
282 2297 521 2342 Iter‘facite
548 2298 586 2341 ei
603 2333 613 2352 ‚
638 2297 807 2359 inquit,
833 2299 908 2358 qui
929 2299 1121 2344 ascendit
1143 2317 1272 2361 super
1293 2318 1420 2347 occa-

47 2384 68 2409 »
102 2383 212 2411 sum.
241 2385 261 2408 »
289 2370 376 2411 Iter
396 2367 524 2412 facite
545 2368 736 2412 Christo:
753 2377 803 2412 ut
823 2384 900 2428 per
916 2370 1127 2429 speciosos
1148 2372 1278 2431 pedes
1296 2388 1422 2417 evan-

46 2436 346 2497 gelizantium8
364 2473 375 2493 ,
407 2438 553 2497 pervia
588 2438 674 2482 sint
700 2438 738 2482 ei
769 2439 900 2484 corda
921 2440 1204 2490 credentium⁴
1239 2445 1334 2502 Ipse
1357 2452 1420 2487 est

93 2542 102 2557 ¹
119 2532 200 2566 Psal.
220 2546 361 2578 Lxxn,9.
383 2552 420 2558 —
438 2543 450 2558 ²
469 2537 558 2568 Joan.
579 2547 646 2576 nx,
668 2536 778 2568 6.-—-³
797 2537 876 2569 Psal.
895 2548 993 2579 mvn,
1006 2537 1090 2580 4.-
1107 2536 1124 2562 4
1141 2539 1255 2570 Matth.
1275 2550 1351 2580 xxv,
1363 2539 1417 2581 34

46 2605 85 2611 -
105 2587 119 2610 5
138 2589 216 2621 psal.
239 2600 273 2626 n,
298 2600 347 2620 11.
367 2607 406 2612 —
424 2588 439 2611 6
457 2590 530 2622 Job.
547 2602 602 2630 vn,
627 2603 653 2622 1.
679 2610 719 2613 —
739 2600 752 2624 7
771 2592 851 2623 Psal.
869 2603 966 2631 mxvii,
990 2593 1017 2625 5,
1039 2611 1079 2616 —-
1097 2591 1112 2613 ⁸
1130 2595 1200 2625 Isa'f.
1223 2605 1272 2633 Lu,
1293 2604 1324 2635 7.
