1889 3285
420 250 473 288 92
862 262 893 288 s.
932 260 1012 287 Am
1022 262 1158 288 USTffll
1194 261 1372 288 Emscom

417 437 556 454 ΜΛΊΜΙΜ
562 437 768 453 mmm
773 437 908 453 mm!
914 436 979 452 Um
986 436 1050 452 Mi
1055 436 1687 454 mmmoemmmmwum
1692 435 1793 452 mvn
1858 433 1861 439 ’

920 569 1298 617 EmRRATIO

806 731 865 768 IN
907 730 1208 769 PSALMUM
1266 732 1387 770 LIX.

849 886 999 928 Sermo
1028 882 1084 927 ad
1105 882 1319 943 populum
1336 886 1364 927 ¹.

474 1032 508 1073 I.
546 1032 732 1074 TITULUS
756 1028 912 1073 Psalmi
932 1029 1060 1088 hujus
1091 1027 1362 1088 aliquantum
1383 1026 1577 1088 prolixus
1598 1036 1660 1071 est
1686 1046 1696 1072 z
1721 1028 1797 1072 sed

414 1115 502 1143 non
521 1114 597 1144 nos
617 1108 773 1143 terreat
788 1134 799 1153 ,
825 1100 926 1159 quia
950 1098 1144 1143 Psalmus
1174 1099 1316 1143 brevis
1338 1108 1416 1142 est.
1445 1101 1670 1158 Tanquam
1692 1112 1796 1156 ergo

414 1169 732 1229 aliquantulum
766 1168 1041 1228 prolixiorem
1081 1167 1299 1212 Psalmum
1333 1168 1594 1213 audierimus
1614 1203 1625 1222 ‚
1650 1167 1708 1211 sic
1730 1167 1796 1211 in-

414 1238 641 1282 tendamus
676 1258 685 1283 :
722 1239 926 1298 quoniam
962 1238 1007 1281 in
1040 1237 1215 1281 nomine
1245 1238 1405 1283 Christi
1436 1238 1609 1281 nutritis
1642 1246 1685 1281 et
1707 1252 1794 1281 nu-
1855 1245 1857 1248 ’

412 1309 589 1353 triendis
622 1309 845 1369 loquimur
879 1309 925 1352 in
963 1308 1153 1352 Ecclesia
1176 1309 1269 1363 Dei,
1310 1324 1389 1353 nec
1429 1308 1578 1353 alienis
1601 1324 1624 1353 a
1645 1324 1795 1368 sapore

411 1379 589 1423 istarum
621 1378 865 1422 litterarum
898 1394 921 1422 a
958 1378 1119 1438 quibus
1153 1378 1343 1423 mundus
1375 1378 1540 1423 alienus
1577 1388 1666 1433 est,
1706 1394 1797 1423 non

411 1448 533 1508 quasi
555 1447 679 1492 rudia
701 1448 822 1492 vobis
846 1448 925 1492 ista
942 1463 1111 1508 semper
1132 1463 1221 1491 csse
1244 1448 1420 1492 debent.
1436 1448 1478 1493 Si
1496 1449 1612 1493 enim
1631 1464 1679 1492 ea
1696 1464 1796 1508 quae
1854 1465 1855 1509 3

412 1518 641 1578 saepissime
677 1518 874 1572 audistis,
915 1535 1015 1563 cum
1043 1519 1318 1578 jucunditate
1348 1520 1394 1562 in
1415 1535 1489 1564 ore
1521 1519 1796 1578 cogitationis

411 1589 681 1643 ruminastis,
722 1605 801 1633 nec
835 1588 1051 1633 oblivione
1074 1599 1280 1650 tanquam
1302 1589 1349 1632 in
1370 1598 1522 1633 ventre
1558 1588 1792 1650 sepelisti83

410 1658 561 1703 eadem
595 1661 685 1718 ipsa
706 1659 947 1703 recordatio
973 1668 1113 1703 vestra
1132 1695 1142 1714 ,
1178 1668 1222 1703 et
1250 1659 1456 1703 memoria
1492 1658 1683 1703 multum
1715 1675 1794 1704 nos
1852 1670 1854 1710 ξ

409 1729 568 1788 poterit
583 1728 801 1790 adjuvare,
823 1745 876 1772 ne
892 1729 1080 1773 multum
1097 1728 1330 1788 loquamur
1348 1728 1403 1772 ad
1421 1727 1649 1773 enodanda
1669 1730 1793 1789 quasi

408 1800 589 1844 rudibus
610 1815 658 1843 ea
673 1835 683 1854 ,
710 1816 809 1860 quae
823 1801 912 1860 jam
935 1815 1010 1844 vos
1028 1815 1152 1843 nosse
1181 1800 1395 1844 novimus.
1421 1802 1549 1845 Certe
1571 1798 1682 1843 illud
1704 1815 1794 1844 me-

409 1871 611 1914 minimus
634 1886 746 1930 saepe
768 1886 843 1914 vos
866 1871 1033 1914 audisse
1069 1870 1188 1931 quod
1212 1869 1394 1915 dicimus
1418 1890 1428 1916 ;
1460 1871 1541 1914 Vix
1578 1880 1642 1914 est
1670 1879 1718 1914 ut
1748 1871 1793 1915 in
1851 1874 1853 1910 ἶ

409 1942 586 1986 Psalmis
631 1941 823 1985 invenias
859 1957 1013 1996 voces,
1056 1941 1136 1984 nisi
1172 1941 1331 1985 Christi
1369 1950 1411 1984 et
1445 1940 1677 1995 Ecclesiae,
1718 1950 1793 1985 aut
1850 1941 1851 1945 ’

408 2011 567 2055 Christi
604 2020 772 2055 tantum
791 2046 801 2065 ,
834 2020 908 2055 aut
942 2010 1144 2055 Ecclesiae
1173 2020 1343 2055 tantum
1362 2046 1372 2065 ‚
1406 2011 1526 2070 quod
1558 2011 1710 2071 utique
1741 2027 1792 2055 ex

407 2090 528 2140 parte
551 2091 593 2125 et
614 2097 691 2126 nos
714 2097 875 2125 sumus.
903 2085 964 2125 Ac
986 2097 1063 2141 per
1086 2082 1167 2125 hoc
1190 2082 1366 2141 quando
1388 2097 1514 2126 voces
1531 2091 1697 2126 nostras
1720 2096 1792 2140 ag-

407 2153 641 2208 noscimus,
666 2153 757 2197 sine
785 2153 940 2197 affectu
963 2168 1192 2211 agnoscere
1216 2168 1304 2197 non
1326 2168 1580 2212 possumus3
1604 2162 1647 2196 et
1669 2161 1790 2197 tanto

407 2223 540 2281 magis
572 2223 839 2268 delectamur
854 2258 865 2278 ‚
903 2221 1079 2284 quando
1114 2221 1307 2266 indidem
1342 2238 1419 2267 nos
1452 2238 1541 2266 esse
1563 2223 1786 2267 sentimus.
1848 2223 1849 2226 ’

408 2292 540 2337 David
557 2309 630 2337 rex
652 2309 764 2338 unus
785 2294 918 2337 homo
940 2293 1045 2348 fuit,
1066 2293 1141 2337 sed
1164 2309 1252 2336 non
1269 2309 1408 2337 unum
1429 2293 1654 2338 hominem
1672 2293 1789 2352 figu-

407 2363 541 2421 ravit3
562 2363 738 2424 quando
755 2363 916 2407 scilicet
938 2363 1138 2422 figuravit
1155 2363 1390 2407 Ecclesiam
1412 2378 1463 2406 ex
1488 2363 1636 2407 multis
1656 2379 1788 2407 cons·
1847 2356 1849 2380 ⁴

409 2442 596 2488 tantem,
630 2433 861 2477 distentam
882 2448 1021 2493 usque
1053 2433 1108 2476 ad
1130 2434 1235 2477 fines
1261 2442 1408 2477 terrae:
1441 2433 1618 2493 quando
1640 2442 1786 2477 autem

454 2536 462 2551 ¹
484 2531 593 2560 Sermo
617 2529 676 2561 iste
704 2529 743 2561 ad
769 2529 916 2572 populum
936 2529 1097 2571 aliquanto
1118 2534 1187 2571 post
1216 2530 1453 2561 Eum-rationem
1482 2529 1650 2571 superioris
1673 2528 1785 2561 Psalmi

408 2583 531 2615 habitus
548 2588 591 2615 ost
614 2595 651 2615 ex
667 2596 696 2615 n.
719 2595 766 2616 11.
1524 2575 1528 2576 ⁷
