1889 3285
392 191 472 229 132
816 198 850 226 s.
885 198 1115 228 AUGUSTIM
1147 202 1328 228 EPISCOPI

385 281 473 326 quo
501 263 738 323 implentur
767 271 882 307 utres
907 264 1030 309 novi¹
1049 285 1061 322 3
1082 263 1162 313 sed
1183 265 1334 309 vinum
1367 273 1517 319 vetus,
1550 264 1626 308 sed
1653 263 1765 308 male

384 345 522 379 vetus.
549 333 715 378 Dicitur
736 333 852 378 enim
875 342 918 377 et
939 343 1110 378 acetum
1128 343 1253 379 vetus
1269 370 1281 390 ,
1305 343 1470 388 veteres
1494 334 1691 378 homines
1711 333 1767 377 de

385 405 543 465 quibus
573 403 739 448 dictum
760 413 823 448 est
847 419 855 445 τ
887 406 1024 448 «Non
1045 404 1161 448 enim
1184 414 1248 449 est
1267 404 1351 449 illis
1373 405 1684 450 commutatio2
1704 419 1714 445 2
1742 421 1763 446 >›

384 485 436 520 ut
456 475 611 520 eversis
633 477 658 519 J
661 474 842 518 ebusaeis
862 474 1149 518 aedificaretur
1166 475 1406 520 Jerusalem
1419 478 1451 520 3.

443 548 501 590 X.
532 545 600 589 Sic
622 554 664 590 et
685 560 842 604 corpus
863 545 1012 604 capitis
1033 545 1164 604 hujus
1188 561 1325 605 usque
1347 546 1394 589 in
1414 547 1546 590 finem
1569 545 1623 590 ab
1644 544 1768 589 initio

386 617 520 662 currit
541 617 587 660 in
608 617 690 661 siti.
716 619 773 660 Et
795 616 916 676 quasi
938 616 977 659 ei
998 614 1239 661 diceretur:
1258 615 1373 669 Quid
1388 616 1435 660 in
1448 617 1546 660 siti?
1566 615 1673 676 quid
1689 615 1769 659 tibi

385 687 525 742 deest,
553 702 579 730 o
600 701 756 745 corpus
783 686 967 741 Christi,
993 701 1018 730 o
1037 685 1229 730 Ecclesia
1250 686 1440 731 Christi?
1461 689 1513 729 In
1542 695 1666 730 tanto
1687 686 1770 730 ho-

385 773 491 803 nore
508 792 519 812 ,
551 757 598 801 in
619 766 739 801 tanta
759 756 1024 801 sublimitate
1039 792 1050 812 ,
1078 757 1125 800 in
1149 766 1269 802 tanta
1292 756 1548 802 celsitudine
1570 757 1700 801 etiam
1727 766 1771 801 et

384 829 430 871 in
450 828 534 872 hoc
555 826 714 871 saeculo
732 827 965 871 constituta
982 863 993 882 ,
1018 827 1126 887 quid
1147 827 1228 871 tibi
1249 826 1394 872 deest?
1418 827 1630 887 Impletur
1651 827 1707 871 de
1731 836 1771 872 te

385 898 507 958 quod
522 897 780 957 praedictum
796 906 880 942 est:
900 897 1192 942 «Adorabunt
1209 913 1310 942 eum
1326 914 1475 943 omnes
1490 913 1610 956 reges
1625 907 1768 953 terrae,

389 986 409 1010 »
445 982 594 1012 omncs
617 976 764 1026 gentes
785 967 972 1011 servient
994 966 1058 1010 illi
1072 968 1105 1011 4.
1129 986 1149 1008 »
1176 967 1295 1020 Quid
1315 983 1417 1026 ergo
1444 968 1564 1012 sitis?
1588 968 1696 1027 quid
1715 968 1773 1011 si-

386 1039 470 1082 tis?
488 1038 617 1082 tantis
639 1037 810 1097 populis
828 1053 917 1083 non
939 1038 1128 1082 satiaris?
1145 1042 1261 1091 Quos
1279 1037 1464 1098 populos
1482 1038 1620 1082 dicis?
1645 1057 1664 1079 «
1687 1039 1773 1082 Ore

389 1129 410 1152 »
446 1124 524 1153 suo
545 1107 885 1162 benedicebant,
915 1118 958 1152 et
981 1109 1111 1153 corde
1144 1125 1222 1153 suo
1252 1108 1611 1153 maledicebant&
1643 1107 1774 1153 Multi

390 1199 410 1222 >›
445 1179 586 1224 vocati
604 1213 614 1232 ‚
639 1179 766 1238 pauci
791 1188 937 1222 autem
959 1178 1085 1223 electi
1100 1180 1131 1222 ὓ.
1153 1198 1173 1220 »
1195 1178 1353 1224 Mulier
1371 1179 1540 1223 fluxum
1556 1179 1774 1237 sanguinis

387 1251 577 1311 patiens,
599 1250 726 1294 vestis
744 1251 832 1309 ejus
854 1250 1072 1293 fimbriam
1093 1250 1248 1308 tetigit,
1270 1259 1313 1294 et
1334 1259 1481 1294 sanata
1503 1259 1593 1293 est:
1613 1258 1775 1294 etcum

388 1321 617 1365 miraretur
638 1321 848 1365 Dominus
870 1329 1138 1376 tangentem,
1153 1319 1273 1379 quod
1294 1319 1349 1362 de
1370 1335 1414 1364 se
1435 1328 1626 1364 senserat
1641 1319 1775 1377 exisse

387 1393 614 1444 virtutem⁷
639 1390 801 1435 scilicet
826 1389 882 1433 ad
903 1389 1144 1433 sanundam
1167 1388 1393 1434 mulierem
1409 1425 1419 1445 ,
1457 1389 1566 1434 dixit
1586 1406 1595 1431 ε
1625 1409 1645 1431 «
1669 1389 1774 1443 Quis

392 1483 413 1504 »
448 1477 518 1505 me
540 1461 707 1518 tetigit?
732 1479 751 1501 »
777 1463 834 1504 Et
864 1459 1063 1503 admirati
1084 1459 1293 1518 Discipuli
1314 1475 1322 1500 :
1356 1478 1376 1501 «
1401 1461 1560 1503 Turbae
1585 1470 1629 1506 tc
1656 1476 1777 1505 com-

392 1551 413 1574 »
448 1533 670 1591 primunt,
696 1539 739 1574 et
757 1529 862 1574 dicis
884 1549 891 1574 :
919 1530 1019 1582 Quis
1048 1544 1116 1572 me
1137 1529 1303 1587 tetigit?
1323 1548 1342 1570 »
1371 1532 1429 1573 Et
1449 1529 1522 1574 ille
1538 1565 1549 1586 ,
1575 1550 1594 1572 «
1621 1531 1777 1590 Tetigit

396 1623 414 1643 »
448 1618 518 1646 me
541 1601 736 1662 aliquis⁷.
770 1620 790 1642 ³>
829 1603 1053 1659 Tanquam
1086 1599 1248 1644 diceret
1276 1616 1287 1643 .·
1320 1602 1413 1644 Una
1442 1601 1606 1659 tetigit,
1635 1602 1778 1646 turbae

389 1681 610 1734 premunt.
632 1672 710 1724 Qui
735 1670 1081 1715 solemnitatibus
1096 1669 1334 1714 Jerusalem
1347 1670 1531 1730 implent
1548 1671 1774 1728 Ecclesias,

390 1742 736 1788 solemnitatibus
754 1740 1009 1798 Babyloniae
1031 1739 1215 1799 implent
1233 1741 1399 1785 theatra
1420 1760 1428 1786 :
1456 1751 1499 1785 et
1521 1751 1668 1787 tamen
1689 1758 1779 1787 ser-

391 1814 532 1868 viunt,
558 1813 789 1866 honorant,
807 1811 1126 1870 obsequuntur,
1148 1826 1238 1855 non
1255 1809 1396 1855 solum
1414 1811 1495 1870 ipsi
1509 1813 1584 1872 qui
1601 1822 1779 1872 portant

391 1892 659 1930 sacramenta
680 1881 860 1937 Christi,
883 1891 926 1926 et
947 1881 1134 1926 oderunt
1162 1891 1379 1942 praecepta
1400 1884 1582 1939 Christi,
1601 1899 1779 1929 verum-

396 1955 523 1998 etiam
554 1952 617 1997 illi
640 1952 716 2012 qui
749 1967 829 1996 nec
852 1961 1117 1996 sacramenta
1143 1952 1234 2011 ipsa
1261 1962 1459 2011 portant,
1495 1955 1650 2012 pagani
1676 1954 1778 1999 licet

395 2026 480 2069 sint
493 2059 503 2077 ,
523 2022 665 2067 ,Iudaei
681 2022 783 2067 licet
799 2023 900 2077 sint,
916 2023 1149 2077 honorant,
1173 2021 1371 2077 laudant,
1390 2023 1630 2082 praedicant
1646 2045 1657 2082 3
1682 2025 1774 2082 sed,

398 2113 418 2135 >›
454 2095 538 2137 Ore
560 2109 637 2137 suo
667 2092 998 2137 benedicebant.
1023 2111 1043 2133 ³>
1069 2094 1167 2137 Non
1190 2092 1368 2136 attendo
1391 2092 1445 2136 ad
1467 2109 1512 2138 os
1529 2129 1540 2150 ,
1563 2095 1685 2138 novit
1705 2094 1778 2139 ille

395 2164 471 2224 qui
500 2179 568 2207 me
596 2164 795 2207 instruxit
817 2183 825 2206 2
850 2161 1028 2207 «Corde
1049 2177 1127 2206 suo
1154 2161 1485 2207 maledicebant.
1512 2185 1528 2205 »
1556 2165 1623 2208 Ibi
1644 2165 1780 2209 male-

398 2233 618 2288 dicebant,
640 2234 716 2276 ubi
738 2234 947 2276 honorem
964 2248 1112 2276 meum
1132 2233 1432 2291 cogitaverunt
1449 2234 1670 2294 repellere.

456 2306 533 2347 XI.
550 2302 661 2355 Quid
684 2312 746 2357 tu,
772 2318 797 2346 o
819 2302 1015 2358 idithun,
1036 2319 1191 2362 corpus
1213 2304 1387 2359 Christi,
1414 2305 1656 2350 transiliens
1679 2308 1780 2351 eos?

398 2374 505 2434 quid
533 2383 582 2417 tu
613 2373 725 2416 inter
746 2373 840 2416 haee
863 2373 1036 2417 omnia?
1064 2373 1172 2433 quid
1195 2375 1272 2417 tu?
1295 2373 1496 2419 deficies?
1521 2391 1611 2420 non
1632 2391 1780 2435 perse-

446 2479 457 2494 1
478 2472 651 2511 Matth.1x,
674 2481 723 2512 17.
742 2488 782 2492 —
803 2478 814 2493 2
834 2471 916 2502 Psal.
934 2483 998 2512 mv,
1020 2481 1075 2504 20.
1092 2489 1134 2494 —
1153 2470 1165 2494 3
1186 2481 1205 2503 2
1225 2474 1301 2514 Reg.
1320 2483 1353 2513 v,
1372 2472 1404 2503 6.
1425 2489 1466 2495 ——
1484 2471 1500 2497 l·
1516 2473 1593 2505 Psal.
1616 2484 1701 2516 nxxl,
1725 2485 1775 2507 11.

402 2545 443 2551 —·
460 2526 474 2549 5
498 2528 543 2558 Η.
561 2538 623 2567 ixi,
650 2525 680 2557 5.
705 2543 741 2548 —
763 2523 778 2543 ’Τ
793 2525 902 2557 Maiih.
921 2537 1000 2567 xxii,
1025 2525 1075 2567 1-'2-
1098 2544 1139 2549 -
1158 2530 1282 2560 TMarc.
1304 2538 1336 2568 v,
1356 2527 1476 2560 23-31.
