1889 3285
461 281 702 311 ENAnnATlo
736 286 781 311 IN
814 283 1016 311 PSALMUM
1049 285 1203 311 LXXIII.
1424 272 1511 311 469

126 350 307 394 ditatcm
335 369 342 393 z
368 349 427 393 sic
455 348 690 409 aliquando
712 353 826 394 Deus
851 365 928 409 per
951 349 1085 394 malos
1114 348 1256 393 erudit
1279 349 1416 395 bonos
1434 386 1444 405 ‚
1470 359 1512 393 et

124 435 202 479 per
221 418 505 478 temporalem
522 420 761 479 potentiam
779 419 1127 464 damnandorum
1140 429 1309 464 exercet
1328 420 1515 479 discipli-

125 505 226 534 nam
246 489 589 534 liberandorum.
609 490 725 543 Quid
746 491 860 534 enim
874 492 891 534 P
906 491 1081 549 putatis,
1099 488 1266 545 fratres⁷
1291 490 1391 550 quia
1413 506 1514 535 vere

124 561 184 604 sic
206 559 304 604 data
327 569 391 604 est
412 560 637 620 disciplina
655 560 718 604 illi
741 560 880 619 genti,
896 569 946 604 ut
959 560 1137 604 omnino
1150 560 1511 619 periret?Quanti

124 630 226 674 inde
254 639 400 690 postea
434 630 743 686 crediderunt,
779 631 932 690 quanti
967 631 1110 675 adhuc
1143 630 1349 675 credituri
1383 633 1512 675 sunt?

126 700 220 745 Alia
239 709 301 744 est
317 700 440 760 palea
461 736 472 756 ‚
498 700 616 744 aliud
640 700 907 745 frumentum
925 722 935 758 3
961 717 1089 760 super
1111 710 1349 760 utrumque
1367 710 1514 745 tamen

124 772 256 815 intrat
284 770 444 814 tribula
477 790 485 815 :
517 771 590 815 sed
632 771 713 815 sub
736 787 824 815 una
845 771 1006 815 tribula
1039 770 1158 815 aliud
1186 771 1513 827 comminuitur,

125 840 244 885 aliud
261 849 488 901 purgatur.
509 844 733 894 Quantum
752 842 917 885 bonum
946 841 1071 886 nobis
1099 845 1212 885 Deus
1233 842 1432 901 praestitit
1455 840 1510 885 de

124 912 239 956 malo
262 915 286 956 J
291 912 388 956 udae
426 911 673 956 traditoris?
695 916 756 957 De
779 913 870 972 ipsa
898 912 1060 956 saevitia
1089 915 1111 956 J
1119 912 1345 956 udaeorum
1369 928 1511 972 quan-

126 992 221 1027 tum
239 983 405 1027 bonum
428 983 669 1042 praestitum
687 992 750 1027 est
771 982 971 1027 fidelibus
994 983 1236 1027 Gentibus?
1257 983 1433 1026 Occisus
1449 992 1514 1027 est

125 1053 347 1109 Christus,
382 1063 432 1097 ut
461 1063 570 1098 esset
602 1054 648 1098 in
679 1069 806 1098 cruce
841 1069 971 1114 quem
999 1054 1241 1097 attenderet
1264 1054 1339 1113 qui
1357 1062 1467 1097 esset
1489 1069 1513 1097 a

125 1133 324 1183 serpente
344 1139 570 1184 percussus
591 1126 623 1168 ².
654 1124 722 1169 Sic
744 1139 848 1183 ergo
886 1133 929 1168 et
955 1124 1022 1168 isti
1045 1122 1156 1168 forte
1184 1139 1207 1167 a
1238 1123 1393 1167 divinis
1430 1124 1517 1168 suis

126 1195 379 1251 audierant,
405 1195 508 1256 quia
537 1194 787 1239 debuerunt
820 1195 882 1238 ire
914 1195 969 1238 ad
1000 1194 1258 1249 Jerusalem,
1291 1203 1334 1238 et
1360 1210 1515 1254 capere

126 1281 223 1311 eam
245 1287 255 1324 3
281 1275 323 1310 et
360 1281 461 1310 cum
493 1266 705 1325 cepissent
734 1275 866 1325 atque
893 1266 1145 1309 evertissent
1167 1280 1259 1308 eam
1277 1300 1287 1320 ‚
1314 1264 1517 1309 dixerunt

125 1336 208 1381 sibi
230 1336 389 1397 quoda
411 1336 685 1381 daemonibus
703 1337 788 1380 suis
805 1335 970 1380 factum
991 1337 1045 1381 sit
1067 1357 1075 1381 :
1097 1355 1114 1377 (ι
1132 1340 1377 1381 Posuerunt
1398 1337 1517 1395 signa

129 1424 150 1448 »
185 1422 262 1451 sua
284 1407 406 1466 signa
427 1442 438 1462 ,
462 1415 504 1450 et
526 1422 615 1451 non
643 1415 956 1464 cognoverunt.
989 1427 1007 1448 »
1029 1406 1146 1460 Quid
1178 1422 1267 1451 non
1301 1422 1518 1466 cognove—

125 1480 263 1522 runt?
289 1497 308 1519 «
331 1478 451 1522 Sicut
474 1478 520 1521 in
541 1493 759 1537 egressum
780 1477 981 1538 desuper.
1007 1497 1027 1519 »
1051 1479 1163 1532 Quia
1206 1478 1289 1521 nisi
1330 1477 1517 1538 desuper

127 1547 406 1607 egrederetur
436 1548 571 1608 jussio
586 1583 597 1602 ,
639 1563 868 1608 nunquam
907 1549 1185 1593 saevientibus
1222 1548 1435 1592 Gentibus
1471 1549 1519 1592 in

125 1617 383 1662 Judaeorum
404 1618 619 1677 populum
648 1617 750 1662 talia
772 1617 967 1661 licerent.
1002 1617 1085 1663 Sed
1121 1633 1338 1676 egressum
1367 1628 1430 1663 est
1446 1619 1519 1663 de-

125 1703 254 1748 super
271 1707 279 1732 :
305 1687 527 1748 quomodo
543 1687 648 1732 dicit
669 1688 822 1732 Daniel
843 1707 851 1733 :
881 1707 900 1730 «
916 1691 954 1732 Α
970 1688 1180 1747 principio
1199 1689 1404 1733 orationis
1427 1699 1516 1733 tuae

129 1777 149 1800 »
185 1774 380 1817 egressus
398 1768 461 1802 est
474 1762 658 1802 serm02.
679 1776 698 1798 n
714 1760 811 1802 Hoc
825 1767 868 1802 et
884 1758 1095 1803 Dominus
1110 1758 1187 1817 ipsi
1201 1758 1337 1803 Pilato
1350 1760 1521 1804 inflanti

126 1845 186 1884 se⁷
213 1838 255 1872 ct
275 1829 458 1888 ponenti
476 1829 597 1887 signa
619 1844 696 1872 sua
713 1829 832 1887 signa
850 1864 860 1884 ‚
893 1838 936 1872 et
960 1845 1049 1874 non
1074 1829 1374 1888 cognoscenti,
1401 1830 1518 1874 etdi-

127 1900 242 1945 ccnti
278 1899 333 1943 ad
365 1900 585 1945 Christum
617 1919 625 1943 :
661 1919 680 1941 «
707 1899 816 1944 Mihi
849 1916 939 1944 non
967 1900 1230 1961 respondes?
1254 1901 1390 1944 nescis
1417 1902 1519 1961 quia

130 1990 150 2013 ³>
186 1979 444 2030 potestatem
477 1971 620 2015 habeo
650 1970 878 2015 occidendi
906 1981 973 2026 te,
1010 1981 1053 2015 et
1088 1980 1347 2031 potestatem
1378 1972 1519 2017 habeo

132 2060 151 2082 »
188 2040 435 2084 dimittendi
460 2050 502 2085 te
527 2043 544 2084 Ρ
570 2059 590 2081 >›
616 2043 673 2084 Et
716 2041 926 2085 Dominus
958 2041 1014 2085 ad
1047 2041 1269 2096 inflatum,
1308 2051 1517 2101 tanquam

128 2111 315 2156 vesicam
337 2111 576 2155 reflandam
593 2126 815 2170 pungens:
838 2131 854 2151 «
872 2115 970 2158 Non
991 2112 1189 2167 haberes,
1207 2112 1365 2172 inquit,
1380 2112 1426 2156 in
1448 2128 1519 2156 me

133 2200 154 2223 »
189 2189 463 2241 potestatem,
480 2181 561 2225 nisi
577 2181 677 2225 data
696 2182 776 2225 tibi
790 2181 1125 2241 essetdesuper3.
1138 2183 1232 2226 »Sic
1250 2191 1293 2226 et
1311 2183 1380 2226 hic
1394 2186 1519 2228 :«Po-

137 2273 153 2293 »
189 2261 370 2296 suerunt
403 2252 525 2310 signa
559 2268 635 2296 sua
668 2252 809 2310 signa,
844 2262 887 2296 et
909 2268 998 2297 non
1020 2262 1335 2312 cognoverunt.
1364 2256 1521 2307 »Quo-

131 2322 263 2365 modo
281 2337 370 2365 non
393 2324 721 2380 cognoverunt?
747 2341 767 2364 «
791 2323 910 2366 Sicut
933 2322 978 2366 in
1011 2337 1226 2381 egressum
1253 2322 1458 2382 desuper.
1492 2340 1513 2364 »

133 2390 360 2444 Quomodo
382 2406 575 2449 egressus
597 2391 737 2436 factus
776 2391 917 2436 fuerat
941 2392 1142 2452 desuper,
1174 2402 1223 2437 ut
1248 2393 1332 2437 hoc
1365 2391 1519 2452 imple-

134 2471 268 2517 retur,
295 2461 511 2521 numquid
534 2462 592 2506 sic
613 2461 675 2506 illi
697 2477 955 2520 cognoscere
975 2465 1248 2522 potuerunt?

193 2534 271 2575 lx.
308 2534 405 2575 Jam
434 2546 734 2591 percurramus
746 2548 892 2577 versus
914 2533 1037 2588 istos,
1068 2548 1213 2578 eversa
1244 2531 1509 2588 Jerusalem,

183 2622 192 2637 ¹
207 2616 298 2648 Num.
321 2627 385 2657 xxi,
405 2615 437 2648 8.
461 2633 500 2639 --
522 2623 535 2639 ²
552 2619 630 2649 Dan.
651 2627 697 2658 ix,
716 2617 769 2649 23.
796 2633 828 2640 »-
855 2615 868 2639 3
885 2619 1063 2658 Joan.X1x‚
1086 2628 1137 2658 10,
1166 2628 1215 2649 ιι.
