1889 3285
17 232 22 403 Ξ

13 1152 18 1294 i

13 1297 17 1412 ἔ

12 1494 17 1634 ff

11 1708 15 1803 ἱ

10 2563 13 2620 Ι

561 146 581 156 -a

435 270 674 299 ENARRATIO
709 272 750 297 IN
786 270 986 297 PsALMtM
1023 270 1139 295 inx.
1377 253 1461 291 357

84 338 167 381 lius
189 345 252 381 cst
276 334 564 380 utconsilium
581 349 723 379 meum
746 334 934 393 sequaris
953 353 961 377 :
982 333 1064 375 hoc
1084 340 1146 375 cst
1161 366 1172 385 ,
1195 330 1305 374 Redi
1327 338 1461 381 retro,

85 406 177 450 redi
198 416 297 465 post
319 421 402 449 me.
428 404 770 448 Antecedentem
792 402 1047 462 compescit,
1081 410 1131 444 ut
1152 409 1266 444 retro
1289 398 1462 456 redeat3

85 486 129 520 et
168 475 357 535 appellat
382 478 582 519 Satanam
604 509 615 527 ,
657 474 758 533 quia
789 473 885 517 vult
922 470 1166 532 praecedere
1209 469 1462 513 Dominum.

85 546 220 591 Paulo
245 554 369 599 ante,
400 563 416 584 «
442 547 598 587 Beatus
624 560 633 583 :
675 563 692 583 »
719 543 871 597 modo,
900 561 917 582 «
942 544 1112 586 Satana.
1137 558 1156 581 n
1179 538 1303 584 Unde
1332 537 1467 597 paulo

85 626 200 671 ante,
220 636 239 658 «
256 617 437 659 Beatus?
454 614 563 667 Quia
580 630 669 658 non
689 615 781 668 tibi,
798 613 956 673 inquit,
972 611 1178 656 revelavit
1194 626 1293 654 caro
1315 619 1357 652 et
1370 624 1468 652 san-

86 705 106 728 »
144 686 262 745 guis,
287 685 359 729 sed
385 689 510 729 Pater
532 700 652 728 meus
681 685 757 743 qui
779 685 824 727 in
848 683 966 728 coelis
994 691 1071 726 est,
1108 701 1125 722 »
1155 679 1280 725 Unde
1302 678 1433 723 modo
1450 711 1464 733 ,

88 775 106 797 «
145 758 328 802 Satana‘?
359 756 470 809 Quia
505 770 594 799 non
631 755 762 814 sapis,
799 755 967 814 inquit,
990 768 1089 813 quae
1125 751 1203 796 Dei
1230 758 1356 804 sunt,
1392 748 1470 793 sed

87 845 107 868 »
142 844 240 888 quae
262 836 362 871 sunt
389 826 659 870 hominum1.
687 844 705 866 n
728 826 810 878 Qui
838 839 938 882 ergo
969 824 1168 867 volumus
1201 830 1317 865 recte
1350 819 1469 864 cele-

82 897 206 941 brare
227 896 421 940 natalitia
434 899 698 953 Martyrum,
726 895 1018 938 desideremus
1040 892 1325 936 imitationem
1346 892 1469 934 Mar-

82 976 252 1024 tyrum,
277 982 331 1010 ne
353 965 535 1010 velimus
557 964 801 1024 praecedere
823 967 1032 1021 Martyres
1049 998 1060 1017 ,
1088 971 1131 1006 et
1150 961 1338 1005 melioris
1362 975 1470 1003 con-

83 1036 165 1080 silii
186 1036 311 1080 nobis
329 1035 464 1079 videri
487 1051 575 1078 esse
589 1070 599 1087 ,
620 1035 721 1094 quia
743 1034 953 1078 evitamus
973 1032 1190 1092 passiones
1207 1046 1286 1089 pro
1303 1028 1471 1089 justitia

82 1116 126 1150 et
147 1122 223 1165 pro
242 1106 350 1161 fide,
376 1121 483 1165 quas
500 1104 563 1148 illi
585 1120 674 1147 non
692 1104 978 1147 evitaverunt.
1005 1106 1122 1160 Ergo
1153 1100 1216 1145 illi
1242 1099 1318 1160 qui
1345 1098 1471 1157 cogi-

82 1186 178 1221 tant
199 1176 310 1220 mala
325 1211 336 1230 ,
357 1185 400 1220 et
417 1176 463 1219 in
480 1175 650 1218 luxuria
667 1174 868 1217 nutriunt
889 1173 1019 1217 corda
1043 1187 1140 1227 sua,
1162 1190 1179 1210 «
1206 1174 1471 1215 Avertantur

85 1264 106 1288 η
141 1256 376 1290 retrorsum
393 1280 404 1300 ,
425 1254 469 1288 et
492 1245 764 1287 erubescant.
793 1262 813 1284 »
834 1244 1028 1287 Audiant
1053 1243 1107 1286 ab
1134 1240 1343 1300 Apostolo
1364 1254 1471 1299 pos-

84 1326 151 1360 tea
173 1315 368 1360 dicente:
397 1334 417 1356 «
437 1317 577 1367 Quem
595 1322 740 1357 autem
762 1313 957 1357 fructum
978 1312 1190 1357 habuistis
1213 1308 1468 1370 aliquando,

86 1404 106 1427 »
141 1386 188 1429 in
209 1385 369 1445 quibus
389 1400 507 1428 nunc
528 1382 828 1427 erubescitis2?
852 1401 872 1423 »

142 1457 196 1498 V.
224 1454 342 1508 Quid
374 1454 596 1514 sequitur?
622 1472 640 1492 ‹<
666 1456 930 1496 Avertantur
967 1452 1110 1496 statim
1142 1450 1470 1504 erubescentes,

88 1546 106 1566 »
142 1524 218 1585 qui
240 1523 394 1568 dicunt
411 1524 518 1566 mihi
550 1542 559 1567 :
584 1525 707 1581 Euge
725 1556 735 1577 ,
752 1524 902 1581 eugess.
918 1541 937 1563 »
955 1525 1052 1566 Duo
1073 1530 1175 1565 sunt
1192 1535 1348 1578 genera
1369 1534 1474 1578 per-

83 1604 330 1639 secutorum
351 1615 362 1653 3
401 1594 770 1653 vituperantium,
807 1603 851 1637 et
877 1586 1165 1637 adulantium.
1198 1593 1300 1635 Plus
1324 1605 1474 1650 perse-

83 1666 232 1726 quitur
251 1665 398 1722 lingua
420 1664 653 1708 adulatoris
667 1699 678 1719 ,
695 1679 827 1723 quam
850 1679 1005 1707 manus
1021 1661 1310 1705 interfectoris
1335 1676 1344 1701 ε
1368 1675 1473 1704 nam

84 1745 129 1780 et
144 1736 279 1795 ipsam
299 1735 517 1778 caminum
543 1734 650 1778 dixit
674 1734 910 1793 Scriptura.
932 1735 1061 1777 Certe
1073 1746 1178 1775 cum
1201 1730 1255 1774 de
1274 1745 1476 1789 persecu-

84 1807 203 1850 tione
223 1805 477 1865 loqueretur
503 1805 750 1863 Scriptura,
776 1803 883 1847 dixit
905 1823 913 1847 :
946 1821 962 1842 ‹<
992 1805 1216 1861 Tanquam
1246 1816 1400 1844 aurum
1428 1801 1477 1845 in

87 1893 108 1917 »
144 1875 320 1919 fornace
342 1874 544 1933 probavit
565 1873 660 1917 illos
678 1909 688 1928 ,
714 1873 768 1917 de
786 1871 1052 1929 Martyribus
1074 1870 1334 1926 interfectis,
1354 1879 1397 1914 et
1419 1870 1478 1914 si·-

89 1965 109 1988 »
144 1955 220 1990 cut
248 1945 491 1989 holocausti
519 1945 703 1988 hostiam
733 1944 899 2002 accepit
934 1942 1071 1986 illos4.
1109 1960 1128 1983 >›
1160 1941 1276 1986 Audi
1303 1942 1406 2001 quia
1435 1950 1480 1985 et

86 2016 235 2075 lingua
260 2014 531 2059 adulantium
561 2012 655 2058 talis
679 2023 741 2058 est
765 2033 774 2058 :
804 2033 824 2055 «
849 2012 1077 2067 Probafio,
1109 2011 1252 2072 inquit
1268 2046 1278 2065 ,
1311 2011 1479 2068 argenti

89 2105 110 2128 »
145 2097 188 2132 et
220 2087 313 2131 auri
339 2087 450 2145 ignis
471 2108 482 2144 3
504 2086 570 2130 vir
605 2095 750 2130 autem
784 2085 994 2144 probatur
1021 2099 1098 2144 per
1122 2099 1167 2127 os
1199 2082 1477 2126 laudantium

91 2174 111 2198 »
146 2172 246 2201 eum
263 2159 293 2200 ⁵.
316 2174 335 2197 »
357 2157 474 2214 Ignis
496 2156 569 2199 ille
589 2191 600 2211 ,
626 2156 737 2214 ignis
760 2165 803 2199 et
825 2156 903 2199 iste
927 2173 936 2198 ;
961 2154 1016 2197 de
1038 2163 1226 2213 utroque
1243 2162 1287 2196 te
1308 2152 1479 2196 salvum

88 2237 260 2288 oportet
281 2227 409 2271 exire.
432 2227 580 2285 Fregit
596 2236 638 2270 te
660 2227 943 2285 reprehensor
960 2260 970 2279 ,
991 2224 1154 2268 fractus
1175 2239 1218 2267 es
1232 2224 1277 2266 in
1299 2222 1477 2266 fornace

90 2308 296 2357 tanquam
319 2297 560 2341 vasfictile.
589 2297 810 2340 Formavit
826 2304 868 2339 te
890 2296 1073 2338 verbum
1091 2329 1101 2349 ,
1133 2304 1176 2338 et
1197 2295 1315 2337 venit
1332 2302 1477 2337 tenta-

89 2368 150 2411 tio
174 2366 464 2411 tribulationis
502 2386 510 2410 :
545 2365 656 2410 illud
679 2365 798 2426 quod
827 2364 1063 2409 formatum
1097 2373 1186 2421 est,
1222 2372 1394 2422 oportet
1426 2370 1479 2406 ut

91 2446 305 2497 coquatur
324 2452 331 2476 ;
357 2436 519 2479 sibene
542 2435 778 2480 formatum
800 2444 888 2490 est,
919 2435 1085 2478 accedit
1106 2434 1214 2492 ignis
1245 2442 1296 2476 ut
1316 2433 1475 2476 firmet.

139 2539 148 2556 ¹
167 2533 281 2564 Matth.
301 2543 368 2573 xvr,
391 2531 502 2563 16-23.
522 2548 559 2553 =
584 2539 596 2554 2
612 2534 705 2564 Rom.
725 2543 770 2572 vl,
794 2540 844 2563 12.
869 2527 935 2553 -3
956 2530 1033 2561 psal.
1052 2542 1136 2569 mx,
1156 2530 1186 2571 4.
1207 2529 1273 2558 -4
1293 2532 1366 2572 Sap.
1386 2527 1478 2569 111‚6.

95 2606 135 2611 —
153 2587 168 2610 5
194 2591 286 2619 Prov.
308 2599 411 2629 xxvxi,
433 2597 486 2618 21.
