1889 3285
1114 266 1134 289 Ο

371 325 611 355 ENARRATIO
643 329 688 355 nv
720 326 922 356 PsALMUM
954 331 1070 357 LXVI.
1351 318 1436 358 249

61 411 81 434 »
111 394 248 453 justos
270 402 313 437 et
333 394 552 454 injustos1.
581 412 601 434 »
628 393 743 446 Quid
776 409 876 452 ergo
907 395 1123 454 praecipue
1146 395 1307 440 honis?
1329 397 1438 456 quid

55 464 273 523 praecipue
297 464 455 523 justis?
480 483 499 504 «
525 463 749 508 Illuminet
772 463 942 508 vultum
977 480 1104 508 suum
1132 480 1261 524 super
1295 482 1387 510 nos.
1411 484 1433 507 »

59 533 170 578 Solis
192 534 322 593 hujus
342 533 515 577 vultum
537 533 754 578 illuminas
773 550 900 594 super
922 534 1060 579 bonos
1085 544 1129 579 et
1156 535 1292 580 malos
1309 571 1320 591 ,
1339 536 1439 580 vul-

56 613 152 648 tum
180 614 306 648 tuum
336 604 534 649 illumina
567 620 697 664 super
719 621 811 649 nos.
833 605 995 650 Vident
1019 606 1145 650 istam
1166 605 1309 651 lucem
1337 623 1438 651 cum

55 675 285 735 pecoribus
310 684 354 719 et
388 676 492 720 boni
515 684 558 719 et
585 674 704 720 mali.
734 695 754 718 «
776 677 893 720 Beati
915 685 1060 720 autem
1088 676 1254 721 mundo
1274 677 1437 736 corde3

59 763 80 787 »
114 745 321 805 quoniam
348 746 427 805 ipsi
448 749 585 790 Deum
607 745 860 790 videbunt2.
888 746 1112 791 Illuminet
1129 747 1440 792 vultumsuum

58 832 80 857 >›
115 831 244 874 super
265 831 360 859 nos.
387 834 407 856 »
428 816 636 860 Geminus
657 816 902 861 intellectus
923 826 1007 873 est,
1023 827 1208 878 uterque
1230 818 1441 863 dicendus

56 893 120 929 est
144 904 153 929 :
182 885 386 930 Illumina
404 921 415 941 ‚
438 886 603 946 inquit,
634 886 805 931 vultum
830 887 958 931 tuuin
979 904 1108 948 super
1130 904 1209 933 nos
1226 924 1236 944 ‚
1262 888 1441 933 ostende

54 956 181 1000 nobis
202 955 375 1001 vultum
386 967 526 1001 tuum.
545 960 643 1002 Non
662 959 776 1002 enim
790 958 1025 1019 aliquando
1042 959 1441 1005 illuminatvultum

55 1041 183 1070 suum
203 1026 318 1070 Deus
334 1062 345 1081 ,
369 1027 492 1087 quasi
510 1027 745 1088 aliquando
768 1027 900 1073 fuerit
916 1029 1184 1074 sinelumine
1202 1050 1211 1075 ε
1232 1031 1322 1086 sed,
1343 1030 1442 1074 illu-

54 1097 171 1141 mina
200 1112 329 1156 super
358 1113 436 1142 nos
451 1134 462 1152 ,
503 1108 553 1142 ut
576 1098 697 1158 quod
718 1114 796 1143 nos
817 1099 982 1144 latebat
998 1135 1009 1155 ‚
1047 1101 1264 1160 aperiatur
1284 1101 1410 1145 nobis
1426 1136 1438 1156 ‚

9 1216 15 1224 ι
55 1175 98 1210 et
114 1166 235 1226 quod
248 1177 363 1223 erat,
387 1168 461 1212 sed
478 1169 603 1213 nobis
624 1169 927 1214 absconditum
946 1180 1060 1225 erat,
1081 1171 1296 1215 reveletur
1312 1187 1442 1231 super

54 1253 149 1292 nos,
164 1239 247 1282 hoc
264 1248 343 1294 est,
368 1239 655 1283 illuminetur.
677 1243 766 1284 Aut
781 1250 919 1295 certe,
943 1241 1177 1300 imaginem
1199 1252 1319 1286 tuam
1336 1242 1441 1287 illu-

54 1309 171 1352 mina
189 1325 317 1368 super
336 1326 413 1354 nos
435 1330 442 1354 :
470 1320 519 1354 ut
545 1311 628 1355 hoc
650 1310 807 1355 dixerit
839 1328 846 1352 :
884 1311 1087 1356 lllumina
1114 1313 1287 1357 vultum
1314 1324 1442 1358 tuum

54 1394 182 1438 super
203 1394 281 1423 nos
308 1399 316 1424 2
344 1381 596 1439 Impressisti
612 1381 736 1425 nobis
758 1381 930 1426 vultum
949 1392 1098 1437 tuum,
1126 1382 1263 1428 fecisti
1287 1400 1365 1429 nos
1388 1384 1443 1429 ad

0 1463 2 1466 ’
53 1449 285 1508 imaginem
319 1459 363 1494 et
394 1451 722 1495 similitudinem
759 1455 922 1508 tuam3,
954 1453 1092 1498 fecisti
1112 1471 1190 1499 nos
1213 1471 1444 1500 nummum

0 1517 2 1571 l
54 1529 181 1564 tuum
203 1541 214 1580 3
253 1520 327 1565 sed
357 1537 447 1566 non
469 1521 601 1566 debet
628 1523 768 1580 imago
801 1532 876 1567 tua
904 1525 949 1567 in
976 1525 1165 1569 tenebris
1191 1542 1441 1585 remanere3

0 1576 2 1648 l
53 1592 178 1636 mitte
212 1591 383 1636 radium
417 1593 638 1652 sapientiae
669 1603 784 1649 tuae,
810 1593 998 1654 expellat
1025 1596 1225 1641 tenebras
1246 1607 1412 1642 nostras
1429 1633 1441 1653 ‚

54 1671 99 1706 et
116 1661 282 1720 fulgeat
302 1664 348 1706 in
369 1663 494 1707 nobis
509 1663 651 1722 imago
670 1674 769 1723 tua3
789 1681 1099 1724 cognoscamus
1114 1683 1192 1712 nos
1210 1668 1444 1727 imaginem

55 1741 177 1777 tuam
196 1768 207 1787 ‚
228 1734 454 1778 audiamus
471 1735 591 1794 quod
606 1734 772 1778 dictum
788 1744 852 1778 est
873 1735 919 1778 in
940 1737 1130 1780 Canticis
1144 1739 1412 1783 canticorum
1430 1759 1440 1784 ε

59 1822 78 1847 «
93 1803 182 1848 Nisi
197 1804 450 1862 cognoveris
467 1813 601 1848 temet
623 1805 773 1863 ipsam,
800 1821 825 1849 o
843 1805 1025 1864 pulchra
1039 1806 1153 1851 inter
1168 1808 1441 1853 mulieres4.»

0 1876 1 1881 ’
54 1874 220 1918 Dicitur
241 1875 357 1918 enirn
374 1875 580 1919 Ecclesiae
608 1895 616 1919 ;
641 1875 729 1920 Nisi
752 1877 1002 1934 cognoveris
1021 1878 1308 1938 temetipsam.
1331 1880 1444 1932 Quid

54 1954 118 1988 est
147 1946 262 1989 hoc?
291 1945 380 1989 Nisi
412 1946 664 2004 cognoveris
693 1944 747 1989 ad
781 1947 1012 2005 imaginem
1038 1948 1115 1991 Dei
1143 1958 1186 1993 te
1208 1949 1382 1994 factam.
1407 1952 1444 1994 Ο

55 2015 198 2059 anima
220 2015 423 2060 Ecclesiae
446 2017 631 2075 pretiosa
653 2052 662 2070 ‚
689 2015 915 2076 redempta
939 2019 1276 2078 sanguineAgni
1296 2021 1444 2065 imma-

0 2091 1 2094 ’
53 2086 183 2130 culati
195 2121 205 2141 ‚
226 2085 402 2130 attende
423 2087 576 2146 quanti
592 2086 732 2131 valeas
745 2123 756 2139 ,
774 2087 879 2147 quid
898 2104 975 2147 pro
991 2098 1033 2132 te
1050 2089 1201 2134 datum
1219 2091 1272 2135 sit
1285 2093 1440 2150 cogita.

54 2155 254 2200 Dicamus
275 2171 377 2215 ergo
399 2165 442 2200 et
463 2166 686 2216 optemus:
707 2176 726 2199 (t
743 2157 967 2201 Illuminct
979 2159 1151 2203 vultum
1170 2176 1297 2205 suum
1316 2178 1445 2222 super

57 2245 78 2269 »
113 2242 206 2271 nos.
227 2228 486 2272 »Gestamus
507 2227 679 2272 vultum
696 2229 809 2288 ejus:
830 2229 1053 2288 quomodo
1074 2230 1284 2276 dicuntur
1298 2233 1444 2279 vultus

54 2298 364 2357 imperatorum
377 2320 389 2353 ‚¹
408 2314 509 2343 vere
540 2298 717 2359 quidam
739 2315 856 2344 sacer
877 2300 1024 2345 vultus
1038 2303 1114 2346 Dei
1127 2312 1190 2347 est
1202 2304 1445 2363 inimagine

55 2369 187 2427 ipsius
212 2388 221 2413 ε
242 2368 317 2413 sed
336 2369 474 2429 iniqui
497 2386 585 2414 non
607 2380 878 2429 cognoscunt
903 2372 947 2415 in
963 2389 1006 2416 se
1024 2373 1256 2433 imaginem
1279 2377 1369 2420 Dei.
1388 2380 1446 2422 Ut

55 2438 324 2482 illuminetur
356 2439 503 2484 vultus
526 2440 603 2484 Dei
635 2457 764 2501 super
796 2441 915 2497 illos,
948 2443 1054 2503 quid
1081 2444 1245 2489 debent
1267 2446 1445 2490 dicere?

60 2527 80 2551 «
101 2511 166 2552 Tu
186 2507 452 2553 illuminabis
470 2509 693 2554 lucernam
713 2527 868 2568 meam,
884 2513 1068 2558 Domine
1084 2536 1095 2573 3
1115 2518 1228 2559 Deus
1244 2532 1381 2571 meus,
1393 2516 1444 2560 il·-

105 2623 111 2637 ¹
137 2616 248 2648 Matth.
266 2627 297 2658 v,
316 2616 367 2658 45.
394 2635 433 2640 —
451 2625 463 2640 ²
484 2617 566 2649 Ibid.
589 2619 619 2650 S.
642 2636 684 2641 —-
704 2617 717 2641 3
736 2622 817 2652 Gen.
835 2633 859 2657 1,
885 2620 939 2652 26.
957 2639 998 2644 —
1014 2620 1029 2649 4
1050 2623 1140 2653 Cant.
1163 2633 1186 2663 1,
1212 2633 1242 2663 7.
