1889 3285
415 240 499 278 270
843 250 876 275 s.
913 247 1144 276 Ancus'rnss
1175 249 1357 276 EPISCOPI

416 335 435 356 »
470 329 559 358 non
580 312 869 358 manifestavit
883 313 942 357 eis
958 315 990 357 ¹.
1012 333 1029 354 »
1050 313 1298 372 Segregavit
1313 313 1459 373 itaque
1475 313 1670 372 pluviam
1683 313 1800 357 hanc

408 383 699 428 voluntariam
734 386 848 427 Deus
888 381 1132 426 haereditati
1159 398 1274 438 suae,
1309 382 1431 442 quod
1467 386 1629 441 Legem
1660 381 1799 427 dedit.

414 473 434 496 «
457 456 515 498 Et
534 453 755 498 infirmata
771 462 836 497 est
850 487 861 508 ,
887 471 907 494 »
933 452 1002 497 vel
1021 452 1113 512 ipsa
1130 453 1322 508 Lex‚vel
1340 454 1431 513 ipsa
1449 452 1693 497 haeredita&
1715 456 1804 497 Lex

409 523 626 568 infirmata
649 523 709 568 sic
729 523 864 583 accipi
886 531 1054 582 potest,
1075 538 1128 567 eo
1149 522 1271 584 quod
1287 539 1378 568 non
1398 522 1654 583 impleretur
1674 542 1684 568 :
1710 537 1803 568 non

410 595 530 655 quod
549 596 641 655 ipsa
661 595 835 639 infirma
867 595 944 647 sit,
973 594 1051 639 sed
1081 594 1202 656 quod
1233 594 1429 639 infirmos
1460 593 1564 639 facit
1593 593 1804 639 minando

409 681 590 725 poenam
608 700 620 721 ,
640 680 719 709 nec
748 664 997 725 adjuvando
1030 680 1106 725 per
1130 665 1326 723 gratiam.
1364 668 1475 711 Nam
1502 674 1545 709 et
1571 663 1805 724 Apostolus

410 737 504 796 ipso
520 736 655 781 verbo
671 751 772 780 usus
788 745 865 790 est,
891 735 969 779 ubi
990 735 1050 779 ait
1068 755 1077 780 ;
1107 753 1128 777 «
1147 734 1278 788 Quod
1290 735 1407 779 enim
1423 734 1691 795 impossibile
1712 744 1808 779 erat

416 824 435 846 »
462 806 593 865 Legi,
623 806 669 849 in
702 821 791 866 quo
806 805 1109 849 infirmabatur
1138 820 1215 865 per
1238 808 1439 850 carnem'2
1464 823 1474 850 ε
1507 823 1528 846 n
1563 805 1806 863 significare

410 875 560 921 volens
577 877 679 937 quia
698 892 776 936 per
794 876 994 937 spiritum
1010 875 1219 936 impletur
1245 896 1254 921 :
1286 886 1432 921 tamen
1454 876 1591 936 ipsam
1611 874 1720 920 dixit
1734 876 1805 921 in-

411 947 600 1003 firmari,
638 963 739 992 cum
772 948 828 992 ab
859 948 1042 992 infirmis
1070 963 1169 992 non
1196 948 1330 1007 possit
1357 946 1544 1006 impleri.
1582 947 1806 991 Infirmata

410 1033 514 1062 vero
536 1018 625 1078 ipsa
644 1017 874 1062 haereditas
891 1053 901 1072 ,
930 1018 974 1062 id
990 1028 1054 1062 est
1068 1053 1080 1073 ,
1104 1018 1196 1077 ipse
1213 1017 1402 1078 populus
1418 1053 1429 1074 ,
1448 1017 1549 1062 data
1567 1017 1649 1061 sibi
1670 1019 1802 1075 Lege,

411 1088 500 1132 sine
522 1087 611 1133 ulla
633 1088 918 1148 ambiguitate
941 1087 1216 1147 intelligitur.
1239 1108 1259 1130 «
1276 1092 1367 1133 Lex
1387 1088 1504 1132 enim
1525 1086 1802 1142 subintravit,

414 1176 435 1200 »
470 1167 520 1202 ut
544 1157 790 1202 abundaret
810 1157 1019 1203 delictum
1035 1160 1067 1203 3.
1097 1177 1117 1200 »
1144 1158 1271 1212 Quod
1288 1168 1434 1204 autem
1449 1159 1670 1219 sequitur3
1693 1176 1715 1200 «
1740 1160 1807 1201 Tu

415 1246 436 1269 >›
471 1243 573 1272 vero
594 1227 813 1288 perfecisti
837 1243 929 1272 eam
947 1263 958 1284 ,
987 1246 1007 1269 »
1028 1227 1084 1289 ad
1107 1231 1267 1288 Legem
1289 1231 1348 1274 ita
1379 1228 1590 1284 refertur,
1617 1228 1720 1288 quia
1741 1243 1807 1271 εθ-

413 1297 609 1342 cundum
646 1297 773 1341 illum
794 1297 1013 1357 perfecta,
1051 1297 1098 1340 id
1130 1307 1218 1353 est,
1250 1298 1427 1357 impleta
1460 1308 1549 1355 θεῖ,
1573 1297 1693 1358 quod
1719 1300 1808 1342 Do-

412 1368 555 1412 minus
572 1367 619 1411 in
638 1366 875 1426 Evangelio
903 1367 1032 1412 dicit:
1055 1387 1075 1409 ιι
1094 1369 1193 1413 Non
1213 1367 1314 1411 veni
1335 1371 1494 1427 Legem
1523 1367 1710 1423 solvere,
1729 1367 1807 1412 sed

415 1457 436 1480 »
471 1437 652 1498 implere
664 1439 695 1482 4.
727 1455 747 1479 »
770 1437 892 1481 Unde
911 1436 1145 1497 Apostolus
1163 1438 1240 1498 qui
1258 1438 1423 1483 dixerat
1441 1441 1601 1498 Legem
1616 1438 1807 1482 infirma-

414 1517 502 1553 tam
531 1523 621 1552 esse
652 1523 730 1568 per
765 1523 968 1563 carnem,
1004 1508 1107 1567 quia
1144 1523 1242 1552 caro
1279 1524 1369 1553 non
1395 1508 1548 1568 implet
1581 1509 1702 1569 quod
1727 1523 1806 1568 per
1832 1510 1837 1513 ’

414 1579 614 1639 spiritum
636 1577 868 1638 impletur,
904 1577 950 1621 id
983 1587 1068 1633 est,
1100 1593 1177 1638 per
1204 1579 1387 1637 gratiam
1418 1579 1655 1642 spiritalem
1680 1598 1690 1623 ι
1713 1579 1806 1638 ipse

415 1652 521 1697 item
539 1652 670 1697 dicit:
700 1671 718 1692 «
738 1654 796 1695 Ut
809 1652 975 1711 justitia
990 1651 1113 1709 Legis
1126 1650 1382 1710 impleretur
1398 1652 1444 1695 in
1457 1652 1600 1707 nobis,
1618 1651 1695 1712 qui
1714 1666 1806 1697 non

419 1741 437 1765 »
472 1722 714 1767 seeundum
743 1737 917 1766 carnem
954 1721 1254 1777 ambulamus,
1288 1721 1366 1765 scd
1399 1721 1644 1766 secundum
1675 1721 1804 1782 spiri-

416 1812 436 1834 »
476 1803 572 1837 tum
588 1794 621 1836 ⁵.
652 1812 670 1834 »
692 1795 786 1837 Hoc
808 1801 872 1836 est
888 1807 1013 1851 ergo,
1044 1810 1061 1832 «
1091 1794 1154 1835 Tu
1177 1807 1282 1836 vero
1305 1790 1524 1852 perfecisti
1547 1807 1665 1848 eam3
1701 1791 1805 1851 quia

418 1884 437 1907 »
471 1862 702 1924 plenitudo
720 1863 843 1921 Legis
865 1872 928 1907 est
946 1863 1182 1921 charitas03
1201 1871 1246 1907 et
1259 1863 1446 1907 charitas
1461 1863 1540 1907 Dei
1557 1862 1718 1908 diffusa
1737 1871 1805 1907 est

415 1953 437 1978 »
470 1935 517 1979 in
542 1933 747 1979 cordibus
761 1933 933 1989 nostris,
962 1949 1053 1978 non
1073 1949 1150 1994 per
1164 1950 1242 1978 nos
1258 1935 1387 1994 ipsoe,
1411 1934 1487 1979 sed
1499 1949 1576 1994 per
1596 1934 1804 1994 Spiritum

419 2025 438 2047 »
473 2014 670 2050 sanctum
690 2004 766 2065 qui
788 2004 915 2048 datus
933 2014 996 2048 est
1021 2004 1198 2062 nobis73
1218 2005 1301 2049 hoc
1330 2014 1393 2049 est
1418 2024 1428 2049 ε
1451 2008 1517 2049 Tu
1537 2016 1641 2049 vero
1657 2003 1803 2064 perfe-

419 2095 438 2118 >›
474 2076 570 2120 cisti
583 2091 698 2130 eam,
724 2074 793 2118 »si
814 2077 976 2133 Legem
997 2073 1225 2134 perfecisse
1240 2074 1508 2132 intelligatur
1527 2075 1584 2118 :si
1603 2089 1707 2119 vero
1717 2075 1804 2118 hae-

415 2145 658 2199 reditatem,
677 2144 920 2189 faciliorest
931 2144 1191 2189 intellectus.
1211 2145 1253 2189 Si
1267 2145 1380 2188 enim
1397 2153 1575 2204 propter
1592 2145 1675 2190 hoc
1687 2146 1804 2192 dicta

414 2225 478 2260 est
499 2215 728 2259 haereditas
755 2215 833 2259 Dei
861 2215 1094 2269 infirmata,
1111 2214 1156 2258 id
1176 2223 1261 2269 est,
1293 2214 1483 2274 populus
1510 2215 1588 2259 Dei
1605 2215 1802 2261 infirma-

414 2295 499 2341 tus,
517 2286 616 2330 data
631 2289 761 2345 Lege,
782 2305 795 2324 (ι
807 2285 914 2339 Quia
937 2288 1024 2328 Lex
1042 2285 1302 2328 subintravit
1317 2293 1390 2339 ‚ut
1407 2285 1650 2330 abundaret
1673 2285 1802 2331 delic-

418 2375 436 2399 »
464 2358 586 2401 tum8
600 2375 638 2401 ς»
651 2372 752 2414 ergo
768 2365 810 2399 et
823 2355 943 2415 quod
964 2358 1174 2416 sequitur,
1191 2375 1209 2395 «
1229 2358 1409 2399 Tuvcro
1422 2354 1636 2415 perfecisti
1658 2372 1797 2412 eam‚»

417 2443 467 2472 ex
484 2427 560 2472 illo
580 2425 837 2485 intelligitur
859 2426 980 2486 quod
996 2426 1124 2471 etiam
1139 2427 1183 2470 in
1204 2425 1413 2486 Apostolo
1433 2427 1653 2487 sequitur,
1673 2446 1691 2468 «
1717 2428 1799 2472 Ubi

463 2530 473 2546 ¹
495 2522 575 2554 Psal.
594 2533 713 2563 cxtvn,
731 2530 786 2554 20.
807 2538 847 2543 —
880 2528 893 2543 2
914 2523 1007 2554 Rom.
1029 2533 1099 2562 vm,
1120 2522 1152 2553 3.
1172 2538 1214 2543 —-
1234 2519 1246 2543 3
1265 2521 1312 2553 Id.
1334 2531 1368 2560 v,
1385 2530 1437 2553 20.
1454 2521 1497 2548 47-
1513 2520 1529 2552 4
1552 2522 1665 2554 Matth.
1686 2533 1722 2565 v,
1745 2534 1795 2565 17.

420 2594 461 2601 -
476 2576 490 2601 ⁵
509 2580 599 2611 Rom.
617 2589 687 2619 vin,
708 2577 740 2619 3,
759 2575 790 2618 4.
815 2594 854 2599 ——
872 2574 886 2599 6
905 2577 950 2609 Id.
972 2587 1042 2617 xm,
1068 2587 1120 2610 lo.
1147 2593 1188 2599 —
1208 2583 1220 2608 7
1242 2576 1288 2608 ld.
1308 2587 1340 2617 v,
1359 2576 1390 2608 5.
1407 2593 1448 2599 —-
1466 2575 1480 2599 8
1505 2576 1589 2610 Ibid.
1606 2585 1663 2611 20.
