1889 3285
6 2916 14 2968 —v

469 271 712 302 ENARRATIO
743 276 790 302 m
819 273 1023 303 PsALMUM
1053 275 1165 303 Lxx1.
1387 263 1470 304 427

98 356 122 385 a
143 348 324 400 potente
339 374 350 394 ‚
368 347 543 399 peccata
560 339 853 404 placuerunt?
874 340 1014 385 Absit.
1043 339 1127 384 Sed
1141 375 1152 395 ,
1177 358 1195 381 «
1215 342 1364 386 Parcet
1386 341 1478 402 ipse

106 430 125 453 »
160 411 280 469 inopi
297 417 339 453 et
360 409 562 469 pauperi¹
594 428 602 453 ε
628 428 646 450 »
669 408 714 453 id
734 419 812 464 est,
832 418 1007 470 peccata
1025 409 1212 454 dimittet
1231 410 1412 467 humili,
1433 422 1476 457 et

98 496 188 526 non
207 480 261 524 de
278 480 364 524 suis
387 480 550 523 meritis
571 481 823 536 confidenti,
849 489 922 524 aut
944 479 999 524 de
1019 496 1095 524 sua
1116 480 1276 525 virtute
1293 481 1476 527 salutem

91 550 309 612 speranti,
333 549 407 594 sed
434 550 649 609 indigenti
672 552 805 610 gratia
829 550 1056 596 Salvatoris
1083 550 1165 594 sui.
1183 552 1295 596 Cum
1322 561 1468 596 autem

94 620 263 665 addidit
283 639 292 665 ε
316 639 334 660 «
355 622 413 664 Et
435 621 596 664 animas
613 636 854 680 pauperum
876 619 1011 665 salvas
1033 619 1162 664 faciet
1179 639 1187 665 ε
1203 629 1471 682 »utrumque

99 690 365 752 adjutorium
385 691 532 748 gratiae
549 690 894 746 commendavit,
919 700 963 734 et
983 689 1103 750 quod
1119 698 1183 734 est
1199 690 1244 734 in
1263 691 1486 736 remissio->

89 777 190 806 nem
207 769 483 821 peccatorum
501 796 512 815 ,
532 776 632 806 cum
656 762 713 805 ait
733 779 742 806 ε
768 780 786 802 «
812 765 964 806 Parcet
984 761 1186 821 pauperi,
1212 770 1255 805 et
1275 762 1424 821 inopi3
1448 782 1468 804 n

94 840 139 876 et
159 830 279 891 quod
299 840 364 875 est
383 831 428 874 in
447 831 774 890 participatione
796 830 974 891 justitiae
991 865 1002 886 ,
1026 846 1126 875 cum
1149 830 1317 875 addidit
1338 851 1346 876 z
1375 850 1392 871 ι(
1416 834 1473 876 Et

95 921 113 944 »
150 901 312 946 animas
346 917 589 961 pauperum
620 900 756 945 salvas
787 901 931 945 faciet.
961 920 979 942 »
1005 903 1140 946 Nemo
1167 901 1282 945 enim
1303 901 1384 945 sibi
1406 911 1472 946 est

90 971 274 1016 idoneus
306 971 363 1016 ad
384 970 590 1027 salutem,
615 988 715 1032 quae
738 971 851 1016 salus
873 980 937 1015 est
956 970 1148 1030 perfecta
1173 972 1361 1032 justitia,
1390 973 1474 1016 nisi

91 1042 170 1086 Dei
192 1040 369 1102 adjuvet
391 1042 525 1099 gratia
544 1061 553 1087 z
578 1042 680 1102 quia
703 1040 931 1100 plenitudo
952 1041 1076 1098 Legis
1094 1057 1183 1085 non
1200 1050 1262 1084 est
1278 1041 1359 1085 nisi
1375 1042 1475 1086 cha-

80 1112 214 1166 ritas,
235 1128 335 1172 quae
355 1128 445 1156 non
466 1128 489 1156 a
511 1113 636 1157 nobis
654 1112 795 1156 existit
811 1111 857 1155 in
873 1111 1024 1165 nobis,
1048 1110 1123 1155 sed
1145 1110 1408 1155 diffunditur
1429 1111 1476 1155 in

87 1182 294 1227 cordibus
307 1183 463 1227 nostris
475 1198 553 1242 per
564 1182 772 1242 Spiritum
786 1190 1000 1236 sanctum,
1012 1181 1087 1241 qui
1099 1180 1225 1225 datus
1237 1191 1300 1225 est
1310 1182 1471 1226 nobis².

148 1255 270 1297 XVI.
313 1272 330 1294 «
369 1256 435 1297 Ex
469 1253 610 1297 usuris
643 1262 688 1296 et
718 1251 946 1312 iniquitate
981 1251 1167 1295 redimet
1198 1252 1361 1296 animas
1398 1267 1475 1296 eo-

94 1343 112 1365 »
147 1326 287 1368 rum3.
318 1342 335 1365 »
357 1327 466 1378 Quae
485 1333 588 1368 sunt
604 1324 697 1368 istae
716 1339 883 1377 usurae,
909 1322 991 1366 nisi
1011 1332 1204 1382 peccata,
1227 1339 1325 1384 quae
1344 1324 1475 1368 etiam

84 1393 236 1438 debita
251 1395 535 1439 nominantur
548 1396 595 1439 4?
618 1397 776 1438 Usuras
799 1403 945 1438 autem
964 1393 1198 1453 appellatas
1217 1403 1325 1454 puto
1340 1429 1351 1449 ,
1371 1394 1475 1455 quia

85 1463 184 1523 plus
206 1463 308 1508 mali
330 1464 548 1508 invenitur
578 1465 623 1507 in
657 1464 900 1523 suppliciis,
936 1479 1069 1523 quam
1098 1465 1377 1508 commissum
1411 1473 1476 1509 est

84 1534 132 1577 in
159 1534 361 1593 peccatis.
397 1536 505 1579 Nam
526 1567 537 1589 ‚
581 1534 705 1577 verbi
733 1534 895 1592 gratia,
928 1548 1029 1577 cum
1062 1533 1280 1578 homicida
1318 1549 1475 1593 corpus

76 1613 259 1648 tantum
286 1604 475 1648 hominis
492 1603 679 1663 perimat
693 1638 705 1658 ‚
724 1603 879 1647 animae
896 1612 1042 1647 autem
1067 1618 1225 1647 nocere
1245 1603 1357 1647 nihil
1370 1619 1474 1663 pos-

89 1674 143 1718 sit
162 1694 174 1731 3
192 1673 326 1732 ipsius
343 1683 384 1717 et
402 1673 545 1718 anima
567 1683 610 1718 et
631 1689 788 1732 corpus
808 1671 1007 1731 perditur
1033 1672 1080 1716 in
1101 1673 1315 1731 gehenna.
1335 1676 1475 1733 Prop-

93 1752 160 1788 ter
186 1742 435 1802 hujusmodi
462 1751 784 1802 contemptores
814 1741 1038 1802 praesentis
1068 1743 1274 1802 praecepti
1304 1751 1348 1787 et
1375 1743 1474 1787 irri-

97 1829 212 1859 sores
245 1813 384 1858 futuri
415 1813 617 1873 supplicii
647 1813 815 1858 dictum
841 1822 905 1857 est
939 1832 948 1858 :
993 1830 1010 1853 α
1047 1815 1142 1872 Ego
1172 1813 1349 1857 veniens
1375 1829 1474 1858 cum

99 1904 118 1926 »
153 1883 294 1928 usuris
325 1883 582 1941 exigerem5.
613 1903 631 1925 ›>
654 1883 724 1928 Ab
750 1883 816 1927 his
841 1883 981 1928 usuris
1010 1883 1286 1927 redimuntur
1320 1883 1476 1927 animae

97 1969 343 2014 pauperum
381 1954 590 2012 sanguine
625 1953 723 2009 illo,
765 1955 842 2015 qui
868 1953 990 1998 fusus
1025 1963 1088 1999 est
1116 1955 1161 1997 in
1182 1953 1477 1998 remissionem

89 2033 384 2084 peccatorum.
408 2023 610 2068 Redimet
631 2039 733 2084 ergo
751 2025 805 2068 ab
828 2025 983 2079 usuris,
1002 2023 1263 2068 remittendo
1281 2033 1473 2083 peccata,

95 2110 195 2155 quae
217 2093 437 2138 debebant
459 2094 666 2154 ampliora
683 2094 894 2154 supplicia
921 2114 930 2139 ε
951 2094 1136 2138 redimet
1155 2103 1301 2138 autem
1317 2093 1372 2138 ab
1393 2093 1478 2137 ini-

89 2164 256 2224 quitate
272 2199 284 2219 ,
309 2163 557 2224 adjuvando
584 2180 662 2224 per
685 2166 865 2224 gratiam
887 2164 1018 2208 etiam
1045 2164 1102 2209 ad
1123 2163 1365 2209 faciendam
1383 2165 1476 2224 jus-

89 2234 244 2279 titiam.
270 2234 435 2278 Eadem
457 2235 604 2294 itaque
625 2235 715 2280 duo
739 2235 921 2295 repetita
943 2243 1069 2290 sunt,
1089 2250 1190 2295 quae
1211 2250 1341 2294 supra
1358 2233 1475 2279 dicta

86 2314 224 2350 erant.
246 2304 377 2358 Quod
398 2305 514 2349 enim
533 2321 661 2365 supra
680 2314 767 2350 est:
799 2324 817 2346 (ι
845 2308 998 2350 Parcet
1013 2305 1135 2365 inopi
1152 2314 1196 2349 et
1217 2305 1399 2366 pauperi
1417 2325 1428 2362 3
1449 2322 1471 2346 »

87 2377 172 2422 hoc
193 2375 476 2435 intelligitur:
500 2395 519 2417 «
544 2380 609 2421 Ex
626 2378 767 2422 usuris
792 2396 803 2423 :
829 2397 846 2419 »
873 2378 994 2438 quod
1009 2393 1113 2423 vero
1133 2378 1196 2422 ibi
1217 2377 1347 2422 dicit:
1367 2395 1387 2418 c<
1418 2379 1476 2422 Et

92 2468 110 2489 »
144 2446 308 2492 animas
333 2462 576 2507 pauperum
598 2447 734 2493 salvas
753 2447 910 2506 faciet3
931 2467 950 2490 n
975 2448 1059 2493 hoc
1073 2448 1244 2493 dictum
1268 2446 1470 2502 videtur,

134 2550 145 2566 ¹
168 2542 247 2575 Psal.
269 2554 356 2584 mxxi,
379 2544 429 2576 13.
449 2561 492 2568 ·-
511 2551 523 2567 ²
542 2545 638 2578 Rom.
654 2556 690 2586 v,
709 2544 740 2577 5.
758 2561 801 2568 —-
825 2543 838 2567 3
853 2544 934 2578 Psal.
952 2555 1037 2586 mnu,
1059 2542 1112 2585 14.
1127 2561 1170 2569 -—
1187 2542 1330 2576 leMatth.
1346 2553 1396 2585 vl,
1418 2551 1470 2577 12.

96 2615 126 2623 -
154 2595 170 2620 5
183 2598 230 2631 Id.
246 2609 325 2641 xxv,
346 2607 400 2640 27.
