1889 3285
465 210 708 240 ENARRATIO
739 214 785 240 nv
816 212 1019 243 PsALMUM
1051 215 1176 245 Lxxv.
1431 208 1510 247 511

133 276 286 335 incipit
304 275 384 320 tibi
405 291 494 320 esse
515 277 682 322 bellum
704 278 906 325 adversus
928 291 986 325 te.
1013 281 1098 326 Sed
1118 297 1167 326 ex
1185 297 1271 342 qua
1291 292 1413 342 parte
1433 284 1516 328 tibi

129 346 347 406 displices,
368 347 561 406 jungeris
590 351 702 403 Deo3
717 358 761 392 et
778 364 829 393 ex
847 367 932 410 qua
956 361 1076 409 parte
1093 353 1182 411 jam
1196 354 1388 413 jungeris
1406 357 1512 410 Deo,

129 414 313 460 idoneus
324 415 406 460 eris
424 415 478 460 ad
488 416 752 462 vincendum
764 427 822 473 te,
837 420 940 478 quia
954 420 1026 463 ille
1039 429 1182 464 tecum
1196 431 1260 465 est
1273 423 1351 481 qui
1369 425 1515 468 omnia

128 495 317 545 superat.
350 486 541 530 Attende
567 485 676 546 quid
711 487 816 532 dicit
839 489 1072 548 Apostolus
1099 509 1109 534 :
1139 508 1157 530 «
1189 495 1339 536 Mente
1376 493 1516 538 servio

131 572 152 596 »
185 554 272 614 legi
302 555 402 610 Dei,
428 571 557 600 carne
587 564 735 600 autem
763 555 848 615 legi
888 558 1097 618 peccati1.
1134 579 1152 601 »
1185 561 1311 604 Unde
1344 565 1516 608 mente?

126 625 235 678 Quia
258 624 457 684 displicet
480 625 561 669 tibi
577 626 664 670 vita
688 635 762 671 tua
782 626 913 672 mala.
950 630 1076 673 Unde
1107 632 1262 674 carne?
1292 632 1403 684 Quia
1425 638 1515 676 non

125 693 287 740 desunt
306 695 600 753 suggestiones
622 705 664 740 et
681 695 988 742 delectationes
1005 697 1148 754 malae,
1172 700 1249 744 sed
1261 715 1311 744 ex
1324 716 1374 745 eo
1394 701 1515 761 quod

126 774 273 810 mente
288 766 480 824 jungeris
501 769 607 821 Deo,
627 766 763 811 vincis
779 767 901 827 quod
917 768 962 811 in
974 778 1017 814 te
1030 784 1119 814 non
1131 769 1227 814 vult
1246 771 1384 831 sequi.
1405 774 1515 816 Prae-

125 835 285 880 cessisti
301 836 418 881 enim
439 851 490 879 ex
503 845 641 895 parte,
666 845 710 880 et
730 852 783 880 ex
802 847 925 896 parte
940 838 1136 883 tardaris.
1163 841 1301 885 Trahe
1319 841 1515 900 teipsum

125 905 182 950 ad
202 904 343 960 illum,
368 906 444 966 qui
470 914 514 949 te
541 921 711 950 sursum
733 906 861 953 tollit.
888 908 1087 953 Pondere
1108 909 1300 969 quodam
1323 920 1516 957 vetusta-

125 975 179 1020 tis
206 974 458 1035 deprimeris
472 1010 483 1031 ‚
502 975 642 1020 clama
659 985 703 1020 et
723 977 816 1022 dic:
843 996 863 1019 «
886 977 1042 1022 Infelix
1060 993 1139 1037 ego
1156 979 1305 1034 homo,
1326 979 1422 1040 quis
1445 995 1515 1024 me

123 1064 144 1088 »
178 1045 384 1091 liberabit
403 1045 458 1090 de
480 1061 662 1106 corpore
684 1048 834 1091 mortis
856 1048 1016 1107 hujus?
1049 1067 1067 1090 »
1093 1049 1189 1108 quis
1210 1064 1280 1093 me
1307 1048 1516 1094 liberabit

119 1116 176 1161 ad
209 1132 260 1162 eo
287 1132 376 1177 quo
405 1119 589 1176 gravor?
623 1136 644 1159 «
677 1119 846 1177 Corpus
880 1118 997 1162 enim
1033 1118 1155 1178 quod
1188 1119 1509 1177 corrumpitur,

122 1204 144 1228 »
178 1196 384 1245 aggravat
405 1187 636 1230 animam2.
665 1206 686 1228 »
712 1188 818 1238 Quis
847 1203 951 1246 ergo
972 1188 1201 1233 liberabit?
1221 1206 1242 1230 «
1270 1187 1418 1232 Gratia
1434 1188 1512 1232 Dei

122 1275 143 1300 »
178 1273 255 1316 per
273 1259 423 1301 Jesum
447 1256 671 1301 Christum
692 1256 932 1300 Dominum
961 1258 1197 1301 nostrumss.
1217 1275 1237 1299 »
1269 1261 1409 1310 Quare
1430 1274 1512 1303 au-

120 1335 208 1372 tem
235 1326 463 1387 permittit,
488 1335 539 1370 ut
558 1324 635 1370 diu
657 1335 810 1371 contra
831 1335 874 1371 te
893 1325 1050 1384 litiges,
1083 1326 1223 1371 donec
1245 1327 1512 1372 absorbean-

119 1406 192 1443 tur
213 1412 363 1442 omnes
394 1396 654 1456 cupiditates
682 1396 836 1441 malae?
866 1398 924 1441 Ut
950 1395 1162 1455 intelligas
1184 1396 1229 1442 in
1257 1406 1300 1441 te
1329 1412 1506 1458 poenam

118 1477 257 1513 tuam.
280 1471 333 1512 In
352 1476 394 1512 te
416 1483 467 1512 ex
482 1466 626 1526 teipso
647 1476 712 1511 est
726 1466 955 1525 flagellum
978 1475 1131 1512 tuum:
1155 1467 1211 1511 sit
1231 1466 1321 1512 rixa
1344 1476 1420 1512 tua
1441 1476 1512 1512 te-

118 1555 236 1584 cum.
262 1538 332 1584 Sic
354 1537 603 1587 vindicatur
630 1538 676 1582 in
706 1537 915 1581 rebellem
938 1536 1142 1583 adversus
1169 1543 1321 1594 Deum,
1349 1547 1400 1582 ut
1420 1537 1512 1596 ipse

117 1610 202 1655 sibi
224 1611 281 1655 sit
299 1608 487 1664 bellum,
511 1608 588 1669 qui
620 1623 773 1668 pacem
803 1608 947 1652 noluit
974 1607 1135 1652 habere
1162 1623 1266 1652 cum
1294 1611 1400 1652 Deo.
1428 1606 1512 1652 Sed

120 1691 220 1726 tene
250 1680 446 1725 membra
476 1688 553 1724 tua
586 1678 791 1723 adversus
824 1678 1197 1738 concupiscentias
1230 1687 1327 1722 tuas
1357 1677 1507 1722 malas·

120 1753 314 1798 Surrexit
333 1752 411 1807 ira,
436 1760 536 1796 tene
560 1759 610 1796 tu
630 1765 810 1794 manum
834 1750 1094 1809 conjunctus
1113 1751 1219 1793 Deo.
1246 1749 1396 1793 Potuit
1413 1763 1512 1792 sur-

119 1838 236 1883 gere,
260 1821 338 1866 sed
357 1837 447 1866 non
463 1821 630 1866 invenit
651 1835 783 1864 arma.
805 1818 937 1878 Apud
953 1819 1061 1863 iram
1077 1827 1197 1863 tuam
1219 1818 1407 1877 impetus
1425 1826 1506 1873 est,

119 1893 236 1948 apud
257 1901 300 1934 te
321 1907 440 1936 arma
456 1900 559 1935 sunt
584 1910 593 1936 2
619 1890 672 1935 sit
684 1889 874 1948 impetus
887 1888 1079 1944 inermis,
1104 1896 1148 1932 et
1165 1886 1290 1932 discit
1306 1888 1398 1947 jam
1419 1902 1510 1932 non

117 1975 295 2019 surgere
317 1962 394 2019 qui
420 1960 579 2005 frustra
599 1959 802 2004 surrexit.

179 2032 233 2075 V.
260 2032 354 2074 Hoc
375 2037 521 2072 autem
547 2030 660 2082 dico,
685 2029 948 2084 charissimi,
973 2044 1029 2072 ne
1049 2028 1163 2074 forte
1178 2027 1281 2087 quia
1302 2026 1506 2082 diximus,

123 2119 146 2143 ιι
178 2102 320 2145 Carne
338 2107 484 2143 autem
500 2095 586 2156 legi
606 2100 788 2156 peccati,
808 2117 828 2139 »
854 2099 1015 2157 putetis
1036 2096 1396 2144 consentiendum
1419 2111 1510 2141 esse

118 2169 341 2215 desideriis
368 2168 519 2214 vestris
543 2166 806 2212 carnalibus.
833 2169 925 2210 Etsi
946 2185 1034 2214 non
1065 2177 1249 2228 possunt
1271 2168 1403 2212 modo
1422 2167 1506 2211 nisi

119 2256 212 2286 esse
233 2239 444 2284 desideria
466 2236 670 2293 carnalia,
691 2245 857 2281 nonest
873 2236 956 2282 illis
971 2237 1347 2282 consentiendum.
1375 2240 1508 2296 Prop-

120 2321 238 2356 terea
265 2326 356 2355 non
389 2309 497 2354 dixit
531 2306 790 2368 Apostolus:
820 2309 916 2352 Non
945 2306 1000 2351 sit
1032 2316 1259 2366 peccatum
1290 2308 1336 2351 in
1363 2316 1507 2351 vestro

121 2381 296 2427 mortali
334 2395 528 2440 corpore.
560 2379 691 2425 Novit
713 2378 829 2423 enim
855 2378 956 2437 quia
980 2377 1180 2436 quandiu
1207 2376 1390 2422 mortale
1417 2386 1504 2432 est,

123 2462 188 2499 est
204 2453 267 2498 ibi
286 2459 530 2512 peccatum.
556 2449 642 2497 Sed
669 2448 778 2510 quid
793 2448 880 2492 ait?
901 2466 921 2489 (ι
943 2450 1040 2494 Non
1066 2463 1168 2508 ergo
1185 2456 1335 2507 regnet
1354 2462 1508 2511 pecca-

171 2544 181 2562 ¹
208 2540 299 2571 Rom.
315 2548 375 2580 vn,
389 2536 444 2583 25-
463 2552 502 2561 -
523 2542 536 2559 2
555 2537 632 2577 Sap.
650 2545 696 2577 rx,
716 2533 767 2567 15.
787 2551 829 2558 —
851 2531 864 2557 3
885 2535 977 2567 Rom.
996 2543 1057 2576 vn,
1074 2532 1130 2566 25.
