1889 3285
403 249 487 288 374
823 260 857 289 s.
892 260 1124 290 Aucus'nm
1153 264 1336 291 Emscom

400 325 564 369 tatibus
581 324 745 380 alienis,
762 326 876 370 inter
891 342 999 386 quos
1020 327 1099 370 tibi
1116 342 1287 371 necesse
1306 336 1370 371 est
1389 327 1534 371 vivere
1551 342 1779 388 quousque

400 395 489 439 vita
511 395 590 439 ista
614 396 804 440 finiatur.
841 400 898 440 Et
924 399 1180 457 quousque?
1201 400 1312 441 Ecce
1336 398 1488 442 finitur
1520 398 1599 442 tibi
1624 413 1779 443 :num-

397 465 505 526 quid
522 466 672 509 finitur
689 466 906 520 Ecclesiae,
926 467 1008 510 nisi
1029 466 1075 510 in
1096 467 1183 510 fine
1203 464 1374 511 saeculi?
1390 471 1476 512 Iste
1497 478 1644 512 autem
1663 484 1778 513 unus

394 535 550 590 homo,
575 536 721 580 unitas
738 536 916 591 Christi,
941 536 1100 580 clamat
1115 537 1191 580 has
1207 552 1350 581 voees.
1370 540 1549 583 Necesse
1571 547 1634 582 est
1656 553 1775 597 ergo,

393 616 445 651 ut
467 607 595 651 multi
630 616 836 651 exeuntes
856 607 911 650 de
932 608 1016 651 hoc
1049 623 1230 667 corpore
1252 607 1402 652 fideles
1417 610 1508 669 jam
1532 609 1619 652 sint
1639 609 1684 653 in
1704 609 1780 652 illa

393 678 544 739 requie
559 713 570 733 ,
611 693 742 737 quam
770 687 946 737 praestat
969 681 1084 722 Deus
1106 678 1329 737 spiritibus
1350 679 1546 723 fidelium
1572 699 1581 724 :
1606 679 1682 724 sed
1709 680 1779 724 hic

393 758 496 793 sunt
518 748 661 793 adhuc
683 748 878 792 membra
908 749 1094 803 Christi,
1119 750 1166 792 in
1185 749 1273 804 his,
1304 750 1381 809 qui
1412 750 1456 793 in
1473 751 1554 794 hac
1575 750 1662 794 vita
1698 749 1778 794 de-

393 828 525 879 gunt,
550 818 596 861 in
617 818 683 862 his
713 820 790 878 qui
814 827 963 878 postea
984 827 1232 863 nascentur.
1272 822 1388 878 Ergo
1408 834 1547 879 usque
1568 819 1615 863 in
1645 821 1779 864 finem

393 888 542 933 saeculi
565 888 647 931 erit
669 888 740 932 hic
764 888 843 932 iste
861 889 1016 944 homo,
1042 889 1119 948 qui
1140 892 1297 933 clamat
1314 905 1338 933 a
1360 890 1545 948 peccatis
1562 891 1648 933 suis
1669 889 1781 934 libe-

392 959 493 1013 rari,
512 967 555 1002 et
576 974 600 1001 a
621 957 715 1016 lege
731 958 1030 1002 membrorum
1046 968 1317 1018 repugnante
1329 958 1416 1018 legi
1428 959 1599 1002 mentis.
1614 959 1781 1003 Deinde

393 1027 506 1072 inter
529 1038 706 1087 peccata
729 1027 913 1072 aliorum
935 1029 1050 1072 inter
1071 1044 1181 1088 quos
1214 1043 1386 1072 necesse
1418 1038 1482 1072 est
1502 1038 1552 1073 ut
1571 1029 1689 1073 vivat
1704 1044 1780 1073 us-

394 1115 482 1160 que
498 1100 544 1143 in
565 1100 713 1143 finem.
739 1099 823 1144 Sed
846 1100 935 1144 duo
957 1100 1124 1143 hahent
1147 1114 1301 1157 genera
1323 1109 1569 1158 peccatores
1590 1100 1658 1144 isti
1679 1119 1688 1144 :
1709 1099 1781 1144 alii

394 1178 498 1214 sunt
518 1169 595 1230 qui
618 1172 778 1228 Legem
817 1179 1104 1229 acceperunt3
1139 1169 1210 1213 alii
1246 1179 1348 1214 sunt
1381 1170 1457 1229 qui
1490 1186 1580 1214 non
1600 1185 1782 1230 accepe-

394 1248 501 1284 runt
521 1259 530 1284 :
557 1254 707 1295 ornnes
729 1239 890 1296 Pagani
918 1242 1079 1297 Legem
1101 1254 1191 1282 non
1212 1248 1473 1298 acceperunt
1490 1274 1500 1294 ‚
1526 1255 1676 1283 omnes
1703 1243 1726 1284 J
1732 1256 1783 1284 u-

393 1310 478 1355 daei
495 1318 538 1354 et
549 1309 783 1354 Christiani
796 1311 954 1366 Legem
976 1318 1252 1368 acceperunt.
1269 1311 1385 1367 Ergo
1402 1309 1599 1366 generale
1621 1326 1783 1354 nomen

393 1390 458 1425 est
478 1388 708 1440 peccator3
740 1389 815 1423 aut
847 1379 971 1437 Legis
994 1389 1303 1437 transgressor,
1341 1380 1375 1423 si
1407 1375 1574 1439 accepit
1595 1383 1780 1440 Legem3

393 1461 470 1496 aut
492 1449 798 1495 tantummodo
813 1450 988 1509 iniquus
1009 1450 1100 1494 sine
1123 1453 1252 1508 Lege,
1269 1450 1302 1494 si
1318 1465 1407 1494 non
1425 1451 1592 1510 accepit
1603 1454 1778 1509 Legem.

392 1527 450 1566 De
471 1534 660 1581 utroque
680 1535 836 1578 genere
857 1519 1054 1580 loquitur
1075 1519 1323 1579 Apostolus,
1343 1529 1386 1563 et
1403 1520 1532 1564 dicit:
1558 1521 1670 1573 «Qui
1689 1522 1783 1566 sine

398 1613 417 1635 »
452 1596 567 1651 Lege
589 1599 880 1651 peccaverunt
895 1625 906 1645 ,
935 1591 1026 1634 sine
1051 1593 1166 1648 Lege
1187 1591 1415 1649 peribunt,
1440 1600 1484 1635 et
1506 1591 1584 1652 qui
1602 1591 1649 1635 in
1666 1595 1782 1652 Lege

399 1682 418 1705 »
452 1670 771 1722 peceaverunt,
806 1675 884 1720 per
913 1663 1075 1719 Legem
1093 1659 1460 1720 judicabuntur1.
1492 1680 1509 1701 »
1539 1664 1604 1705 Tu
1640 1671 1786 1706 autem

393 1733 471 1793 qui
490 1733 605 1775 inter
628 1740 867 1791 utrumque
890 1746 1024 1789 genus
1054 1731 1190 1789 gemis
1206 1766 1217 1786 ‚
1249 1730 1318 1775 dic
1340 1734 1431 1776 Deo
1453 1730 1574 1791 quod
1595 1731 1718 1777 audis
1739 1733 1787 1776 in

394 1802 566 1848 Psalmo
587 1821 595 1846 :
620 1820 636 1841 «
656 1805 771 1845 Deus
793 1816 931 1856 meus,
946 1816 1049 1844 erue
1066 1816 1136 1844 me
1158 1801 1213 1844 de
1232 1816 1366 1845 manu
1387 1802 1641 1860 peccatoris.
1668 1822 1686 1843 >›
1702 1804 1786 1847 Cu-

388 1875 459 1935 jus
480 1872 746 1932 peccatoris?
766 1874 858 1915 «De
881 1887 1012 1914 manu
1038 1875 1196 1929 Legem
1218 1872 1519 1930 praetereuntis
1538 1880 1581 1915 et
1596 1872 1781 1932 iniqui.»

395 1947 473 1989 Est
497 1942 675 2003 quidem
699 1951 742 1985 et
761 1942 937 2001 iniquus
962 1944 1122 1999 Legem
1145 1942 1394 2000 praeteriens
1411 1976 1422 1996 ,
1445 1957 1535 1986 non
1557 1942 1673 1985 enim
1696 1958 1786 1987 non

394 2015 573 2073 iniquus
593 2013 667 2072 qui
691 2016 851 2070 Legem
871 2012 1062 2070 praeterit
1081 2010 1177 2055 :sed
1197 2011 1336 2055 omnis
1354 2015 1513 2069 Legem
1535 2013 1785 2071 praeteriens

395 2085 571 2144 iniquus
599 2093 686 2138 est,
720 2099 810 2126 non
847 2082 986 2126 omnis
1018 2082 1194 2142 iniquus
1227 2085 1387 2142 Legem
1416 2083 1624 2142 praeterit.
1654 2102 1671 2123 «
1702 2083 1785 2127 Ubi

402 2174 420 2196 »
458 2155 572 2198 enim
600 2169 691 2197 non
713 2162 777 2196 est
799 2156 908 2207 LeX‚
933 2153 991 2195 ait
1003 2151 1236 2211 Apostolus
1251 2187 1262 2207 ‚
1287 2168 1367 2197 nec
1388 2153 1686 2212 praevaricatio
1698 2157 1731 2196 ².
1762 2173 1780 2194 »

397 2224 480 2278 Qui
508 2239 611 2282 ergo
644 2226 805 2281 Legem
839 2238 928 2267 non
966 2232 1226 2281 acceperunt
1242 2258 1252 2277 ‚
1289 2223 1430 2283 iniqui
1461 2222 1546 2267 dici
1573 2231 1754 2283 possunt
1768 2258 1780 2278 ‚

393 2294 744 2355 praevaricatores
777 2308 866 2337 non
898 2301 1093 2352 possunt.
1136 2293 1398 2337 Judicantur
1430 2293 1605 2354 utrique
1625 2308 1782 2337 secun-

394 2365 502 2410 dum
523 2365 678 2408 merita
699 2378 789 2407 sua.
820 2364 905 2407 Sed
926 2379 1006 2422 ego
1028 2363 1104 2422 qui
1125 2362 1180 2407 de
1202 2363 1453 2423 captivitate
1484 2363 1585 2408 volo
1605 2363 1782 2407 liberari

394 2452 472 2497 per
494 2435 672 2494 gratiam
704 2443 852 2488 tuam,
877 2433 1015 2478 clamo
1037 2433 1092 2477 ad
1120 2443 1187 2489 te,
1217 2452 1235 2474 «
1270 2435 1426 2479 Libera
1462 2450 1533 2478 me
1570 2434 1625 2478 de
1647 2449 1781 2478 manu

398 2527 417 2549 »
451 2505 701 2566 peccatoris.
720 2523 738 2546 »
751 2504 866 2557 Quid
887 2513 967 2560 est,
991 2503 1046 2548 de
1068 2519 1202 2548 manu
1214 2505 1332 2564 ejus?
1354 2508 1415 2549 De
1436 2512 1650 2564 potestate
1667 2505 1775 2564 ejus,

445 2597 455 2613 ¹
479 2592 571 2621 Rom.
594 2601 631 2632 11,
655 2599 705 2621 12.
726 2605 767 2612 —-
785 2595 799 2611 2
814 2588 861 2620 Id.
883 2599 926 2630 iv,
945 2587 997 2619 15.
