1889 3285
429 236 671 265 ENARRA'rlo
703 240 746 265 ΙΝ
780 239 981 267 ΡεΑωιυΜ
1015 241 1161 267 Lxxiv.
1392 228 1471 267 497

97 300 250 345 merito
273 310 551 361 peccatorum
572 317 749 347 suorum
772 303 937 363 aliquid
954 320 997 348 se
1020 305 1183 364 perpeti
1196 320 1339 363 posse:
1358 305 1474 350 unde

95 380 423 430 argumentatur
452 370 656 417 adversus
679 375 853 417 Deum?
877 375 988 427 Quia
1010 389 1100 417 non
1128 383 1270 433 potest
1303 374 1472 419 dicere:

95 443 246 485 Justus
281 456 376 485 sum
401 460 413 498 ·,
442 441 551 501 quid
589 451 793 501 putamus
822 457 923 486 eum
954 443 1127 487 dicere?
1161 445 1271 488 Sunt
1311 445 1476 503 pejores

95 510 265 570 iniqui,
290 519 334 555 et
353 519 502 555 tamen
522 511 602 556 ista
632 528 722 557 non
746 513 987 572 patiuntur.
1014 515 1118 556 Haec
1152 522 1215 557 est
1232 513 1436 574 iniquitas
1461 548 1472 569 ‚

94 595 228 641 quam
254 580 498 640 loquuntur
518 581 716 626 homines
749 581 951 627 adversus
980 587 1131 625 Deum.
1156 581 1310 626 Videte
1332 591 1478 627 autem

94 666 228 711 quam
263 650 465 711 iniquum
492 651 547 695 sit
581 670 591 696 2
627 650 734 695 dum
765 667 809 696 se
846 652 943 696 vult
968 652 1135 711 justum
1162 651 1330 706 videri,
1353 651 1477 696 illum

94 721 200 766 facit
220 721 445 782 injustum.
473 722 695 775 Quienim
712 722 840 767 dicit:
856 722 1010 782 Inique
1024 722 1286 782 patiorquod
1306 723 1445 782 patior
1465 741 1475 767 ε

94 791 220 836 illum
253 793 454 853 iniquum
482 792 618 850 facit,
657 794 779 853 cujus
807 794 974 854 judicio
1010 794 1210 853 patitur3
1252 809 1295 838 se
1331 803 1478 838 autem

90 864 257 924 justum
281 898 292 918 ‚
337 863 415 924 qui
454 863 603 924 inique
642 865 821 924 patitur.
860 867 982 922 Rogo
1025 879 1100 909 vos
1120 899 1131 919 ‚
1168 862 1320 909 fratres
1360 864 1444 908 mei
1464 898 1476 919 ‚

95 948 274 994 aequum
301 942 366 978 est
396 933 480 978 hoc
498 968 509 988 ‚
539 942 590 978 ut
621 937 736 978 Deus
758 935 960 979 credatur
984 935 1195 994 injustus,
1225 944 1274 978 tu
1300 935 1480 995 justus?

96 1005 209 1050 Cum
238 1012 385 1048 autem
411 1003 505 1047 haec
535 1002 664 1059 dicis,
700 1003 889 1065 loqueris
924 1004 1127 1050 adversus
1148 1008 1288 1050 Deum
1314 1005 1480 1065 iniqui-

95 1082 246 1118 tatem.

156 1146 235 1188 IX.
271 1143 385 1197 Quid
403 1143 510 1188 dicit
530 1144 576 1188 in
592 1144 677 1189 alio
697 1145 896 1190 Psalmo?
916 1165 937 1188 «
962 1148 1066 1190 Haec
1086 1143 1223 1190 fecisti
1245 1164 1254 1190 :
1279 1164 1300 1187 »
1323 1161 1481 1190 nume-

97 1214 199 1259 ratis
221 1213 484 1273 quibusdam
510 1215 697 1273 peccatis
722 1233 731 1259 :
762 1218 897 1259 «Haec
916 1249 928 1270 ‚
951 1215 1116 1275 inquit,
1149 1214 1317 1271 fecisti,
1349 1226 1393 1260 et
1413 1226 1482 1262 ta-

102 1303 120 1325 »
157 1283 244 1328 cui.
271 1301 292 1324 »
318 1282 437 1336 Quid
454 1291 519 1326 est
534 1317 545 1338 ‚
574 1302 594 1324 «
616 1283 777 1328 Tacui?
795 1304 813 1326 »
838 1286 1074 1343 Nunquam
1105 1292 1219 1328 tacet
1235 1295 1479 1346 praecepto,

97 1352 173 1397 sed
194 1352 370 1397 interim
386 1361 501 1396 tacet
522 1352 735 1412 supplicio
761 1372 770 1397 :
791 1353 973 1413 quiescit
994 1369 1018 1397 a
1039 1352 1229 1398 vindicta
1248 1388 1260 1410 ,
1285 1370 1373 1399 non
1388 1371 1484 1415 pro-

96 1421 183 1467 fert
204 1423 249 1467 in
267 1421 524 1467 damnatum
545 1423 818 1467 sententiam.
841 1423 926 1468 Sed
947 1423 1029 1467 hoc
1042 1421 1114 1466 ille
1135 1422 1240 1468 dicit
1260 1443 1269 1468 :
1296 1425 1397 1470 Feci
1410 1426 1485 1471 illa

97 1502 142 1537 et
168 1492 242 1537 illa
259 1527 270 1548 ,
294 1501 338 1536 et
366 1507 457 1537 non
484 1491 722 1537 vindicavit
753 1496 866 1537 Deus
888 1513 899 1549 3
929 1507 1028 1537 ecce
1064 1508 1193 1537 sanus
1222 1509 1342 1550 sum,
1374 1496 1484 1540 nihil

97 1562 200 1608 mali
231 1562 413 1620 contigit
435 1561 560 1606 mihi.
587 1581 607 1604 «
629 1564 733 1606 Haec
752 1561 913 1617 fecisti,
939 1571 982 1606 et
1002 1563 1118 1606 tacui
1142 1581 1153 1609 :
1173 1564 1412 1623 suspicatus
1439 1581 1484 1610 es

99 1651 120 1676 n
155 1632 431 1693 iniquitatem
451 1668 461 1687 ‚
486 1631 608 1692 quod
631 1647 705 1676 ero
735 1632 814 1676 tibi
840 1631 1004 1676 similis.
1026 1632 1177 1685 »Quid
1203 1643 1292 1689 est,
1323 1635 1485 1689 «Quod

101 1723 120 1746 »
155 1718 229 1748 ero
244 1702 325 1747 tibi
342 1701 490 1746 similis
507 1703 524 1746 P
546 1701 658 1755 Quia
680 1710 729 1745 tu
742 1701 927 1762 »iniquus
944 1717 1011 1756 es,
1037 1711 1081 1745 et
1101 1717 1171 1746 me
1192 1702 1395 1763 iniquum
1405 1721 1485 1765 pu-

96 1772 230 1831 tasti3
263 1781 476 1833 tanquam
513 1772 846 1831 approbatorem
886 1771 1128 1816 facinorum
1160 1781 1363 1830 tuorum,
1393 1790 1484 1820 non

97 1842 418 1889 adversatorem
441 1876 452 1898 ,
477 1857 568 1885 non
594 1841 798 1887 ultorem.
828 1844 887 1886 Et
907 1841 1014 1901 quid
1050 1851 1198 1901 postea
1230 1842 1310 1887 tibi
1340 1843 1444 1889 dicit
1466 1847 1485 1890 Ξ)

101 1931 121 1954 «
155 1916 348 1971 Arguam
361 1921 426 1967 te,
451 1921 495 1957 et
513 1911 776 1957 constituam
797 1920 840 1956 te
861 1921 961 1956 ante
980 1910 1134 1956 faciem
1156 1921 1278 1957 tuam
1292 1914 1322 1957 1.
1339 1934 1357 1956 »
1370 1915 1484 1968 Quid

98 1991 163 2027 est
182 1983 300 2027 hoc?
317 1982 429 2035 Quia
453 1982 587 2027 modo
603 1981 824 2042 peccando
836 1990 934 2042 post
954 1990 1073 2040 terga
1095 1990 1138 2025 te
1158 1983 1304 2041 ponis,
1329 2000 1419 2029 non
1440 1994 1484 2030 te

98 2052 241 2107 vides,
275 2067 365 2096 non
398 2059 441 2094 te
473 2051 648 2110 inspicis
668 2072 679 2108 3
704 2067 782 2109 ego
804 2061 847 2096 te
868 2067 1029 2112 ponam
1050 2059 1151 2095 ante
1171 2060 1214 2095 te
1229 2087 1240 2107 ‚
1261 2062 1305 2097 et
1324 2054 1483 2101 faciam

99 2123 180 2168 tibi
200 2121 460 2182 supplicium
478 2120 532 2165 de
554 2130 611 2165 te.
637 2120 705 2166 Sic
720 2130 764 2165 et
782 2121 854 2165 hic
875 2141 883 2166 :
909 2140 927 2162 «
945 2124 1007 2166 Ne
1024 2120 1263 2181 loquamini
1280 2123 1483 2172 adversus

105 2213 124 2235 »
159 2196 300 2237 Deum
322 2190 614 2250 iniquitatem.
640 2211 658 2232 »
680 2190 919 2235 Attendite.
935 2191 1062 2235 Multi
1078 2200 1224 2236 autem
1240 2192 1486 2254 loquuntur

98 2262 224 2307 istam
245 2261 522 2322 iniquitatem
540 2280 552 2318 3
575 2260 651 2304 sed
675 2275 765 2304 non
788 2259 952 2304 audent
971 2259 1116 2319 palam
1133 2295 1144 2316 ‚
1167 2277 1222 2305 ne
1241 2261 1482 2324 blasphemi

101 2333 413 2378 exhorreantur
437 2331 491 2374 ab
506 2330 756 2375 hominibus
769 2329 848 2389 piis
864 2329 931 2374 :in
953 2329 1084 2374 corde
1103 2346 1181 2375 suo
1198 2331 1278 2377 ista
1299 2335 1480 2393 rodunt,

101 2403 220 2448 intus
245 2401 322 2447 tali
349 2400 515 2446 nefario
536 2399 634 2446 cibo
659 2408 923 2459 pascuntur3
948 2399 1134 2446 delectat
1155 2416 1226 2447 eos
1253 2402 1376 2464 loqui
1404 2407 1483 2453 ad-

151 2517 161 2536 ¹
180 2510 261 2545 Psal.
283 2520 369 2553 nix,
387 2517 442 2543 21.

291 2587 414 2618 cxvl.
1225 2579 1276 2616 32
