1889 3285
352 173 432 212 488
796 183 828 210 5.
867 187 1095 212 AtYGUsTlNl
1129 187 1308 212 EPISCOP1

352 248 600 292 redundans
616 247 820 292 felicitate
844 247 1004 292 multos
1033 249 1166 304 fallit,
1205 253 1317 294 Deus
1352 249 1588 293 neminem.
1623 250 1733 303 Quia

350 335 452 377 ergo
471 318 591 362 omni
611 318 780 379 homini
800 335 1009 364 converso
1028 319 1083 363 ad
1103 325 1236 364 Deum
1254 329 1449 364 mutatur
1476 319 1731 375 delectatio,

348 397 577 433 mutantur
603 387 770 433 deliciae
797 405 805 430 :
832 406 920 436 non
941 390 1057 434 enim
1084 390 1427 446 subtrahuntur,
1456 389 1532 435 sed
1557 400 1735 434 mutan—

348 468 421 503 tur
446 474 455 500 :
489 474 638 503 omnes
661 469 806 503 autem
827 458 995 504 deliciae
1023 470 1181 505 nostrae
1202 461 1249 505 in
1269 462 1351 506 hac
1387 461 1497 517 vita,
1536 461 1737 506 nondum

347 539 450 574 sunt
469 529 515 573 in
533 545 606 588 re,
630 528 706 573 sed
720 530 813 589 ipsa
835 545 929 589 spes
950 540 1037 575 tam
1060 541 1177 576 certa
1197 540 1282 587 est,
1307 540 1357 576 ut
1385 531 1588 575 omnibus
1606 531 1737 591 hujus

347 599 493 645 saeculi
516 599 668 644 diliciis
691 600 986 660 praeponenda
1015 602 1094 656 sit,
1127 602 1240 646 sieut
1253 602 1463 662 scriptum
1485 611 1575 646 est:
1604 621 1625 644 «
1649 605 1737 646 De-

350 692 370 716 »
405 672 564 717 lectare
581 674 626 717 in
650 673 852 718 Domino.
876 691 897 714 n
922 676 979 717 Et
1001 688 1055 717 ne
1073 683 1248 733 putares
1269 675 1413 734 tejam
1433 673 1596 717 habere
1617 672 1739 733 quod

347 745 591 805 promittit,
618 745 802 805 subjecit
819 745 962 789 statim
980 780 990 799 ,
1021 764 1041 787 «
1060 748 1118 789 Et
1139 744 1263 790 dabit
1292 744 1371 788 tibi
1388 744 1617 803 petitiones
1639 759 1740 789 cor-

351 834 371 857 »
406 815 472 859 dis
495 816 602 859 tui1.
627 834 647 857 »
672 817 715 861 Si
737 830 838 874 ergo
859 814 1059 860 nondum
1079 816 1214 860 habes
1236 815 1464 875 petitiones
1481 813 1622 859 cordis
1644 815 1736 871 tui,

348 886 467 930 unde
489 885 714 930 delectaris
735 886 781 930 in
792 888 995 941 Domino,
1016 886 1098 929 nisi
1119 886 1222 946 quia
1242 895 1361 929 tenes
1375 894 1544 929 certum
1556 885 1742 943 promis-

347 972 508 1013 sorem,
527 958 603 1017 qui
626 973 669 1002 se
691 957 839 1002 effecit
859 957 1157 1018 promittendo
1170 956 1443 1001 debitorem?
1458 956 1740 1016 Hujusigitur

347 1028 664 1088 deprecationis
693 1039 743 1073 ut
764 1038 1017 1088 permaneat
1038 1029 1272 1073 nobiscum
1293 1043 1388 1087 spes
1410 1037 1557 1072 nostra
1571 1062 1582 1082 ,
1605 1036 1648 1071 et
1668 1027 1740 1070 in-

346 1100 632 1145 troducamur
666 1100 713 1145 in
742 1101 788 1144 id
822 1100 942 1161 quod
975 1100 1174 1160 promisit
1202 1105 1334 1154 Deus,
1366 1098 1562 1160 loquitur
1588 1098 1741 1143 titulus

346 1172 476 1231 hujus
500 1170 659 1214 Psalmi
687 1191 695 1215 :
735 1190 755 1213 «
790 1174 843 1215 In
879 1172 1039 1227 finem,
1084 1187 1140 1215 ne
1173 1186 1440 1229 corrumpas.
1470 1188 1490 1211 >›
1517 1169 1630 1223 Quid
1655 1178 1738 1225 est,

350 1260 371 1284 »
406 1257 462 1285 ne
484 1243 759 1300 corrumpas?
778 1240 906 1293 Quod
934 1241 1188 1301 promisisti,
1215 1241 1384 1284 exhibe.
1418 1239 1504 1284 Sed
1531 1239 1742 1300 quando?

354 1332 374 1355 «
410 1317 463 1357 In
490 1313 638 1356 finem.
668 1330 688 1352 »
728 1311 840 1355 Illuc
869 1327 973 1370 ergo
1008 1312 1166 1355 mentis
1204 1311 1356 1355 oculus
1379 1310 1616 1370 dirigatur,
1643 1330 1664 1353 «
1689 1314 1742 1354 In

349 1402 370 1425 »
406 1384 555 1427 finem.
584 1401 604 1423 >›
631 1382 787 1426 Omnia
809 1398 909 1442 quae
930 1376 1057 1427 invia
1075 1382 1361 1436 occurrerint,
1381 1391 1675 1436 transeantur,
1693 1390 1743 1425 ut

349 1452 628 1514 perueniatur
648 1452 694 1495 in
716 1452 864 1496 finem.
891 1451 1102 1496 Exultent
1133 1451 1309 1511 superbi
1332 1451 1386 1495 de
1415 1452 1618 1511 praesenti
1645 1450 1744 1495 seli-

348 1524 506 1577 citate,
532 1531 732 1566 tumeant
772 1522 1013 1566 honoribus
1030 1557 1041 1578 ,
1083 1521 1282 1580 fulgeant
1318 1538 1425 1567 auro
1441 1557 1452 1578 ,
1494 1521 1744 1567 redundent

347 1593 544 1648 famulis,
581 1592 798 1652 obsequiis
834 1592 1060 1636 clientium
1102 1592 1402 1651 constipentur
1438 1611 1447 1636 ε
1476 1601 1742 1652 praetereunt

350 1665 431 1709 ista
446 1699 458 1719 ,
491 1672 721 1707 transeunt
743 1672 952 1723 tanquam
975 1663 1147 1707 umbra.
1173 1665 1286 1708 Cum
1307 1662 1381 1707 ille
1416 1664 1513 1707 finis
1543 1663 1711 1708 venerit
1726 1699 1738 1718 ,

349 1735 428 1779 ubi
450 1748 600 1778 omnes
622 1733 697 1793 qui
718 1732 851 1777 modo
884 1733 931 1776 in
957 1734 1144 1777 Domino
1166 1743 1341 1792 sperant
1363 1734 1606 1793 gaudeant,
1637 1743 1744 1778 tunc

349 1804 433 1848 illis
457 1804 603 1849 veniet
619 1804 709 1847 sine
730 1803 818 1846 fine
850 1803 1036 1847 tristitia.
1059 1803 1245 1856 Quando
1279 1805 1523 1864 acceperint
1558 1803 1744 1848 humiles

350 1875 472 1937 quod
493 1874 675 1919 irrident
696 1874 899 1934 superbi,
925 1884 1032 1918 tunc
1064 1874 1352 1934 superborum
1375 1877 1536 1935 typhus
1559 1890 1743 1919 conver-

350 1956 467 1991 tetur
479 1947 526 1990 in
542 1946 726 1990 luctum.
744 1948 865 1989 Tunc
883 1945 961 1989 erit
977 1944 1051 1989 illa
1064 1961 1162 2000 VOX,
1180 1961 1313 2005 quam
1326 1946 1372 1989 in
1383 1945 1497 1989 libro
1513 1945 1744 2004 Sapientiae

349 2018 550 2063 novimus
577 2037 585 2061 :
612 2016 760 2061 dicent
783 2017 899 2061 enim
921 2026 1027 2060 tunc
1048 2017 1245 2060 videntes
1268 2015 1449 2074 gloriam
1475 2025 1739 2071 sanctorum,

353 2090 428 2150 qui
458 2104 560 2133 cum
580 2089 653 2133 hic
687 2087 1045 2143 humiliarentur,
1080 2086 1405 2144 toleraverunt,
1437 2087 1514 2147 qui
1541 2102 1642 2131 cum
1672 2087 1743 2131 hic

352 2161 694 2206 sublimarentur
714 2195 724 2215 ,
760 2175 850 2204 non
873 2170 1150 2215 annuerunt,
1186 2167 1293 2202 tunc
1330 2173 1432 2216 ergo
1470 2156 1532 2200 illi
1555 2157 1703 2201 dicent
1730 2178 1739 2202 2

358 2252 378 2275 «
414 2231 471 2275 Hi
485 2240 587 2275 sunt
601 2246 710 2291 quos
733 2229 968 2290 aliquando
987 2229 1220 2272 habuimus
1241 2229 1286 2272 in
1300 2229 1448 2273 risum.
1469 2246 1488 2269 >›
1513 2227 1595 2272 Ubi
1613 2229 1742 2272 etiam

352 2302 532 2358 dicunt,
563 2320 582 2343 «
603 2300 720 2353 Quid
741 2300 865 2344 nobis
886 2298 1051 2359 profuit
1067 2299 1268 2358 superbia
1284 2333 1297 2352 ‚
1322 2309 1363 2342 et
1382 2298 1631 2343 divitiarum
1648 2299 1742 2358 jac-

352 2392 373 2414 »
410 2373 545 2416 tantia
568 2370 676 2431 quid
701 2370 887 2414 contulit
908 2370 1061 2415 nobis?
1076 2370 1515 2415 Transieruntomnia
1535 2378 1741 2428 tanquam

351 2462 372 2485 n
410 2443 608 2488 umbra2.
625 2462 644 2484 >³
662 2442 774 2496 Quia
795 2443 849 2486 de
872 2440 1228 2501 corruptibilibus
1242 2449 1626 2500 praesumpserunt,
1644 2455 1741 2499 spes

406 2536 414 2551 ¹
434 2528 511 2561 Psal.
534 2539 640 2569 xxxvi,
656 2527 688 2569 4.
706 2543 746 2551 --
767 2535 779 2551 ²
799 2529 872 2570 Sap.
891 2539 925 2567 v,
942 2528 973 2568 3,
993 2528 1013 2560 8
1038 2531 1071 2559 et
1087 2540 1120 2569 ς).
