1889 3285
401 234 485 276 154
820 243 854 273 s.
890 241 1120 274 mausum
1151 245 1332 273 muscom

398 321 462 356 est
481 311 682 370 vigilare?
706 311 866 370 Utique
893 325 984 355 non
1005 310 1208 354 dormire.
1239 309 1356 364 Quid
1376 318 1440 354 est
1460 309 1678 354 dormire?
1702 312 1780 354 Est

395 398 571 428 somnus
597 383 774 437 animae,
800 391 864 427 est
894 396 1071 426 somnus
1104 382 1309 441 corporis.
1344 384 1555 427 Somnum
1588 380 1780 440 corporis

395 468 544 500 omnes
574 453 976 511 (1611611111511311616
1003 468 1012 494 ε
1049 453 1152 513 quia
1183 454 1216 497 si
1248 469 1337 498 11011
1364 453 1577 497 habeatur
1604 466 1780 497 somnus

393 525 610 585 corporis,
643 525 789 569 deficit
818 525 974 577 homo,
1001 523 1148 567 deficit
1174 523 1316 583 ipsum
1344 539 1516 583 corpus.
1545 525 1644 569 Non
1664 521 1781 567 enim

390 605 534 657 potest
555 595 631 640 diu
654 596 864 640 sustinere
886 610 1042 655 corpus
1060 604 1257 639 nostrum
1275 594 1429 654 fragile
1453 595 1644 639 animam
1668 594 1782 653 vigi-

391 668 556 713 lantem
583 677 626 712 et
659 667 873 711 intentam
902 667 948 710 in
976 666 1249 711 actionibus:
1287 667 1319 710 si
1346 667 1422 710 diu
1453 666 1585 711 fuerit
1614 665 1782 710 intenta

392 738 534 783 anima
554 738 597 782 in
614 737 872 792 actionibus,
891 752 1048 797 corpus
1071 735 1223 794 fragile
1246 746 1290 781 et
1311 745 1534 781 terrenum
1550 751 1642 781 non
1662 727 1781 780 illam

392 810 507 869 capit
522 844 533 864 ,
564 824 655 853 non
675 808 795 852 illam
817 809 1000 852 sustinet
1022 817 1234 868 perpetuo
1250 818 1478 867 agentem,
1495 817 1537 853 et
1555 806 1716 863 deficit,
1741 815 1784 851 et

391 879 653 925 succumbit.
682 879 787 923 Ideo
815 882 929 923 Deus
958 878 1135 923 donavit
1156 894 1359 923 somnum
1392 878 1586 938 corpori,
1611 892 1700 937 quo
1722 892 1784 921 re-

393 959 602 1010 parantur
618 950 814 994 membra
835 949 1047 1010 corporis,
1073 958 1124 993 ut
1138 949 1304 1008 possint
1324 948 1578 1007 vigilantem
1597 947 1784 991 animam

394 1021 620 1065 sustinere.
642 1019 761 1064 Illud
779 1029 921 1064 autem
937 1035 1087 1064 cavere
1105 1019 1274 1075 demus,
1297 1034 1352 1063 ne
1364 1020 1456 1079 ipsa
1474 1018 1618 1062 anima
1639 1028 1785 1062 nostra

397 1091 584 1136 dormiat
605 1110 614 1136 :
650 1090 789 1135 malus
812 1091 928 1134 enim
949 1099 1013 1135 est
1039 1106 1215 1135 somnus
1244 1090 1414 1134 animae.
1441 1091 1587 1133 Bonus
1609 1102 1786 1132 somnus

397 1161 610 1221 corporis,
627 1177 716 1222 quo
734 1170 959 1220 reparatur
969 1161 1177 1206 valetudo
1200 1162 1407 1220 corporis.
1431 1162 1616 1205 Somnus
1638 1168 1785 1203 autem

397 1232 553 1276 animae
569 1241 632 1276 est
651 1231 844 1276 oblivisci
857 1235 997 1276 Deum
1012 1247 1155 1275 suum.
1176 1234 1477 1291 Quaecumque
1495 1230 1638 1274 anima
1653 1228 1788 1274 oblita

396 1301 528 1347 fuerit
551 1305 691 1345 Deum
709 1317 836 1345 suum
851 1336 862 1356 ,
888 1301 1065 1346 dormit.
1092 1301 1197 1346 Ideo
1224 1301 1330 1346 dicit
1350 1301 1584 1361 Apostolus
1602 1300 1788 1359 quibus-
1855 1345 1858 1347 Α

397 1371 498 1416 dam
521 1371 664 1416 oblitis
688 1374 829 1415 Deum
851 1385 1001 1424 suum,
1028 1382 1071 1414 et
1088 1381 1297 1429 tanquam
1316 1372 1363 1413 in
1384 1385 1536 1414 somno
1559 1369 1790 1428 agentibus

396 1441 682 1486 deliramenta
708 1440 892 1486 6111111133
912 1439 1147 1484 idolorum.
1176 1440 1244 1484 Sic
1268 1449 1370 1483 sunt
1397 1440 1514 1483 6111111
1541 1440 1618 1500 qui
1638 1439 1790 1484 colunt

396 1510 513 1556 idola
527 1546 539 1566 ,
560 1511 782 1572 quomodo
800 1510 876 1570 qui
892 1510 1040 1554 vident
1062 1510 1108 1552 in
1130 1509 1291 1553 somnis
1311 1525 1425 1554 vana
1445 1527 1457 1555 τ
1482 1510 1517 1553 51
1534 1519 1680 1554 31116111
1699 1509 1790 1554 evi-

398 1580 504 1639 gilet
525 1582 668 1624 anima
697 1580 913 1639 ipsorum,
953 1578 1156 1637 intelligit
1180 1595 1204 1623 a
1241 1595 1330 1638 quo
1358 1577 1472 1624 facta
1504 1589 1591 1635 est,
1629 1588 1674 1624 et
1699 1595 1790 1624 non

398 1650 501 1694 colit
526 1649 646 1710 quod
672 1650 762 1709 ipsa
789 1648 908 1693 fecit.
942 1649 1055 1693 Dicit
1089 1664 1190 1707 ergo
1220 1649 1484 1709 quibusdam
1515 1642 1748 1708 Apostolus
1774 1669 1784 1694 :

401 1739 423 1762 ι(
458 1721 611 1778 Surge,
633 1720 709 1780 qui
731 1719 914 1773 dormis,
940 1727 983 1762 et
1006 1734 1165 1778 exurge
1188 1736 1212 1764 a
1233 1719 1415 1764 mortuis
1431 1740 1442 1777 3
1460 1728 1504 1764 et
1525 1718 1790 1763 illuminabit

399 1809 421 1833 »
456 1799 499 1834 te
523 1788 763 1835 Christus1.
787 1790 1047 1849 »Numquid
1072 1805 1252 1849 corpore
1266 1789 1556 1834 dormientem
1573 1790 1790 1835 excitabat

397 1860 661 1921 Apostolus?
690 1859 775 1905 Sed
802 1860 1017 1905 excitabat
1041 1861 1232 1905 animam
1260 1861 1578 1918 dormientem,
1609 1861 1789 1921 quando

398 1931 454 1975 ad
484 1931 567 1975 'noc
589 1945 686 1974 eam
714 1930 949 1986 excitabat,
981 1940 1032 1975 ut
1052 1930 1373 1975 illuminaretur
1400 1947 1425 1975 a
1454 1931 1642 1976 Christo.
1671 1933 1789 1990 Ergo

398 2000 639 2045 secundum
661 2001 771 2059 ipsas
791 1999 955 2058 vigilias
973 2000 1079 2044 dicit
1096 2001 1175 2044 iste
1198 2020 1206 2045 :
1237 2019 1257 2043 «
1283 2003 1414 2056 Deus,
1435 2004 1550 2044 Deus
1568 2015 1713 2056 meus,
1733 2001 1790 2045 ad

402 2089 424 2113 »
458 2080 501 2115 te
521 2070 575 2115 de
598 2073 694 2116 luce
714 2070 862 2130 vigilo.
892 2089 912 2113 »
941 2073 1040 2117 Non
1066 2071 1183 2115 enim
1204 2071 1401 2130 vigilares
1428 2071 1474 2114 in
1496 2080 1561 2125 te,
1596 2071 1676 2116 nisi
1697 2072 1788 2116 ori-
1848 2088 1851 2096 ¹

398 2151 518 2186 retur
537 2141 613 2186 lux
634 2151 709 2187 tua
727 2177 737 2198 ,
764 2158 863 2203 quae
883 2151 923 2186 te
939 2142 994 2186 de
1015 2158 1167 2187 somno
1188 2143 1407 2186 excitaret.
1430 2141 1655 2187 Illuminat
1670 2143 1787 2187 enim

400 2213 563 2256 animas
597 2213 793 2258 Christus
811 2249 821 2267 ,
852 2223 895 2257 et
924 2212 1026 2258 facit
1050 2229 1118 2258 eas
1145 2213 1353 2272 vigilare:
1385 2214 1418 2258 si
1453 2223 1601 2258 autem
1632 2213 1787 2262 lumen

399 2297 526 2327 suum
545 2282 766 2337 detrahat,
793 2282 1091 2327 obdormiunt.
1110 2282 1217 2327 Ideo
1238 2283 1355 2328 enim
1374 2283 1437 2328 illi
1455 2283 1614 2328 dicitur
1635 2284 1682 2328 111
1700 2283 1786 2328 3110

398 2353 568 2397 Psalmo
589 2372 597 2396 :
617 2372 636 2394 «
657 2352 861 2397 Illumina
883 2353 1030 2398 oculos
1048 2368 1188 2408 meos,
1214 2368 1268 2397 ne
1290 2368 1486 2412 unquam
1510 2352 1786 2398 obdormiam

401 2439 423 2463 »
457 2423 503 2466 in
523 2425 705 2466 morte2.
725 2441 743 2464 n
764 2426 852 2467 Aut
868 2423 902 2467 si
923 2423 978 2467 ab
998 2422 1074 2467 illo
1097 2439 1255 2467 aversae
1277 2422 1576 2477 obdormiunt,
1597 2436 1785 2482 prae'sens
1846 2462 1849 2482 a

397 2501 461 2537 est
484 2492 567 2537 illis
593 2492 766 2547 lumen,
798 2502 842 2537 et
869 2508 959 2538 non
991 2503 1173 2552 possunt
1204 2493 1372 2548 videre,
1406 2494 1509 2554 quia
1536 2493 1777 2541 dormiunt.

449 2584 458 2599 ¹
479 2577 535 2619 Ep}
554 2588 597 2609 65.
618 2589 651 2617 v,
675 2577 725 2618 14.
746 2594 786 2599 —
807 2584 820 2600 ²
846 2576 924 2609 Psal.
946 2577 1057 2618 4111,4.
