1889 3285
412 251 466 289 56
845 256 879 285 s.
915 256 1145 286 Auctis‘nm
1177 257 1358 284 m’lscopl

409 325 495 372 Sed
517 339 617 383 ego,
643 324 806 384 inquit,
833 339 922 368 non
956 323 1124 367 aedifico
1160 338 1290 382 super
1327 334 1517 365 arenam.
1549 316 1727 364 Nudum
1748 326 1792 362 te
1852 305 1854 311 ’

408 398 665 440 inventurus
693 404 756 438 est
788 395 946 439 fluvius
973 413 980 438 :
1009 392 1225 453 numquid
1256 391 1355 436 ideo
1377 400 1420 435 te
1443 405 1532 434 non
1569 388 1793 433 ablaturus

407 468 503 511 est?
539 464 755 524 numquid
785 463 883 508 ideo
913 463 1061 523 pluvia
1091 478 1181 507 non
1208 461 1412 506 necabit?
1434 458 1652 519 numquid
1671 457 1793 502 venti

405 545 637 597 propterea
673 550 763 578 non
790 534 1036 593 abripient?
1070 536 1185 591 Ergo
1212 532 1385 576 veniam
1407 539 1450 574 et
1478 528 1669 573 audiam.
1710 526 1795 572 Sed
1854 559 1856 563 -

407 622 510 651 cum
531 605 715 649 audieris
733 639 743 659 ,
764 604 847 648 fac.
868 607 976 649 Nam
1002 605 1034 647 si
1059 602 1244 647 audieris
1261 637 1272 656 ‚
1297 611 1340 646 et
1358 616 1446 645 non
1470 599 1635 651 seceris,
1662 597 1796 641 aedifi-

407 677 514 721 casti
535 675 712 735 quidem
727 710 737 730 ‚
775 673 849 719 sed
876 689 1003 733 super
1031 688 1219 717 arenam.
1246 672 1354 725 Quia
1372 686 1475 729 ergo
1498 669 1589 714 sine
1611 668 1795 713 aedificio

408 745 632 791 constituti
666 744 773 788 nudi
804 759 977 799 sumus,
1018 743 1063 786 in
1094 742 1278 786 aedificio
1302 751 1448 786 autem
1470 755 1600 800 super
1622 753 1796 783 arenam
1855 760 1859 800 3

409 818 551 877 posito
580 817 661 860 sub
690 816 813 859 ruina
831 829 979 858 sumus
1002 834 1010 859 :
1039 823 1170 858 restat
1192 823 1243 858 ut
1264 829 1393 874 super
1413 821 1582 873 petram
1605 809 1796 854 aedifice-
1856 807 1858 811 '

411 903 506 932 mus
525 923 536 943 ⁷
562 897 604 931 et
625 885 746 947 quod
768 885 1014 931 audivimus
1037 883 1257 929 faciamus.

421 1070 525 1086 ἊΨΚΜ
531 1070 594 1085 xm
601 1068 877 1084 Qmswum-Wssoemx
882 1058 1801 1083 mmmmmtmwwmwuwwmwwmw
1858 1057 1861 1072 ἶ

873 1172 1269 1239 Ε’ΝΑΒΒΑΤΙΟ
1307 1192 1326 1234 1

788 1347 847 1384 IN
886 1345 1199 1385 PSALMUM
1240 1343 1416 1381 LVIII.

989 1486 1163 1523 SERMO
1193 1486 1222 1520 I.

822 1635 877 1672 De
896 1629 1032 1688 prima
1054 1637 1176 1688 parte
1200 1626 1401 1672 Psalmi¹.

479 1780 513 1820 I.
539 1778 663 1819 Smm
685 1774 793 1819 solet
824 1774 1041 1833 Scriptura
1067 1774 1336 1817 psalmorum
1365 1773 1569 1830 mysteria
1595 1773 1639 1816 in
1671 1771 1807 1816 titulis

419 1851 621 1907 ponere'2‚
647 1855 688 1889 et
706 1846 893 1889 frontem
920 1844 1074 1888 Psalmi
1100 1843 1366 1887 sublimitate
1389 1843 1643 1888 sacramenti
1673 1842 1806 1887 deco-

419 1932 527 1971 rare,
545 1925 594 1960 ut
617 1916 799 1959 sciamus
811 1915 887 1974 qui
904 1915 1105 1957 intraturi
1127 1929 1298 1969 sumus,
1322 1929 1422 1957 cum
1444 1924 1655 1974 tanquam
1678 1927 1808 1972 super

419 1996 587 2046 postem
606 1984 713 2044 quid
734 1986 849 2028 intus
872 1993 1023 2042 agatur
1040 1983 1294 2041 legerimus,
1319 1983 1387 2027 vel
1412 1985 1535 2044 cujus
1558 1982 1712 2027 domus
1735 1983 1804 2037 sit,

419 2056 489 2101 vel
511 2056 708 2115 quisnam
721 2054 773 2097 sit
787 2053 899 2097 illius
915 2053 1064 2112 praedii
1083 2069 1319 2112 possessor:
1338 2054 1396 2098 ita
1414 2063 1456 2097 et
1474 2054 1518 2097 in
1537 2054 1620 2097 hoc
1638 2052 1808 2097 Psalmo
1862 2065 1866 2095 ῑ

421 2126 607 2184 scriptus
631 2134 693 2168 est
716 2124 868 2167 titulus
891 2123 945 2167 de
968 2122 1110 2167 titulo.
1136 2123 1279 2168 Habet
1297 2124 1413 2167 enim
1434 2143 1442 2168 ε
1468 2142 1487 2165 «
1510 2126 1561 2167 In
1584 2124 1733 2178 finem,
1754 2138 1809 2166 ne

424 2216 444 2238 »
479 2210 729 2253 corrumpas
751 2194 830 2253 ipsi
853 2193 989 2237 David
1003 2194 1048 2237 in
1065 2193 1182 2237 tituli
1204 2194 1571 2253 inscriptionem?
1592 2212 1611 2233 »
1629 2196 1722 2238 Hoc
1746 2201 1810 2236 est

422 2265 542 2327 quod
565 2265 672 2319 dixi,
698 2263 850 2308 titulus
869 2263 922 2307 de
938 2262 1081 2307 titulo.
1107 2266 1317 2316 Quaenam
1334 2263 1448 2307 enim
1467 2263 1520 2307 sit
1542 2262 1657 2306 tituli
1680 2264 1809 2323 hujus
1863 2302 1866 2316 ,

422 2336 668 2393 inscriptio,
695 2349 825 2393 quam
856 2334 1076 2392 corrumpi
1106 2342 1249 2386 vetat,
1280 2332 1567 2389 Evangelium
1593 2333 1717 2376 nobis
1741 2333 1810 2375 in·
1863 2373 1865 2391 ἶ

424 2405 554 2449 dicat.
576 2407 685 2448 Nam
704 2419 803 2447 cum
824 2403 1030 2447 Dominus
1048 2403 1386 2460 crucifigeretur,
1407 2401 1559 2445 titulus
1580 2402 1808 2462 inscriptus
1863 2404 1866 2443 ὲ

473 2518 480 2533 ¹
505 2510 643 2542 Habitus
664 2514 734 2552 post
753 2514 952 2551 compertum
974 2508 1090 2549 Pelagii
1110 2519 1260 2539 errorem.
1282 2525 1323 2530 -—-
1349 2515 1361 2530 ²
1382 2508 1458 2539 Vide
1486 2510 1522 2539 D.
1554 2508 1700 2549 Gnillon,
1728 2512 1805 2540 toni.

428 2578 491 2607 xxi,
516 2565 768 2609 pag.:325>:'›129.
788 2581 826 2586 ν-
849 2563 860 2587 3
887 2563 964 2596 Psnl,
984 2575 1069 2603 ivm,
1096 2576 1122 2595 1.
