1889 3285
346 255 588 285 ENARRA‘mo
619 259 665 285 IN
700 258 903 287 PsALMUM
934 260 1072 286 Lxxn.
1343 248 1422 287 451

41 331 126 366 stat
141 322 248 366 mihi
261 323 308 366 in
324 321 432 367 facie
448 337 598 367 murus
617 324 797 384 quidam
815 343 823 369 z
842 324 918 369 sed
938 324 1071 368 habes
1084 338 1234 369 vocem
1252 324 1425 379 Psalmi,

45 409 68 434 »
111 394 165 436 In
205 395 297 438 Deo
336 407 435 437 meo
475 393 763 451 transgrediar
803 396 1027 440 murum1.
1069 397 1163 439 Hoc
1202 393 1327 440 labor
1367 401 1431 439 est

46 480 69 505 »
103 471 206 507 ante
226 478 312 508 me.
340 481 361 505 ³)

99 535 266 578 XXIII.
287 535 451 578 Verum
471 533 577 579 dicis
604 555 612 580 ε
630 536 772 581 Labor
786 546 850 581 est
867 545 966 580 ante
978 544 1045 594 te3
1074 534 1150 579 sed
1169 544 1268 579 ante
1289 537 1430 579 Deum

43 613 134 647 non
154 612 218 647 est
233 603 358 648 labor
383 622 393 648 ε
418 602 486 648 iac
502 614 544 649 te
561 614 661 649 ante
678 605 817 650 Deum
834 607 910 650 ubi
931 621 1022 650 non
1043 614 1107 650 est
1127 605 1267 660 labor,
1287 614 1331 649 et
1351 620 1432 649 nec

44 673 125 718 t-ibi
158 674 239 718 erit
267 673 407 718 labor.
447 677 504 718 Et
536 673 638 720 fecit
664 676 777 733 hoc3
810 690 912 720 nam
939 675 1045 720 dicit
1075 674 1274 736 quandiu
1308 673 1433 718 labor

45 753 147 789 ante
167 759 211 789 se
232 763 242 789 ι
271 763 289 785 <t
311 748 459 789 Donec
480 745 693 790 introeam
714 748 761 791 in
782 746 1076 791 sanctuarium
1099 746 1191 801 Dei,
1217 754 1260 789 et
1277 743 1436 788 intelli-

48 832 71 857 »
105 830 204 874 gam
224 815 272 859 in
291 815 593 861 novissima2.»
605 820 764 877 Magna
777 833 858 873 res,
875 818 1044 861 fratres.
1061 819 1085 861 J
1089 832 1156 862 am
1171 816 1246 860 diu
1262 815 1431 871 laboro,

45 885 205 946 inquit,
240 895 284 932 et
317 895 417 931 ante
445 885 603 931 faciem
638 903 778 931 meam
807 887 1005 932 laborem
1046 886 1281 948 quemdam
1313 886 1436 947 quasi

46 955 391 1003 inextricabilem
421 957 578 1012 video,
608 967 659 1001 ut
690 973 948 1016 cognoscam
982 956 1204 1017 quomodo
1236 966 1279 1000 et
1294 957 1437 1017 justus

47 1030 102 1075 sit
122 1033 252 1083 Deus,
278 1039 322 1073 et
351 1044 416 1072 res
436 1029 649 1072 humanas
671 1038 794 1073 curet
808 1063 819 1083 ,
844 1039 888 1073 et
909 1044 998 1072 non
1021 1029 1076 1073 sit
1091 1028 1267 1088 iniquus
1283 1062 1293 1082 ,
1318 1027 1440 1088 quod

47 1108 276 1160 peccantes
304 1107 347 1142 et
379 1096 539 1142 scelera
567 1096 776 1142 facientes
810 1097 1064 1142 felicitatem
1100 1098 1267 1141 habent
1290 1097 1337 1140 in
1356 1097 1438 1142 hac

48 1179 179 1222 terra,
205 1169 266 1229 pii
288 1184 393 1213 vero
413 1178 456 1211 et
477 1171 568 1212 Deo
589 1168 822 1212 servientes
841 1168 887 1211 in
914 1167 1228 1212 tentationibus
1244 1166 1438 1226 plerum-

50 1255 138 1300 que
159 1248 203 1284 et
228 1239 275 1282 in
300 1237 525 1282 laboribus
545 1238 785 1296 fatigantur
807 1257 815 1282 :
838 1253 996 1296 magna
1014 1236 1247 1282 difficultas
1271 1246 1335 1281 est
1356 1237 1439 1282 hoc

51 1311 176 1366 scire,
200 1308 276 1354 sed
298 1311 475 1353 «Donec
489 1308 703 1352 introeam
722 1308 768 1351 in
785 1309 1080 1353 sanctuarium
1098 1308 1221 1352 Dei.»
1243 1311 1295 1352 In
1317 1323 1442 1352 sanc-

52 1380 192 1425 tuario
215 1379 332 1423 enim
354 1378 431 1422 Dei
442 1376 551 1437 quid
564 1378 645 1421 tibi
659 1387 905 1437 praestatur,
935 1388 985 1422 ut
1001 1379 1113 1422 hanc
1135 1377 1272 1422 solvas
1294 1393 1439 1438 quaes-

53 1452 245 1497 tionem?
266 1469 282 1491 «
316 1452 374 1494 Et
391 1447 632 1507 intelligam
649 1483 660 1503 ,
686 1449 849 1509 inquit,
879 1450 924 1492 in
946 1449 1203 1493 novissima:
1231 1467 1252 1490 »
1283 1465 1374 1494 non
1393 1449 1440 1494 in

49 1520 293 1582 praesentia.
313 1522 425 1579 Ego,
448 1518 608 1578 inquit,
628 1517 683 1562 de
703 1519 948 1563 sanctuario
966 1519 1044 1563 Dei
1060 1518 1242 1563 intendo
1263 1518 1441 1564 oculum

50 1594 98 1638 in
117 1593 276 1647 finem,
299 1590 527 1651 praesentia
549 1590 855 1649 transgredior.
879 1593 1038 1635 Totum
1058 1591 1144 1635 hoc
1167 1592 1288 1650 quod
1307 1606 1441 1635 voca-

49 1673 124 1709 tur
143 1664 387 1707 humanum
409 1675 544 1719 genus
561 1695 572 1716 ,
603 1661 745 1705 omnis
765 1661 849 1705 ista·
868 1676 1004 1704 massa
1037 1660 1312 1705 mortalitatis
1333 1677 1440 1706 ven-

50 1743 149 1778 tura
171 1722 236 1777 est
256 1732 311 1776 ad
333 1740 529 1785 examen,
553 1739 737 1775 ventura
767 1739 831 1774 est
853 1730 907 1774 ad
940 1730 1113 1785 libram,
1135 1732 1440 1790 appendentur

51 1805 115 1849 ibi
147 1819 278 1863 opera
308 1802 553 1846 hominum.
586 1802 755 1845 Cuncta
784 1800 915 1845 modo
943 1801 1083 1845 nubes
1119 1801 1301 1846 involvit
1328 1822 1336 1846 z
1362 1804 1440 1847 sed

51 1878 143 1920 Deo
185 1872 358 1932 cognita
388 1880 489 1916 sunt
519 1870 674 1914 merita
710 1870 996 1929 singulorum.
1032 1890 1052 1913 «
1082 1873 1140 1915 Et
1170 1871 1435 1930 intelligam,

55 1963 78 1987 »
110 1944 283 2005 inquit,
317 1943 363 1986 in
382 1941 614 1986 novissima
640 1960 648 1985 z
676 1958 697 1982 »
722 1940 798 1984 sed
831 1956 920 1985 non
943 1956 967 1984 a
999 1956 1095 1999 me5
1122 1956 1224 1985 nam
1245 1951 1345 1986 ante
1368 1958 1439 1987 me

52 2014 177 2060 labor
206 2022 284 2058 est.
322 2012 448 2057 Unde
471 2030 492 2053 «
519 2009 764 2069 Intelligam
797 2010 842 2054 in
872 2010 1135 2055 novissima?
1159 2029 1179 2053 »
1206 2014 1370 2056 Intrem
1392 2013 1439 2057 in

53 2084 350 2130 sanctuarium
381 2082 474 2128 Dei.
499 2081 568 2126 Ibi
596 2095 698 2139 ergo
721 2079 936 2125 intellexit
950 2116 961 2137 ,
998 2090 1043 2125 et
1062 2080 1181 2126 unde
1215 2082 1347 2128 modo
1368 2083 1459 2128 isti-

55 2156 216 2201 felices.
276 2167 281 2170 “

113 2228 278 2272 XXIV.
323 2243 344 2267 «
381 2226 694 2269 Verumtamen
729 2231 908 2282 propter
945 2220 1217 2266 dolositatem
1260 2225 1440 2282 posuisti

59 2315 85 2340 π
115 2297 220 2341 eis³.
246 2316 263 2337 »
294 2295 413 2348 Quia·
427 2293 566 2338 dolosi
586 2301 703 2348 sunt,
733 2292 780 2336 id
807 2301 887 2347 est,
920 2290 1215 2350 fraudulenti3
1234 2294 1336 2353 quia
1355 2293 1437 2339 do—

55 2367 137 2422 losi
154 2375 271 2420 sunt,
297 2363 419 2408 dolos
439 2363 682 2422 patiuntur.
709 2361 826 2415 Quid
847 2370 910 2405 est
926 2361 1027 2416 hoc,
1050 2361 1152 2421 quia
1171 2360 1440 2408 fraudulenti

58 2445 175 2490 sunt,
205 2433 404 2478 fraudem
425 2433 681 2492 patiuntur?
703 2431 921 2476 Fraudem
943 2430 1098 2475 volunt
1118 2431 1260 2476 facere
1291 2435 1437 2491 generi

59 2508 253 2552 humano
279 2506 327 2549 in
353 2503 554 2548 omnibus
582 2503 785 2563 nequitiis
817 2503 928 2556 suis,
958 2500 1158 2546 fraudem
1185 2512 1228 2546 et
1258 2504 1338 2562 ipsi
1360 2520 1438 2564 pa-

108 2598 118 2614 1
140 2590 220 2622 Psal.
240 2601 316 2630 xvu,
335 2589 390 2621 30,
409 2604 450 2610 —
468 2594 481 2610 ²
498 2587 546 2619 Id.
566 2598 667 2628 Lxxn,
689 2597 739 2628 17.
758 2603 800 2608 —
820 2584 832 2608 3
851 2586 934 2618 Ibid.
956 2586 1010 2618 18.

1212 2638 1278 2679 29.
