1889 3285
430 282 671 314 ENARnAno
703 287 749 314 m
780 284 982 315 PsALMUM
1014 287 1121 315 mm.
1375 274 1456 315 153

56 355 186 396 ·Item
210 351 339 396 dicit:
361 369 380 393 «
399 351 509 405 Quia
532 360 655 396 vetus
677 352 809 396 homo
826 361 972 396 noster
994 352 1122 396 simul
1141 351 1372 397 crucifixus
1394 360 1459 397 est

78 440 100 463 »
135 437 234 466 cum
260 420 361 476 illo,
386 430 436 466 ut
457 431 738 466 evacuaretur
766 437 922 482 corpus
949 421 1158 481 peccati¹.
1189 439 1210 462 »
1237 423 1279 466 Si
1296 437 1396 480 ergo
1413 423 1460 466 in

74 491 150 536 illo
172 492 331 535 mortui
352 507 501 536 sumus
520 527 530 546 ,
552 491 599 535 in
616 491 692 535 illo
714 492 841 535 etiam
865 492 1187 536 resurreximus.
1213 492 1329 536 Dixit
1343 492 1460 535 enim

75 562 165 622 ipse
184 561 440 621 Apostolus:
462 581 481 603 «
502 562 544 606 Si
565 571 711 605 autem
732 562 1015 606 resurrexistis
1033 577 1134 606 cum
1151 562 1339 617 Christo,
1361 577 1460 622 quae

77 649 99 674 »
133 647 304 676 sursum
335 641 436 677 sunt
465 633 625 692 sapite,
655 648 754 692 quae
787 648 957 677 sursum
996 641 1098 676 sunt
1134 633 1342 692 quaerite,
1383 632 1461 676 ubi

77 719 98 743 ³)
134 702 328 746 Christus
362 712 425 747 est
453 702 499 745 in
535 702 709 746 dextera
736 704 813 747 Dei
839 703 992 747 sedens
1006 707 1038 746 ².
1063 721 1083 744 >›
1114 704 1157 748 Si
1184 718 1287 761 ergo
1312 702 1357 745 in
1386 701 1462 746 illo

73 773 236 816 mortui
265 788 414 817 sumus
443 782 486 817 et
511 773 557 817 in
578 772 653 817 illo
687 774 1017 829 resurreximus,
1054 783 1097 818 et
1128 773 1219 833 ipse
1251 773 1298 816 in
1335 772 1462 816 nobis

74 842 258 887 moritur
275 852 318 887 et
346 843 393 886 in
421 843 549 887 nobis
571 844 781 902 resurgit,
811 845 901 904 ipse
924 853 988 888 est
1010 843 1127 887 enim
1151 844 1290 888 unitas
1313 843 1463 902 capitis

74 921 118 957 et
138 912 358 972 corporis3
382 928 471 957 non
483 913 699 958 immerito
720 929 805 959 vox
828 914 960 973 ipsius
983 914 1113 959 etiam
1136 923 1284 958 nostra
1307 922 1395 968 est,
1421 921 1464 956 ct

73 997 156 1027 vox
175 992 321 1026 nostra
344 983 472 1026 etiam
500 983 633 1042 ipsius
656 992 734 1027 est.
765 983 1005 1027 Audiamus
1034 998 1135 1041 ergo
1152 982 1396 1038 Psalmum,
1421 990 1464 1027 et

73 1052 119 1096 in
136 1068 187 1096 eo
208 1053 430 1098 Christum
450 1052 705 1112 loquentem
727 1052 1036 1111 intelligamus.

133 1124 214 1166 ΙΙΙ.
255 1122 448 1166 Titulum
475 1122 609 1168 habet
636 1123 716 1167 iste
750 1122 945 1167 Psalmus
973 1143 982 1167 :
1014 1123 1140 1183 «Ipsi
1174 1122 1333 1177 David,
1361 1137 1462 1166 cum

75 1210 98 1235 »
132 1202 242 1237 esset
259 1193 305 1236 in
323 1192 492 1238 deserto
509 1193 756 1238 Idumaeaess.
777 1213 797 1235 »
822 1198 904 1238 Per
922 1193 1129 1238 Idumaeae
1151 1209 1314 1239 nomen
1335 1193 1462 1238 intel-

73 1262 224 1322 ligitur
243 1264 453 1308 saeeulum
486 1265 618 1309 istud.
644 1264 838 1308 Idumaea
867 1265 983 1308 enim
1010 1280 1113 1324 gens
1148 1274 1239 1308 erat
1260 1263 1463 1324 quaedam

74 1334 313 1377 errantium
334 1335 586 1390 hominum,
606 1335 685 1379 ubi
705 1334 821 1379 idola
839 1334 1139 1379 colebantur&
1155 1337 1254 1379 Non
1275 1335 1321 1378 in
1344 1335 1463 1378 bono

74 1403 252 1463 ponitur
275 1402 468 1447 Idumaea
490 1403 585 1446 ista.
615 1403 658 1447 Si
675 1418 765 1446 non
787 1403 832 1445 in
855 1403 971 1447 bono
994 1404 1189 1462 ponitur,
1214 1403 1465 1461 intelligenm

75 1473 182 1518 (lum
204 1483 268 1519 est
288 1474 414 1518 istam
438 1473 571 1517 vitam
587 1508 598 1528 ,
624 1473 703 1517 ubi
736 1473 928 1532 patimur
959 1483 1101 1518 tantos
1130 1474 1300 1518 labores
1324 1483 1367 1518 et
1388 1475 1467 1518 ubi

73 1545 204 1590 tantis
222 1545 545 1591 necessitatibus
563 1543 727 1588 subditi
739 1559 903 1598 sumus,
923 1544 1129 1588 Idumaeae
1147 1545 1325 1589 nomine
1339 1545 1468 1603 signi-

75 1615 209 1659 ficari.
235 1618 293 1659 Et
314 1614 385 1659 hic
403 1623 465 1658 est
479 1613 698 1659 desertum
719 1612 794 1657 ubi
816 1612 1007 1657 multum
1029 1614 1190 1669 sititur,
1212 1623 1255 1657 et
1277 1613 1469 1658 audituri

76 1685 173 1729 estis
195 1700 346 1729 vocem
366 1684 499 1729 modo
519 1684 697 1728 sitientis
718 1684 764 1728 in
781 1681 967 1727 deserto.
993 1684 1035 1727 Si
1059 1692 1203 1726 autem
1226 1699 1465 1742 cognosca-

7 1770 10 1780 ·
76 1769 172 1798 mus
189 1769 268 1799 nos
289 1754 495 1808 sitientes,
521 1767 834 1811 cognoscemus
856 1768 934 1796 nos
956 1761 1000 1795 ct
1022 1752 1240 1796 bibentes.
1260 1753 1371 1805 Quia
1393 1753 1471 1814 qui

76 1824 165 1868 sitit
186 1824 232 1867 in
253 1824 336 1868 isto
357 1823 515 1867 saeculo
531 1858 541 1878 ,
568 1824 615 1866 in
636 1822 787 1868 futuro
822 1821 981 1866 saeculo
1013 1822 1239 1866 satiabitur
1252 1857 1263 1877 ,
1298 1822 1471 1868 dicente

8 1890 11 1917 ;
77 1895 265 1940 Domino
294 1913 304 1939 ε
333 1913 354 1936 «
381 1894 501 1938 Beati
528 1894 605 1954 qui
628 1893 826 1938 esuriunt
855 1902 899 1937 et
920 1893 1072 1937 sitiunt
1096 1893 1330 1953 justitiam,
1365 1894 1469 1954 quia

79 1983 101 2007 ³>
135 1965 215 2025 ipsi
236 1964 550 2008 saturabuntur
565 1967 595 2008 ⁵.
616 1983 636 2005 »
655 1968 772 2023 Ergo
791 1964 838 2007 in
859 1964 942 2008 hoc
964 1962 1123 2008 saeculo
1146 1979 1235 2007 non
1253 1963 1465 2009 debemus

77 2035 200 2095 quasi
213 2050 356 2079 amare
377 2035 582 2092 saginam.
601 2035 682 2078 Hic
694 2032 929 2078 sitiendum
947 2043 1025 2089 est,
1044 2033 1144 2077 alibi
1157 2033 1466 2092 saginabimur.

10 2148 12 2152 ,
78 2103 213 2150 Modo
234 2113 380 2148 autem
408 2113 458 2148 ut
485 2119 575 2148 non
607 2102 859 2148 deficiamus
880 2104 926 2146 in
954 2103 1036 2147 isto
1056 2103 1225 2147 deserto
1246 2138 1256 2158 ,
1288 2104 1473 2162 aspergit

80 2174 204 2219 nobis
221 2189 363 2218 rorem
379 2173 503 2218 verbi
523 2173 603 2228 sui,
619 2182 660 2216 et
673 2189 763 2217 non
777 2188 854 2217 nos
877 2172 1060 2217 dimittit
1075 2188 1248 2232 prorsus
1262 2188 1469 2229 arescere,

80 2253 131 2288 ut
147 2259 236 2288 non
253 2245 306 2287 sit
327 2244 382 2287 de
403 2243 526 2288 nobis
545 2243 744 2302 repetitio
760 2278 770 2297 ,
793 2242 869 2286 sed
887 2252 935 2286 ut
951 2242 1010 2287 sic
1033 2242 1227 2286 sitiamus
1243 2278 1254 2298 ‚
1274 2253 1324 2287 ut
1341 2243 1472 2287 biba-

81 2329 192 2358 mus.
227 2316 284 2358 Ut
307 2322 452 2357 autem
475 2313 697 2366 bibamus,
724 2311 869 2372 aliqua
892 2313 1025 2371 gratia
1048 2314 1137 2373 ejus
1165 2313 1435 2372 aspergimur
1459 2333 1467 2359 :

83 2391 227 2427 tamen
248 2382 428 2427 sitimus.
454 2385 512 2426 Et
533 2382 640 2443 quid
661 2381 766 2426 dicit
789 2383 931 2426 anima
954 2392 1102 2427 nostra
1124 2384 1250 2427 Deo?

142 2456 219 2497 IV.
249 2472 269 2495 «
289 2455 403 2497 Deus
420 2487 431 2507 ,
456 2456 571 2496 Deus
593 2467 715 2496 meus
732 2488 743 2509 ,
770 2453 825 2496 ad
842 2462 884 2496 te
907 2452 960 2497 de
981 2452 1080 2498 luce
1101 2453 1275 2512 vigilofi.
1304 2471 1324 2495 »
1350 2452 1467 2506 Quid

134 2548 143 2565 ¹
159 2551 250 2581 Rom.
270 2560 312 2590 vi,
331 2549 364 2580 6.
384 2565 426 2571 —-
440 2555 453 2572 ²
473 2548 592 2581 Coloss.
613 2560 662 2589 111,
681 2560 710 2582 1.
735 2566 776 2572 -
797 2547 810 2572 3
826 2549 903 2581 Psal.
921 2560 995 2591 an,
1018 2561 1047 2581 τ.
1071 2567 1112 2572 -
1129 2548 1144 2579 4
1158 2562 1168 2581 1
1188 2552 1267 2592 Reg-
1290 2560 1354 2590 xxi,
1380 2559 1412 2590 9.
1427 2564 1469 2573 —·

89 2603 230 2639 SMatth.
249 2616 280 2646 v,
302 2605 332 2636 6,
352 2622 391 2627 -
418 2603 433 2626 ‘3
449 2604 527 2637 Psal.
548 2616 624 2643 mxu,
644 2614 674 2637 2.
961 2600 967 2605 ’
