1889 3285
414 246 470 286 44
852 255 886 283 s.
922 254 1152 284 Ancus-nm
1184 256 1367 283 Enscom

410 325 507 368 Non
542 336 691 382 qnfero
722 330 868 366 utrum
908 336 1022 365 verae
1059 336 1115 364 an
1152 319 1298 377 falsae,
1334 327 1599 380 sequestrata
1635 317 1709 362 illa
1742 317 1796 362 sit

408 394 605 454 quaestio,
631 394 664 437 si
687 392 829 438 adhuc
851 392 1032 453 quaestio
1050 401 1112 436 est
1128 411 1136 436 ε
1152 392 1325 436 interim
1347 391 1590 436 secundum
1606 400 1648 435 te
1661 388 1795 435 modo

407 464 650 521 interrogo:
676 466 799 507 Verae
827 462 941 521 leges
964 471 1088 516 sunt,
1110 478 1165 506 an
1187 462 1306 506 falsae
1328 461 1444 521 leges
1466 464 1597 507 sunt?
1618 462 1661 506 Si
1682 476 1796 505 verae

406 543 523 589 sunt,
550 535 752 578 credatur
767 535 824 578 eis
848 553 856 578 :
881 534 914 577 si
937 532 1052 577 falsae
1076 540 1199 587 sunt,
1224 549 1360 594 quare
1382 534 1514 576 uteris
1539 533 1626 577 eis?
1645 531 1796 576 Dixisti

405 605 675 666 proconsuli:
691 605 940 650 Catliolieus
962 620 1074 659 sum,
1100 603 1284 648 exclude
1301 605 1571 649 haereticum.
1590 603 1796 657 Quaesivit

405 676 478 719 ille
495 675 611 720 unde
626 676 885 735 probaretur
898 675 1149 719 haereticus:
1168 674 1385 734 protulisti
1399 674 1630 719 concilium
1649 683 1792 726 tuum,

404 746 625 791 ostendisti
648 747 767 806 quod
797 761 897 789 enm
930 745 1214 789 damnaveris.
1247 745 1326 789 Ille
1353 744 1423 789 vel
1444 745 1701 798 connivens,
1727 743 1797 787 vel

404 833 493 861 non
515 816 782 876 intelligens,
808 832 908 860 usus
927 826 1072 860 tamen
1091 825 1154 860 est
1175 816 1269 874 lege
1291 817 1401 860 sicut
1416 817 1554 876 judex
1572 835 1579 860 :
1597 825 1641 859 et
1660 815 1797 859 fecisti

404 887 458 931 de
473 886 621 947 judice
639 886 758 947 quod
775 886 829 931 de
852 896 894 931 te
913 903 1002 931 non
1021 888 1082 931 vis
1106 885 1262 931 facere.
1282 887 1323 931 Si
1342 888 1456 930 enim
1465 885 1599 946 judex
1617 901 1719 929 usus
1734 894 1797 929 est

405 957 500 1017 lege
533 959 801 1018 imperatoris
836 959 891 1002 ad
919 968 1039 1002 tuam
1072 959 1414 1018 suggestionem,
1441 973 1518 1002 cur
1551 973 1600 1000 ea
1628 966 1678 1001 tu
1707 971 1797 1000 non
1861 990 1864 1003 .

405 1029 538 1072 uteris
559 1029 614 1072 ad
629 1038 747 1072 tuam
772 1029 1111 1072 correctionem?
1126 1032 1237 1073 Ecce
1255 1029 1380 1088 ejecit
1397 1028 1654 1072 haereticum
1670 1036 1797 1070 tuum

405 1114 457 1143 ex
484 1098 579 1157 lege
603 1100 870 1158 imperatoris
892 1100 956 1143 sui
982 1116 989 1140 :
1021 1115 1154 1160 quare
1185 1108 1228 1142 te
1252 1114 1301 1142 ex
1331 1098 1483 1143 eadem
1506 1098 1602 1157 lege
1624 1113 1715 1141 non
1734 1097 1797 1142 vis

406 1179 456 1214 ut
480 1170 643 1229 ejiciat?
665 1170 940 1229 Replicamus
959 1171 1079 1230 quod
1102 1169 1260 1213 fecistis
1287 1189 1295 1213 :
1330 1172 1441 1213 Ecce
1463 1169 1652 1212 basilicae
1675 1177 1801 1212 tene-

407 1241 566 1284 bantur
595 1256 617 1283 a
651 1241 996 1295 Maximianistis,
1024 1240 1155 1285 modo
1178 1257 1200 1284 a
1231 1241 1352 1284 vobis
1381 1249 1615 1297 tenentur,
1641 1238 1801 1284 exclusi

405 1326 456 1353 ex
477 1311 535 1355 eis
556 1311 885 1354 Maximianistae
910 1331 918 1355 :
946 1320 1092 1354 extant
1120 1311 1334 1370 jussiones
1357 1309 1671 1370 proconsulum
1689 1345 1699 1365 ,
1725 1325 1799 1353 ex-

406 1390 501 1425 tant
516 1382 734 1425 memoriae
750 1383 996 1433 Gestorum,
1018 1382 1284 1441 apparitores
1300 1381 1590 1440 accipiuntur,
1607 1380 1800 1424 civitates

406 1453 660 1506 excitantur,
686 1452 911 1511 pelluntur
933 1452 1130 1496 homines
1148 1451 1201 1495 de
1225 1452 1332 1496 locis
1362 1452 1464 1496 suis.
1492 1453 1669 1506 Quare?
1689 1451 1799 1505 Quia

406 1524 597 1567 heeretici
622 1533 735 1567 sunt.
763 1528 852 1576 Qua
875 1524 970 1582 lege
1000 1524 1250 1582 pelluntur?
1273 1522 1507 1582 Responde
1537 1539 1548 1566 :
1576 1522 1800 1567 videamus

407 1594 441 1636 si
459 1591 656 1636 nondum
679 1594 854 1636 contriti
876 1602 978 1636 sunt
1002 1593 1154 1636 dentes
1176 1595 1306 1636 vestri
1329 1593 1376 1635 in
1398 1608 1471 1636 ore
1494 1602 1652 1646 vestro.
1675 1592 1800 1636 Falsa

406 1663 474 1706 lex
496 1665 582 1706 est?
599 1665 695 1707 Non
715 1663 856 1706 valeat
876 1663 920 1705 in
940 1662 1193 1706 haereticum
1209 1671 1351 1706 tuum.
1379 1665 1491 1706 Vera
1512 1662 1580 1705 lex
1598 1665 1687 1707 est?
1710 1665 1800 1706 Va-

406 1732 493 1777 leat
514 1741 556 1776 et
577 1733 621 1775 in
643 1741 700 1775 te.
722 1734 818 1776 Non
836 1741 898 1775 est
918 1732 1038 1792 quod
1066 1732 1357 1792 respondeant
1382 1752 1390 1776 z
1421 1751 1440 1773 α
1459 1735 1573 1776 Deus
1595 1728 1800 1777 contrivit

408 1821 429 1844 »
465 1804 615 1847 dentes
637 1818 785 1847 corum
811 1803 856 1846 in
885 1818 958 1847 ore
980 1804 1189 1862 ipsorum.
1220 1823 1238 1844 »
1268 1802 1463 1863 Ideoque
1487 1804 1564 1846 ubi
1593 1819 1683 1847 non
1704 1819 1801 1863 pos-

406 1883 508 1918 sunt
534 1873 700 1917 lubrica
729 1873 901 1931 fallacia
930 1889 1099 1933 serpere
1129 1883 1178 1917 ut
1210 1872 1400 1932 aspides,
1428 1883 1574 1933 aperta
1596 1873 1798 1918 violentia

406 1943 599 1988 fremunt
628 1953 676 1987 ut
707 1942 868 1987 leones.
905 1943 1141 1987 Prosiliunt
1171 1953 1216 1986 et
1239 1944 1423 1987 saeviunt
1452 1953 1627 1987 armatae
1654 1944 1796 1988 turbfe

408 2013 842 2070 Circumcelliomm,
863 2013 969 2057 dant
990 2022 1176 2072 stragem
1200 2023 1408 2073 quantam
1427 2023 1631 2073 possunt,
1657 2031 1799 2074 quan-

407 2094 687 2144 tamcumque
726 2094 920 2143 possunt.
962 2084 1045 2129 Sed
1078 2093 1120 2128 et
1152 2104 1171 2126 «
1203 2083 1339 2128 Molas
1370 2083 1550 2128 leonum
1583 2084 1798 2145 confregit
1853 2075 1857 2097 ³

411 2172 432 2196 »
468 2155 692 2198 Dominus.
723 2173 742 2194 »

465 2226 581 2267 XVI.
614 2243 632 2265 «
661 2226 928 2283 Spernentur
959 2233 1167 2284 tanquam
1195 2239 1307 2284 aqua
1329 2223 1562 2268 decurrens
1581 2227 1610 2268 ¹.
1647 2243 1668 2265 »
1698 2228 1797 2271 Non

406 2309 481 2338 vos
504 2303 716 2347 terreant,
745 2293 895 2338 fratres
915 2330 924 2348 ,
951 2294 1127 2354 quidam
1151 2294 1273 2337 fluvii
1297 2295 1373 2354 qui
1398 2293 1605 2338 dicuntur
1626 2304 1797 2340 torren-

405 2374 495 2419 tes,
528 2363 802 2420 hyemalibus
839 2365 960 2424 aquis
995 2364 1233 2424 implentur
1266 2384 1273 2408 2
1305 2364 1440 2408 nolite
1478 2365 1655 2421 timere,
1698 2376 1796 2426 post

1850 2270 1855 2425 ff

405 2433 632 2494 paululum
666 2435 842 2488 transit,
876 2435 1066 2478 decurrit
1099 2451 1235 2494 aqua,
1263 2434 1317 2478 ad
1341 2443 1511 2494 tempus
1533 2437 1790 2496 perstrepit,
1850 2430 1854 2477 ἓ

404 2521 505 2549 mox
525 2505 708 2549 cessabit
729 2525 736 2549 :
763 2505 837 2548 diu
861 2515 972 2549 stare
994 2522 1082 2550 non
1107 2515 1302 2565 possunt.
1329 2505 1482 2550 Multae
1503 2507 1689 2551 haereses
1703 2508 1792 2566 jam

456 2595 462 2610 ¹
486 2588 563 2619 Psal.
593 2600 668 2629 tvn,
689 2589 719 2621 8.

1848 2681 1851 2699 .

1846 2745 1850 2823 ξ

1847 2833 1849 2868 A
