1889 3285
412 215 493 251 116
838 222 870 249 s.
908 222 1135 249 Atetstrrffl
1170 225 1351 251 EPISCOPI

409 308 427 330 »
458 288 875 332 tinientibusnomen
894 296 1035 330 tuum.
1066 306 1084 328 »
1108 291 1431 332 Perseveremus
1445 304 1546 347 ergo
1569 289 1614 332 in
1639 289 1788 333 timore

401 358 588 403 nominis
607 358 683 402 Dei
706 378 713 401 :
735 368 922 401 aeternus
937 360 1065 400 Pater
1082 374 1171 402 non
1194 375 1272 403 nos
1292 358 1417 402 fallit.
1446 363 1502 402 La
1512 361 1666 403 borant
1681 359 1758 403 filii
1775 395 1786 415 ,

402 437 453 475 ut
491 429 724 488 suscipiant
762 437 993 488 parentum
1038 443 1215 473 suorum
1251 429 1550 473 haereditatem
1576 465 1586 483 ,
1632 430 1790 490 quibus

404 500 585 544 mortuis
600 499 836 544 successuri
851 508 952 542 sunt
979 515 986 539 2
1014 514 1092 543 nos
1111 515 1200 543 non
1218 499 1464 544 laboramus
1479 501 1672 560 accipere
1698 502 1790 544 hae-

404 569 632 613 reditatem
659 570 713 613 ab
738 568 812 613 illo
844 572 990 623 Patre,
1029 569 1099 613 cui
1130 585 1220 614 non
1250 571 1451 615 morienti
1481 570 1783 625 succedamus,

402 640 478 686 sed
500 657 600 685 cum
616 640 689 685 illo
704 642 747 683 in
770 642 857 700 ipsa
870 639 1122 684 haereditate
1140 641 1184 684 in
1198 650 1413 686 {eternum
1430 644 1652 687 vivamus?
1673 662 1694 684 ‹<
1710 646 1786 687 De-

407 732 425 754 »
451 712 551 756 disti
563 712 861 756 haereditatem
880 712 1135 756 timentibus
1149 728 1311 757 nomen
1333 723 1474 758 tuum.
1499 732 1518 755 »

462 786 583 827 VIII.
615 802 634 824 «
655 783 751 826 Dies
773 798 902 842 super
921 783 1010 826 dies
1028 784 1136 840 regis
1159 783 1332 844 adjicies
1350 801 1484 828 annos
1503 785 1637 845 ejus¹.
1659 803 1679 826 »
1707 785 1788 829 Hic

403 862 466 899 est
487 870 589 913 ergo
618 870 690 897 rex
712 856 834 913 cujus
857 855 1053 898 membra
1075 870 1237 900 sumus.
1270 859 1361 900 Rex
1392 856 1587 901 Christus
1611 865 1689 911 est,
1716 872 1789 900 ea-

403 934 483 984 put
509 935 720 979 nostrum,
747 939 821 967 rex
843 933 1001 968 noster.
1030 925 1195 969 Dedisti
1216 925 1280 969 illi
1298 926 1387 970 dies
1411 943 1539 986 super
1562 925 1652 970 dies
1669 947 1680 984 3
1700 942 1790 971 non

402 995 540 1039 solum
563 996 665 1039 istos
688 995 778 1038 (lies
800 995 845 1039 in
862 996 942 1039 isto
967 1005 1158 1055 tempore
1180 1012 1281 1039 eum
1306 997 1407 1052 fine,
1437 996 1513 1041 sed
1542 996 1632 1040 dies
1661 1012 1790 1056 super

401 1066 503 1111 istos
525 1066 614 1110 dies
638 1067 728 1110 sine
750 1067 851 1110 fine.
887 1087 906 1108 «
933 1067 1167 1122 Habitabo,
1195 1068 1350 1127 inquit,
1374 1070 1418 1112 in
1440 1067 1571 1112 domo
1595 1068 1784 1123 Domini,

403 1156 423 1179 »
458 1138 503 1181 in
524 1136 845 1196 longitudinem
876 1137 1079 1181 dierum·2.
1109 1157 1128 1178 »
1156 1141 1321 1193 Quare,
1351 1158 1370 1180 «
1394 1142 1445 1182 In
1466 1137 1786 1196 longitudinem

404 1227 424 1249 »
460 1208 652 1263 dierum,
675 1227 694 1249 »
722 1209 801 1251 nisi
837 1209 937 1268 quia
962 1208 1093 1252 modo
1122 1209 1308 1253 brevitas
1330 1218 1393 1253 est
1416 1208 1616 1253 dierum?
1637 1210 1786 1252 Omnis

402 1281 516 1324 enim
531 1297 610 1334 res,
627 1297 725 1340 quae
743 1280 874 1323 finem
893 1281 1041 1334 habet,
1060 1281 1201 1324 brevis
1219 1290 1281 1324 est
1303 1301 1311 1325 :
1335 1281 1411 1324 sed
1429 1281 1540 1339 regis
1556 1281 1683 1340 hujus
1697 1281 1786 1325 dies

402 1368 530 1412 super
553 1350 658 1405 dies,
682 1361 731 1394 ut
748 1367 837 1394 11011
855 1349 1010 1394 diebus
1031 1351 1172 1395 solum
1190 1352 1277 1395 istis
1293 1351 1616 1395 transeuntibus
1635 1361 1784 1409 regnet

401 1423 595 1467 Christus
617 1423 661 1466 in
683 1421 874 1465 Ecclesia
906 1437 1008 1475 sua,
1033 1422 1108 1465 sed
1131 1430 1314 1480 regnent
1342 1437 1442 1465 cuni
1470 1421 1545 1465 illo
1575 1422 1711 1466 saneti
1741 1422 1786 1465 in

400 1495 553 1538 diebus
588 1493 669 1537 illis
696 1493 771 1553 qui
798 1509 887 1537 non
910 1493 1074 1537 habent
1106 1493 1252 1536 finem.
1281 1493 1348 1536 Ibi
1372 1509 1485 1536 unus
1515 1493 1605 1537 dies
1627 1501 1718 1547 est,
1743 1502 1787 1537 et

400 1565 528 1610 multi
550 1566 638 1609 dies
656 1574 770 1609 sunt.
798 1565 908 1617 Quia
930 1563 1059 1608 multi
1076 1563 1166 1608 dies
1182 1573 1297 1618 sunt,
1320 1564 1407 1608 dixi
1425 1565 1516 1624 jam
1541 1584 1550 1608 ;
1579 1583 1599 1606 «
1618 1568 1669 1608 In
1689 1563 1786 1608 lon—

405 1656 424 1678 »
461 1635 701 1696 gitudinem
725 1635 895 1679 dierum
928 1654 936 1679 :
967 1655 985 1676 »
1011 1635 1113 1695 quia
1136 1651 1248 1678 unus
1271 1634 1382 1689 dies,
1415 1634 1473 1678 sic
1495 1635 1752 1694 intelligitur
1773 1654 1781 1679 :

407 1727 427 1749 «
462 1707 597 1752 Filius
619 1722 739 1751 meus
767 1723 810 1750 es
839 1716 912 1761 tu,
940 1721 1018 1764 ego
1046 1705 1176 1749 hodie
1203 1705 1331 1764 genui
1353 1708 1439 1748 tess.
1461 1724 1480 1746 »
1504 1708 1646 1749 Unum
1671 1705 1785 1749 diem

401 1778 508 1822 dixit
528 1777 658 1822 hodie
685 1797 693 1821 :
719 1776 793 1821 sed
811 1778 890 1820 iste
911 1776 1001 1820 dies
1022 1792 1110 1820 non
1133 1775 1311 1835 ponitur
1332 1776 1375 1818 in
1394 1775 1537 1819 medio
1558 1776 1670 1819 inter
1689 1776 1787 1820 hes-

401 1859 575 1893 ternum
598 1858 640 1892 et
663 1849 897 1892 erastinum
915 1883 925 1902 ,
952 1863 1032 1890 nec
1052 1847 1226 1890 initium
1249 1847 1338 1906 ejus
1361 1845 1458 1889 finis
1486 1856 1548 1890 est
1577 1847 1782 1902 hesterni,

401 1935 482 1963 nec
504 1919 600 1962 finis
618 1920 708 1979 ejus
724 1918 896 1962 initium
915 1917 1103 1961 crastini.
1128 1919 1238 1962 Nam
1258 1926 1302 1960 et
1318 1917 1420 1960 anni
1438 1916 1513 1960 Dei
1532 1916 1636 1961 dieti
1655 1927 1782 1962 sunt:

407 2010 427 2031 «
454 1993 519 2033 Tu
547 1998 692 2032 autem
713 1989 828 2032 idem
867 1988 957 2047 ipse
991 2003 1049 2040 es,
1081 1996 1123 2030 et
1152 1987 1250 2031 anni
1286 1987 1350 2030 tui
1375 2003 1463 2031 non
1490 1987 1728 2032 deficient4.
1764 2008 1781 2029 »

404 2061 629 2113 Quomodo
649 2060 765 2114 anni,
790 2059 848 2103 sic
869 2059 974 2112 dic-s,
1001 2059 1059 2102 sic
1082 2074 1195 2101 unus
1214 2057 1320 2101 dies.
1347 2057 1573 2118 Quidquid
1594 2059 1656 2102 vis
1679 2059 1785 2103 dieis

403 2130 457 2174 de
488 2131 742 2174 aeternitate.
776 2129 879 2173 Ideo
917 2127 1135 2189 quidquid
1168 2128 1230 2172 vis
1271 2127 1397 2183 dieis,
1434 2129 1535 2188 quia
1569 2129 1786 2190 quidquid

404 2200 574 2254 dixeris,
591 2201 732 2244 minus
754 2199 873 2243 dicis.
903 2198 987 2244 Sed
1005 2199 1103 2242 ideo
1119 2214 1289 2242 necesse
1313 2207 1374 2242 est
1399 2198 1564 2258 aliquid
1581 2199 1712 2255 dicas,
1738 2208 1788 2244 ut

404 2272 458 2316 sit
479 2271 596 2314 unde
625 2272 785 2329 cogites
809 2269 928 2330 quod
950 2285 1039 2313 non
1070 2279 1211 2329 potest
1242 2268 1341 2313 dici.
1377 2289 1396 2310 «
1422 2270 1518 2313 Dies
1546 2285 1674 2329 super
1696 2269 1786 2315 dies

406 2360 427 2383 »
463 2341 570 2399 regis
589 2341 760 2400 adjicies
786 2357 919 2385 annos
948 2346 1055 2397 ejus,
1081 2356 1217 2400 usque
1240 2340 1283 2382 in
1306 2339 1418 2383 diem
1439 2341 1722 2397 generationis
1744 2349 1787 2384 et

406 2432 427 2455 »
463 2412 761 2472 generationis.
793 2430 812 2451 »
850 2412 1147 2456 Generationis
1176 2412 1303 2471 hujus
1337 2421 1380 2454 ct
1409 2412 1691 2470 generationis
1713 2411 1785 2455 fu-

407 2492 516 2528 turae
541 2501 550 2526 z
576 2482 861 2540 generationis
883 2474 1011 2541 hujus
1039 2498 1136 2542 quae
1159 2491 1434 2542 eomparatur
1450 2481 1583 2538 lunae,
1609 2491 1785 2542 propter

456 2576 465 2592 ¹
485 2567 564 2601 Psal.
591 2579 642 2610 Lx,
662 2578 691 2610 7.
709 2585 749 2590 --
774 2574 786 2590 ²
806 2568 851 2600 Id.
878 2578 967 2609 xxvt,
985 2566 1019 2599 6.
1040 2584 1080 2590 -—
1097 2566 1170 2600 ³121.
1190 2579 1224 2610 11,
1244 2579 1290 2611 7..
1315 2584 1356 2591 —
1373 2566 1452 2600 4121.
1474 2570 1586 2610 c1,28.
