1889 3285
378 241 463 293 460
811 250 844 278 S.
881 251 1110 280 Anons‘nm
1144 253 1322 279 Emscori

377 335 398 358 ³>
433 318 571 360 lectus
594 317 755 375 Asaph.
787 334 807 356 »
834 316 1086 376 Intelligens
1117 332 1217 375 ergo
1249 318 1452 377 quaedam
1485 316 1764 376 congregatio

374 396 461 442 est,
488 388 612 446 cujus
641 402 792 431 vocem
815 386 1006 432 audituri
1037 402 1198 432 sumus.
1234 388 1318 432 Sed
1349 388 1556 447 quoniam
1590 387 1765 446 proprie

377 461 603 516 Synagoga
626 457 741 502 dicta
762 468 826 502 est
848 459 1123 517 congregatio
1145 458 1297 518 populi
1320 458 1451 502 Israel
1465 493 1476 511 ,
1507 458 1567 502 ita
1594 467 1644 502 ut
1665 458 1766 501 ubi-

376 544 565 588 cumque
583 528 846 573 audierimus
866 532 1141 588 Synagogam
1155 564 1166 584 ‚
1191 545 1280 573 non
1298 530 1387 588 jam
1407 528 1620 573 soleamus
1636 527 1767 572 intel-

374 598 508 658 ligere
529 599 610 643 nisi
633 600 846 659 populum
864 602 887 643 J
894 599 1119 644 udaeorum
1140 620 1150 657 3
1174 598 1397 643 videamus
1427 613 1482 642 ne
1501 598 1614 643 forte
1634 598 1767 657 ipsius

379 685 464 714 vox
484 671 537 714 sit
558 671 603 713 in
621 671 701 714 isto
726 670 910 715 Psalmo.
936 670 1017 715 Sed
1037 670 1234 730 qualium
1257 672 1281 713 J
1286 670 1512 713 udaeorum
1534 704 1544 724 ,
1570 678 1613 713 et
1628 668 1767 729 qualis

376 731 528 801 populi
552 742 713 786 Israel?
730 745 827 787 Non
852 742 970 786 enim
986 741 1122 801 paleae
1143 777 1154 797 ‚
1179 741 1255 785 sed
1277 741 1390 785 forte
1403 739 1611 784 frumenti
1628 742 1658 795 ¹,
1678 755 1768 784 non

377 828 598 857 ramorum
635 811 931 868 fractorum²‚
965 812 1041 857 sed
1074 812 1185 857 forte
1214 813 1588 858 confirmatorum.
1631 813 1769 856 «Non

377 902 398 926 )›
434 884 549 927 enim
581 900 756 939 omnes,
783 886 857 945 qui
877 894 979 929 sunt
1020 900 1069 928 ex
1108 883 1264 939 Israel,
1303 884 1349 927 hi
1390 891 1492 927 sunt
1530 881 1770 927 Israelitaei‘

379 972 399 995 »
434 953 510 998 sed
538 955 584 998 in
611 958 747 1010 Isaac,
783 955 949 1016 inquit,
987 955 1216 1000 vocabitur
1238 954 1319 998 tibi
1347 969 1493 998 semen
1518 972 1527 997 :
1560 953 1643 997 hoc
1673 962 1736 997 est
1755 987 1766 1008 ‚

377 1043 398 1066 »
429 1041 519 1069 non
541 1026 587 1068 hi
608 1026 684 1086 qui
702 1025 777 1069 filii
799 1027 960 1082 carnis,
984 1026 1030 1070 hi
1053 1026 1131 1069 filii
1154 1026 1255 1082 Dei3
1281 1024 1357 1069 sed
1380 1024 1457 1068 filii
1474 1023 1768 1083 promissionis

380 1115 398 1137 »
434 1094 705 1155 deputantur
726 1097 771 1140 in
789 1096 995 1141 semine3.
1020 1115 1040 1137 >›
1065 1098 1176 1141 Sunt
1203 1111 1306 1154 ergo
1329 1093 1508 1155 quidam
1531 1093 1737 1138 Isra'e'litae
1752 1128 1762 1148 ,

374 1181 428 1210 ex
444 1166 606 1226 quihus
624 1175 716 1210 erat
731 1165 804 1210 ille
823 1166 878 1210 de
900 1182 989 1226 quo
1011 1165 1180 1211 dictum
1211 1175 1276 1210 est
1294 1201 1305 1221 ,
1329 1185 1349 1207 «
1372 1168 1484 1209 Ecce
1504 1179 1605 1209 vere
1627 1167 1766 1208 Israe'-

377 1255 397 1277 »
433 1235 509 1280 lita
525 1271 535 1290 ‚
560 1237 606 1280 in
627 1252 716 1296 quo
738 1236 864 1280 dolus
885 1252 975 1281 non
991 1238 1098 1280 est4.
1127 1255 1147 1277 »
1172 1239 1269 1281 Non
1288 1234 1529 1280 secundum
1548 1235 1631 1279 hoc
1647 1234 1763 1290 dico,

375 1308 496 1368 quod
513 1317 556 1352 et
577 1324 655 1352 nos
679 1308 883 1352 Israelitae
908 1323 1058 1353 sumus
1075 1343 1086 1363 ,
1108 1308 1210 1368 quia
1227 1317 1271 1353 et
1299 1323 1376 1351 nos
1404 1322 1551 1351 semen
1577 1306 1766 1351 Abrahae

377 1394 539 1423 sumus.
561 1379 772 1424 Gentibus
793 1379 955 1439 quippe
977 1378 1244 1439 loquebatur
1276 1376 1509 1437 Apostolus
1530 1412 1540 1432 ,
1573 1392 1674 1421 eum
1696 1375 1767 1420 di-

376 1459 492 1494 ceret
518 1470 526 1494 :
556 1469 574 1492 «
600 1453 717 1508 Ergo
749 1466 896 1495 semen
920 1451 1109 1495 Abrahae
1144 1449 1269 1504 estis,
1303 1447 1546 1493 secundum
1577 1446 1767 1507 promis-

378 1539 398 1561 »
435 1521 600 1564 sionem
624 1520 859 1565 haeredes⁵.
883 1539 903 1562 >›
933 1520 1183 1565 Secundum
1208 1520 1292 1564 hoc
1315 1534 1419 1577 ergo
1452 1533 1600 1563 omnes
1630 1520 1769 1562 Israe-

375 1591 479 1646 lstae,
503 1592 579 1651 qui
602 1591 825 1651 sequimur
845 1591 1024 1650 vestigia
1036 1591 1136 1634 fidei
1156 1590 1288 1649 patris
1305 1589 1442 1634 nostri
1460 1589 1662 1634 Abrahae.
1684 1587 1770 1633 Sed

376 1662 451 1706 illo
468 1661 600 1705 modo
622 1661 693 1705 hic
715 1660 1008 1720 intelligamus
1030 1660 1323 1705 Israelitarum
1344 1675 1494 1705 vocem
1508 1694 1519 1714 ,
1545 1658 1768 1720 quomodo

378 1733 486 1777 dixit
519 1732 773 1791 Apostolus:
806 1751 826 1774 «
851 1734 962 1776 Nam
986 1741 1029 1775 et
1066 1747 1148 1791 ego
1183 1731 1376 1776 Israelita
1402 1746 1499 1775 sum
1522 1744 1575 1774 ex
1605 1730 1769 1774 semine

379 1822 399 1844 »
435 1803 649 1857 Abrahae,
676 1802 730 1846 de
752 1803 871 1846 tribu
897 1803 1168 1862 Benjaminss.
1193 1820 1213 1843 »
1242 1802 1324 1846 Hic
1349 1815 1450 1858 ergo
1473 1800 1768 1858 intelligamus

378 1873 498 1934 quod
521 1875 750 1933 Prophetae
773 1874 978 1918 dixerunt
1006 1893 1013 1917 ;
1037 1892 1056 1915 «
1077 1871 1292 1932 Reliquiae
1314 1870 1444 1916 salvae
1457 1872 1605 1915 flent⁷.
1631 1889 1650 1912 »
1682 1873 1770 1914 Re-

377 1946 611 2005 liquiarum
644 1945 793 2005 itaque
831 1943 1095 1988 salvatarum
1130 1942 1358 1987 audiamus
1391 1942 1462 1986 hic
1499 1956 1684 1999 vocem3
1720 1950 1770 1985 ut

378 2018 585 2077 loquatur
605 2020 832 2075 Synagoga
848 2051 858 2071 ‚
884 2031 984 2076 quae
1013 2017 1385 2074 acceperatVetus
1419 2016 1766 2068 Testamentum,

378 2098 420 2132 et
442 2089 609 2132 intenta
633 2099 724 2132 erat
745 2088 792 2130 in
808 2087 1018 2146 promissa
1042 2084 1231 2129 carnalia
1249 2106 1259 2142 3
1277 2094 1320 2128 et
1337 2100 1388 2128 ex
1404 2084 1488 2128 hoc
1502 2082 1665 2127 factum
1687 2092 1766 2137 est,

379 2169 428 2203 ut
451 2169 656 2203 nutarent
691 2159 729 2201 ei
755 2158 901 2217 pedes.
934 2159 1041 2201 Nam
1078 2165 1121 2200 et
1157 2156 1203 2199 in
1232 2155 1316 2199 alio
1344 2153 1537 2214 quodam
1572 2152 1766 2208 Psalmo,

378 2230 455 2273 ubi
473 2230 603 2272 etiam
624 2228 777 2273 titulus
799 2227 933 2272 habet
949 2226 1093 2286 Asaph
1112 2261 1123 2281 ‚
1147 2224 1254 2286 quid
1275 2225 1466 2269 dicitur?
1492 2243 1511 2265 «
1531 2226 1672 2277 Quam
1690 2223 1770 2267 bo-

384 2320 403 2342 »
438 2316 518 2343 nus
537 2303 650 2343 Deus
674 2298 804 2342 Israel
826 2298 952 2342 rectis
969 2296 1099 2342 corde
1117 2296 1125 2339 1
1145 2297 1231 2341 Mei
1250 2304 1396 2339 autem
1414 2310 1526 2354 pene
1539 2293 1647 2338 moti
1668 2302 1770 2338 sunt

383 2389 403 2411 »
438 2369 585 2429 pedes.
615 2389 634 2410 »
660 2372 716 2413 Et
737 2369 860 2428 quasi
882 2368 1123 2412 diceremus
1145 2386 1153 2410 :
1179 2367 1304 2410 Unde
1327 2365 1406 2409 tibi
1436 2366 1543 2409 moti
1564 2373 1666 2408 sunt
1691 2379 1770 2423 pe-

382 2440 482 2483 des?
516 2459 535 2481 «
561 2439 842 2484 Paulominus
864 2474 874 2493 ,
913 2437 1076 2498 inquit,
1098 2437 1224 2480 effusi
1241 2445 1342 2480 sunt
1360 2450 1527 2494 gressus
1547 2434 1648 2489 mei,
1666 2434 1770 2493 quia

431 2537 574 2568 1Matth.
601 2545 645 2577 111,
669 2545 718 2568 12.
737 2552 777 2557 —
796 2542 807 2557 ²
828 2538 918 2566 Rom.
947 2545 991 2574 xi,
1014 2544 1064 2575 17.
1086 2550 1127 2555 --
1147 2531 1160 2555 3
1181 2533 1229 2564 Id.
1249 2544 1295 2573 ix,
1311 2532 1388 2564 6-8.
1404 2548 1442 2555 -
1464 2530 1479 2560 4
1498 2533 1588 2562 Joau.
1615 2542 1639 2571 1,
1656 2529 1708 2571 47.
1728 2547 1785 2578 -ι

385 2590 398 2613 5
423 2592 492 2623 Gal.
509 2604 559 2631 nt,
579 2601 632 2633 29.
659 2608 700 2612 --
719 2589 733 2612 6
750 2593 838 2622 Rom.
861 2601 906 2630 x1,
930 2600 956 2620 1.
978 2605 1016 2610 --
1040 2589 1182 2628 71d.1x,
1207 2598 1256 2628 17.
