1889 3285
387 247 474 289 234
724 253 755 282 0
823 256 858 285 s.
892 255 1126 287 Aucuszrmr
1155 259 1340 289 Errscorr

387 326 477 370 est?
503 342 522 364 «
540 322 726 368 Posuisti
747 323 1049 368 tribulationes
1077 325 1124 368 in
1147 325 1275 370 dorso
1296 333 1446 370 nostro
1484 343 1494 369 z
1527 325 1771 385 imposuisti

391 415 410 437 >›
443 394 642 439 homines
663 409 792 454 super
823 395 966 454 capita
992 403 1152 439 nostra.
1186 415 1205 436 »
1242 395 1400 440 Saevire
1428 395 1602 440 videtur
1628 399 1765 451 Deus,

385 480 487 510 cum
508 465 589 510 ista
605 463 710 509 facit
735 484 744 510 ε
768 481 823 509 ne
845 474 1012 513 metuas
1027 500 1039 520 ‚
1065 466 1272 525 quoniam
1291 470 1418 511 Pater
1435 475 1524 521 est,
1543 481 1772 526 nunquam

385 537 444 581 sic
461 535 581 580 saevit
609 545 660 580 ut
680 536 848 595 perdat.
885 536 1072 589 Quando
1098 536 1217 580 male
1238 537 1345 582 vivis
1364 572 1374 592 ,
1407 537 1441 581 si
1471 537 1636 596 parcit,
1673 536 1771 596 plus

384 607 597 651 irascitur.
620 606 811 651 Omnino
846 606 939 650 istae
972 606 1270 651 tribulationes
1304 605 1476 665 flagella
1501 615 1604 650 sunt
1634 609 1772 651 corri-

387 677 526 736 gentis
543 712 555 731 ‚
578 692 634 720 ne
653 677 709 721 sit
735 677 947 721 sententia
968 677 1200 736 punientis.
1221 696 1242 719 (ι
1266 677 1453 721 Posuisti
1470 675 1774 722 tribulationes

388 765 410 789 »
442 747 490 791 in
510 747 638 793 dorso
659 756 807 792 nostro
828 767 838 792 :
858 747 1100 806 imposuisti
1119 748 1317 791 homines
1349 763 1479 807 super
1508 747 1650 807 capita
1672 762 1774 792 nos-

387 834 410 858 »
444 826 525 861 tra.
549 835 572 858 n

442 889 588 931 XVII.
612 905 633 929 «
658 887 948 931 Transivimus
970 902 1048 946 per
1077 887 1225 946 ignem
1247 896 1290 931 et
1314 889 1514 947 aquam1.
1545 905 1565 929 »
1597 886 1702 945 legis
1731 895 1775 930 et

386 973 498 1018 aqua
513 993 524 1013 ,
544 968 782 1018 utrumque
799 958 1093 1017 periculosum
1116 967 1180 1002 est
1204 958 1250 1001 in
1271 959 1353 1002 hac
1374 959 1477 1002 vita.
1505 959 1633 1002 Certe
1652 957 1777 1002 vide-

385 1037 458 1072 tur
471 1044 583 1088 aqua
596 1028 740 1086 ignem
760 1029 1011 1087 extinguere
1022 1064 1032 1083 ,
1050 1037 1094 1072 et
1112 1028 1222 1086 ignis
1234 1028 1408 1072 videtur
1421 1043 1580 1087 aquam
1597 1028 1774 1072 siccare.

387 1100 454 1142 Ita
475 1106 518 1141 et
546 1098 650 1156 ipsae
683 1098 940 1142 tentationes
967 1107 1093 1153 sunt,
1125 1098 1284 1158 quibus
1315 1096 1514 1141 abundat
1546 1097 1642 1141 haec
1667 1097 1772 1142 vita.

389 1168 507 1226 Ignis
534 1168 643 1222 urit,
674 1182 787 1227 aqua
808 1168 1049 1227 corrumpit
1083 1187 1092 1212 ;
1119 1177 1357 1227 utrumque
1386 1165 1675 1211 metuendum
1702 1202 1714 1222 ‚
1734 1175 1779 1210 et
1884 1166 1887 1171 ’

387 1237 502 1280 ustio
522 1236 814 1280 tribulationis
834 1271 846 1291 ‚
866 1247 907 1281 et
924 1254 1034 1297 aqua
1058 1238 1362 1296 corruptionis.
1384 1236 1571 1290 Quando
1591 1245 1693 1281 sunt
1712 1252 1778 1281 res
1842 1283 1844 1291 ,

388 1317 584 1367 angustae
597 1343 608 1362 ‚
635 1317 677 1351 et
694 1307 838 1368 aliqua
856 1324 954 1367 quae
975 1307 1205 1352 infelicitas
1233 1309 1394 1352 dicitur
1414 1308 1460 1351 in
1477 1309 1562 1352 hoc
1583 1308 1774 1363 mundo,
1844 1348 1850 1372 ἓ

390 1379 513 1438 quasi
534 1379 644 1436 ignis
665 1387 729 1422 est
754 1398 763 1422 :
784 1377 961 1438 quando
983 1387 1085 1422 sunt
1103 1394 1168 1422 res
1186 1393 1427 1437 prosperae,
1449 1388 1492 1421 et
1509 1377 1779 1422 abundantia

387 1448 535 1493 saeculi
557 1448 840 1503 circumfluit,
873 1449 996 1508 quasi
1017 1464 1129 1508 aqua
1147 1457 1225 1492 est.
1247 1448 1358 1492 Vide
1380 1464 1436 1492 ne
1463 1457 1506 1492 te
1541 1447 1652 1506 ignis
1671 1463 1778 1491 exu-
1842 1446 1847 1483 ’ἔ

388 1528 476 1573 rat,
500 1534 556 1562 ne
590 1535 702 1578 aqua
735 1528 1000 1576 corrumpat.
1040 1519 1213 1561 Firmus
1241 1527 1332 1562 esto
1367 1518 1571 1562 adversus
1603 1519 1749 1576 ignem
1763 1552 1776 1571 ‚

388 1589 519 1648 coqui
538 1597 581 1632 te
595 1596 786 1647 oportet,
808 1597 1016 1648 tanquam
1033 1603 1106 1631 vas
1125 1589 1278 1632 fictum
1296 1588 1479 1632 mitteris
1496 1589 1542 1631 in
1559 1589 1780 1643 caminum
1842 1597 1845 1612 '

388 1659 497 1716 ignis
514 1693 524 1713 ,
551 1666 602 1701 ut
622 1658 820 1701 firmetur
841 1657 962 1717 quod
983 1656 1221 1701 formatum
1236 1666 1314 1700 est.
1342 1660 1426 1701 Vas
1448 1672 1550 1716 ergo
1566 1658 1656 1716 jam
1678 1658 1780 1716 igne
1845 1668 1853 1718 ᾗ,
1869 1695 1875 1704 .

389 1728 611 1772 firmatum
632 1742 791 1787 aquam
809 1743 899 1771 non
920 1728 1046 1771 timet
1071 1747 1080 1771 :
1101 1743 1174 1771 vas
1197 1736 1343 1771 autem
1364 1727 1398 1771 si
1423 1726 1658 1772 solidatum
1679 1727 1780 1786 igne
1842 1721 1853 1792 ἶ,
1884 1747 1889 1757 ³

389 1813 480 1843 non
501 1797 633 1842 fuerit
651 1833 662 1854 ‚
686 1807 896 1858 tanquam
916 1796 1060 1841 lutum
1083 1813 1194 1857 aqua
1216 1797 1423 1850 solvetur.
1450 1796 1548 1842 Noli
1577 1796 1780 1841 festinare
1842 1794 1843 1803 ¹

390 1868 446 1914 ad
471 1884 628 1929 aquam
655 1888 665 1913 ε
689 1884 765 1928 per
790 1869 936 1927 ignem
963 1868 1099 1912 transi
1135 1868 1191 1912 ad
1218 1883 1399 1928 aquam,
1435 1877 1487 1911 ut
1516 1877 1704 1912 transeas
1737 1877 1780 1912 et
1841 1863 1849 1911 3¹

391 1954 564 1999 aquam.
596 1941 831 1997 Propterea
863 1947 906 1981 et
940 1938 986 1981 in
1017 1938 1295 1982 sacramentis
1323 1948 1366 1982 et
1398 1938 1444 1982 in
1471 1937 1780 1983 catechizando

390 2019 434 2054 et
454 2010 501 2053 in
526 2009 809 2054 exorcizando
839 2009 1072 2054 adhibetur
1093 2011 1211 2068 prius
1240 2009 1364 2067 ignis.
1397 2012 1507 2055 Nam
1539 2009 1658 2053 unde
1682 2009 1780 2069 ple-

392 2096 578 2141 rumque
599 2080 816 2125 immundi
845 2080 1020 2140 spiritus
1053 2079 1271 2124 clamant:
1304 2080 1478 2134 Ardeo,
1511 2080 1546 2123 si
1580 2080 1653 2124 ille
1673 2080 1781 2138 ignis
1841 2086 1849 2142 s
1887 2103 1889 2126 l

392 2167 482 2196 non
502 2153 594 2195 est?
617 2155 718 2196 Post
738 2153 884 2210 ignem
907 2159 1053 2195 autem
1080 2150 1303 2194 exorcismi
1322 2150 1497 2194 venitur
1531 2148 1587 2194 ad
1613 2150 1781 2209 baptis-

392 2237 515 2265 mum
536 2241 545 2266 ε
565 2230 615 2265 ut
629 2221 683 2265 ab
699 2222 800 2280 igne
813 2221 869 2265 ad
886 2235 1043 2280 aquam
1057 2256 1067 2274 ‚
1087 2220 1140 2263 ab
1158 2236 1271 2280 aqua
1287 2220 1333 2263 in
1346 2220 1634 2278 refrigerium.
1651 2220 1782 2273 Quod

394 2301 541 2337 autem
562 2292 608 2335 in
625 2293 899 2336 sacramentis
915 2327 926 2346 ,
946 2292 1030 2335 hoc
1051 2291 1096 2335 in
1121 2291 1435 2334 tentationibus
1446 2291 1576 2351 hujus
1598 2291 1746 2335 saeculi
1767 2310 1780 2337 ι

393 2361 590 2421 angustia
611 2361 774 2405 timoris
798 2361 962 2406 accedit
977 2361 1138 2420 prima,
1163 2361 1256 2405 vice
1278 2360 1415 2419 ignis3
1451 2369 1599 2420 postea
1635 2360 1781 2406 ablato

393 2432 545 2477 timore
560 2466 571 2486 ,
591 2432 875 2475 metuendum
899 2440 962 2475 est
983 2446 1037 2474 ne
1054 2430 1236 2474 felicitas
1268 2430 1492 2475 mundana
1509 2439 1776 2490 corrumpat.
1836 2482 1838 2487 ⁴
1869 2459 1875 2479 ‚

391 2505 505 2548 Cum
521 2510 668 2546 autem
685 2511 726 2545 te
746 2501 857 2561 ignis
876 2517 1050 2561 crepare
1072 2517 1161 2546 non
1184 2501 1354 2553 fecerit,
1380 2512 1424 2546 et
1443 2503 1489 2547 in
1510 2517 1670 2562 aquam
1690 2517 1781 2547 non

445 2594 453 2609 ¹
475 2587 555 2619 Psal.
576 2597 651 2627 va,
671 2597 721 2619 12.
