1889 3285
399 210 485 250 190
829 218 864 245 s.
900 213 1133 245 AUGUSTINI
1165 217 1348 245 Emscon

399 306 421 329 «
454 284 601 330 Tristis
623 291 688 328 est
719 282 863 327 anima
883 297 984 327 mea
1006 298 1145 343 usque
1169 283 1225 326 ad
1245 281 1491 327 mortem1?
1516 296 1537 321 >›
1557 281 1713 326 Nonne
1738 287 1784 324 te

394 357 537 416 ipsum
557 355 602 399 in
619 369 663 399 se
680 354 914 413 figurabat,
931 368 1032 398 cum
1048 353 1241 397 dicebat:
1262 356 1441 407 «Pater,
1457 351 1492 395 si
1511 351 1603 395 fieri
1621 358 1781 410 potest,

397 444 419 468 »
453 433 644 471 transeat
659 440 683 470 a
695 439 764 469 me
781 423 893 468 calix
906 424 1039 469 iste2?
1052 441 1072 463 »
1088 425 1188 468 Non
1203 422 1319 468 enim
1341 420 1430 466 duo
1444 421 1577 466 corda
1590 429 1633 465 et
1645 418 1785 465 diver-

395 511 441 542 sa
456 530 468 551 ,
493 495 629 540 Patris
651 505 695 540 et
711 494 810 539 Filii
831 510 841 535 ε
867 492 943 539 sed
964 493 1010 537 in
1032 492 1174 538 forma
1195 492 1306 537 servi
1321 491 1510 551 portavit
1530 506 1605 536 cor
1625 498 1752 534 tuum
1768 525 1781 546 ‚

394 576 446 612 ut
465 566 641 612 doceret
671 565 782 610 illud
809 563 1009 623 exemplo
1039 579 1133 608 suo.
1170 566 1268 608 Jam
1296 578 1395 608 ecce
1416 562 1540 622 quasi
1570 560 1690 607 aliud
1709 576 1786 606 cor
1848 556 1850 563 ¹

395 646 523 683 tuum
544 637 711 681 invenit
732 635 972 689 tribulatio,
995 634 1147 680 volens
1166 634 1348 680 transire
1365 632 1488 694 quod
1501 632 1782 677 imminebat:
1849 642 1852 649 '

395 706 472 752 sed
491 706 634 753 noluit
653 710 784 751 Deus.
810 708 908 752 Non
935 705 1152 750 consentit
1176 707 1291 751 Deus
1315 703 1437 749 cordi
1457 713 1560 759 tuo,
1587 702 1783 748 consenti
1851 753 1855 755 Δ

395 787 446 823 tu
466 777 585 823 cordi
603 777 695 822 Dei.
717 776 833 822 Audi
855 791 1008 821 vocem
1029 776 1162 835 ipsius
1185 794 1196 821 z
1224 794 1246 818 «
1263 777 1427 820 Verum
1451 790 1542 820 non
1564 772 1687 835 quod
1703 788 1785 833 ego
1850 784 1855 830 j*

398 865 420 890 »
453 847 554 893 volo
570 882 582 902 ,
607 847 683 891 sed
704 845 824 907 quod
846 855 895 890 tu
911 846 976 891 vis
991 880 1002 901 ‚
1025 848 1154 891 Pater
1170 846 1202 889 3.
1231 863 1263 886 n·

453 919 574 962 XIX.
604 936 628 961 ι(
645 916 965 962 Laudabuntur
997 930 1100 974 ergo
1130 930 1280 960 omnes
1311 915 1418 959 recti
1446 913 1596 960 corde..
1617 931 1641 956 »
1669 912 1788 966 Quid
1885 897 1889 910 ἵ

395 989 621 1048 sequitur?
645 988 689 1033 Si
710 1007 731 1031 «
755 987 1076 1032 Laudabuntur
1106 1002 1258 1032 omnes
1285 987 1392 1030 recti
1424 984 1556 1031 corde
1572 1019 1586 1040 ‚
1612 1002 1635 1025 »
1665 983 1789 1029 dam-

397 1060 622 1103 nabuntur
643 1059 831 1118 perversi
863 1056 1011 1102 corde.
1038 1060 1134 1101 Duo
1160 1056 1242 1101 tibi
1262 1054 1394 1101 modo
1416 1055 1637 1115 proposita
1658 1063 1782 1110 sunt,
1851 1041 1859 1105 f

398 1129 509 1188 elige
525 1145 628 1174 cum
648 1139 819 1189 tempus
841 1139 918 1173 est.
947 1129 990 1174 Si
1006 1137 1126 1173 recto
1153 1128 1286 1173 corde
1306 1127 1440 1171 fueris
1456 1162 1467 1182 ‚
1488 1125 1543 1170 ad
1564 1125 1787 1170 dexteram

398 1201 503 1254 eris,
529 1210 573 1244 et
588 1199 850 1244 laudaberis.
875 1198 1131 1252 Quomodo?
1156 1218 1177 1240 «
1199 1197 1356 1242 Venite
1372 1232 1384 1252 ‚
1404 1196 1624 1241 benedicti
1650 1195 1788 1241 Patris

400 1287 424 1311 »
456 1270 571 1325 mei,
596 1270 806 1329 percipite
824 1283 1007 1327 regnum
1030 1267 1152 1328 quod
1170 1267 1295 1312 vobis
1313 1275 1514 1326 paratum
1533 1274 1598 1310 est
1618 1265 1674 1310 ab
1697 1266 1786 1311 ori—

401 1358 423 1383 »
459 1340 558 1398 gine
579 1339 782 1385 mundi&
810 1358 831 1381 »
857 1342 1063 1383 Perverso
1085 1346 1231 1382 autem
1250 1336 1381 1384 corde
1397 1336 1432 1380 si
1452 1336 1606 1392 fueris,
1630 1336 1666 1381 si
1687 1336 1789 1381 sub-
1857 1330 1861 1350 ⁷
1887 1339 1889 1345 ’

397 1410 647 1455 sannaveris
667 1413 805 1454 Deum
820 1444 831 1464 ‚
855 1409 891 1453 si
914 1407 1231 1468 providentiam
1253 1408 1345 1467 ejus
1366 1406 1562 1461 irriseris,
1578 1406 1612 1450 si
1633 1406 1788 1451 dixeris

397 1480 444 1525 in
466 1480 614 1525 animo
630 1489 708 1525 tuo
730 1499 739 1525 ε
763 1482 876 1524 Vere
898 1495 988 1525 non
1010 1488 1134 1524 curat
1154 1482 1269 1523 Deus
1299 1494 1366 1523 res
1386 1479 1599 1524 humanas
1621 1498 1631 1524 ε
1651 1479 1687 1524 si
1707 1495 1788 1524 cu-

398 1558 514 1594 raret
535 1565 602 1593 res
624 1550 858 1604 humanas,
883 1548 956 1593 ille
976 1548 1086 1593 latro
1109 1557 1282 1593 tantum
1308 1549 1510 1604 haberet,
1537 1558 1582 1593 et
1608 1564 1689 1607 ego
1719 1549 1790 1593 in-

397 1634 559 1665 nocens
580 1619 850 1677 indigerem?
872 1622 1078 1663 Perverso
1097 1618 1229 1662 corde
1252 1618 1392 1662 factus
1415 1633 1482 1673 es,
1505 1618 1650 1662 veniet
1666 1618 1789 1678 judi-

397 1689 515 1734 cium
542 1688 677 1744 illud,
720 1689 995 1748 apparebunt
1022 1688 1167 1732 omnia
1200 1698 1377 1747 propter
1408 1703 1508 1747 quae
1540 1687 1620 1732 ista
1642 1689 1787 1735 omnia

398 1758 529 1804 faciat
550 1762 693 1816 Deus3
729 1768 773 1802 et
810 1767 861 1802 tu
882 1758 957 1818 qui
980 1757 1158 1802 noluisti
1183 1757 1228 1801 in
1259 1758 1341 1802 hac
1361 1758 1450 1802 vita
1476 1758 1692 1818 corrigere
1712 1775 1788 1805 cor

398 1838 526 1874 tuum
548 1828 603 1872 ad
624 1827 934 1873 rectitudinem
951 1828 1051 1883 Dei,
1071 1836 1115 1871 et
1136 1837 1179 1871 te
1201 1828 1257 1871 ad
1279 1827 1501 1872 dexteram
1518 1844 1784 1888 praeparare,

397 1899 475 1943 ubi
493 1918 513 1941 «
531 1897 849 1942 Laude-buntur
866 1913 1015 1943 omnes
1033 1898 1140 1942 recti
1161 1896 1313 1954 corde,
1336 1916 1356 1940 »
1380 1899 1460 1943 eris
1477 1898 1533 1944 ad
1553 1900 1784 1956 sinistram,

397 1970 476 2015 ubi
499 1979 602 2015 tunc
623 1969 772 2013 audies
791 1988 800 2013 :
819 1987 840 2011 «
856 1971 921 2014 Ite
935 1968 980 2012 in
994 1968 1143 2027 ignem
1165 1978 1401 2025 aeternum,
1422 1970 1499 2030 qui
1519 1981 1788 2031 praeparatus

400 2058 421 2083 »
457 2049 521 2085 est
552 2040 728 2085 diabolo
747 2048 799 2084 ,et
831 2038 991 2097 angelis
1018 2040 1155 2098 ejus5.
1181 2057 1201 2080 »
1235 2041 1294 2083 Et
1324 2039 1542 2100 numquid
1573 2041 1654 2085 erit
1681 2051 1787 2088 tunc
1855 2058 1860 2082 e

397 2118 571 2170 tempus
588 2111 800 2168 corrigere
821 2111 926 2154 cor?
945 2108 1079 2154 Modo
1102 2124 1204 2168 ergo
1221 2109 1437 2167 corrigite,
1462 2110 1632 2166 fratres,
1653 2113 1788 2159 modo

398 2181 616 2240 corrigite.
642 2181 744 2235 Quis
766 2180 999 2240 prohibet?
1013 2181 1225 2225 Cantatur
1239 2179 1450 2236 psalmus,
1471 2180 1627 2239 legitur
1644 2185 1786 2228 Evan-

399 2250 585 2311 gelium,
603 2260 727 2296 sonat
739 2251 892 2305 lector,
916 2258 1041 2294 sonat
1066 2248 1310 2309 disputator
1331 2269 1340 2295 :
1364 2251 1530 2310 patiens
1552 2261 1616 2296 est
1632 2253 1786 2297 Domi-

398 2337 509 2378 nus,
542 2337 695 2382 peccas
727 2330 771 2366 et
793 2320 955 2381 parcit,
985 2319 1128 2365 adhuc
1154 2335 1331 2379 peccas,
1363 2321 1507 2366 adhuc
1540 2323 1706 2382 parcit,
1742 2333 1784 2369 et

398 2392 546 2441 adhuc
567 2391 706 2438 addis.
727 2390 934 2446 Quandiu
952 2391 1118 2452 patiens
1133 2402 1195 2437 est
1217 2394 1356 2437 Deus?
1380 2395 1545 2439 Senties
1555 2404 1599 2439 et
1614 2396 1783 2455 justum

449 2495 463 2512 ¹
484 2489 602 2523 matth.
632 2499 730 2532 xxvi,
762 2488 818 2522 28.
845 2505 887 2512 -
917 2494 930 2512 ²
949 2487 1032 2521 Ibid.
1063 2487 1116 2530 39.
1137 2505 1179 2511 —
1201 2487 1214 2512 3
1246 2488 1329 2521 lbid.
1367 2506 1407 2512 -
1437 2488 1453 2519 4
1474 2490 1523 2523 ld.
1542 2501 1632 2532 xxv,
1652 2490 1706 2533 34.
1742 2508 1783 2515 —-

399 2544 414 2570 ⁵
436 2545 518 2579 lbid.
538 2545 594 2588 [μ.
