1889 3285
428 293 670 327 ENARRATIO
701 299 748 326 IN
778 295 983 327 PsALMUM
1013 298 1103 327 nx.
1402 287 1485 329 107

105 366 214 418 Quae
246 372 310 408 est
339 363 488 408 civitas
520 363 882 408 circumstantiae?
912 364 956 410 Si
975 363 1251 420 meministis,
1279 364 1371 425 jam
1391 380 1487 410 eam

104 433 439 479 commemoravi
460 433 504 477 in
527 432 610 477 alio
638 433 810 479 Psalmo
826 469 837 488 ,
861 433 938 478 ubi
971 432 1137 478 dictum
1165 441 1252 490 est,
1281 453 1302 476 «
1325 437 1384 479 Et
1403 435 1489 480 cir-

106 521 129 547 »
162 504 394 548 cumibunt
431 503 650 549 civitatem
665 505 696 547 1.
740 521 761 545 »
801 504 1147 550 Circumstantiae‘
1180 504 1297 548 enim
1338 505 1488 550 civitas

105 575 311 619 Gentium
342 573 622 619 circumfusio
653 583 742 633 est,
775 591 874 635 qute
908 573 1187 619 circumfusio
1210 575 1417 620 Gentium
1442 576 1488 620 in

104 645 248 689 medio
264 645 455 689 habebat
476 660 610 689 unam
631 654 803 704 gentem
821 645 1092 701 Judaeorum,
1119 644 1334 690 colentem
1348 661 1489 691 unum

103 719 245 761 Deum
271 735 279 760 :
312 725 466 761 caetera
488 715 767 761 circumfusio
790 717 997 762 Gentium
1027 716 1154 761 idolis
1186 717 1485 778 supplicabat,

104 786 378 832 daemonibus
400 787 627 833 serviebat.
653 790 710 832 Et
736 788 919 846 mystice
959 797 1113 833 vocata
1135 797 1198 833 θεῖ
1221 789 1381 833 Civitas
1402 787 1488 833 cir-

104 858 377 902 cumstantiae
395 893 405 913 ,
435 858 538 918 quia
563 857 760 918 undique
783 874 827 902 se
843 860 1001 903 Gentes
1017 857 1388 903 circumfuderant
1405 894 1416 915 ,
1446 867 1490 903 θῖ

105 927 144 971 ei
158 928 533 973 circumsteterant
549 944 648 989 quae
661 927 833 973 colebat
848 944 987 973 unum
1003 932 1158 974 Deum.
1187 949 1209 973 «
1230 930 1336 983 Quis
1349 929 1491 974 dedu-

106 1017 128 1041 »
163 1007 231 1044 cet
249 1015 319 1043 me
340 999 386 1043 in
408 1000 626 1044 civitatem
657 1000 1024 1044 circumstantiae?
1046 1019 1065 1041 »
1092 1000 1220 1056 Quis,
1245 1000 1327 1044 nisi
1349 1002 1491 1045 Deus?

106 1071 199 1114 Hoc
220 1069 316 1113 vult
348 1068 492 1114 dicere
507 1105 518 1126 ,
563 1069 786 1130 quomodo
809 1068 998 1115 deducet
1020 1085 1099 1129 per
1122 1068 1217 1114 illas
1238 1070 1377 1115 nubes
1393 1105 1404 1126 ,
1435 1069 1492 1115 de

105 1140 263 1201 quibus
299 1139 467 1185 dictum
502 1149 592 1185 est:
623 1160 643 1184 ‹<
668 1143 765 1185 Vox
795 1140 978 1185 tonitrui
1000 1140 1064 1185 tui
1093 1140 1140 1184 in
1160 1144 1299 1185 rota2.
1329 1159 1350 1183 »
1378 1144 1492 1186 Rota

104 1211 196 1270 ipsa
215 1220 278 1255 est
295 1211 445 1255 civitas
467 1211 829 1267 circumstantiae,
855 1225 955 1271 quae
978 1211 1094 1255 dicta
1113 1219 1177 1255 est
1198 1219 1292 1256 rota
1306 1246 1317 1267 ,
1342 1211 1388 1256 id
1409 1220 1488 1267 est,

105 1282 219 1327 orbis
237 1289 465 1326 terrarum.
495 1302 515 1325 «
538 1283 644 1335 Quis
668 1281 857 1327 deducet
878 1297 948 1326 me
975 1281 1021 1326 in
1043 1282 1262 1327 civitatem
1284 1283 1492 1327 circums-

107 1370 129 1395 »
154 1352 323 1396 tantiae‘?
341 1352 442 1405 Quis
459 1351 649 1397 deducet
661 1367 731 1396 mc
747 1367 886 1412 usque
902 1353 947 1396 in
959 1351 1224 1396 Idumaeam?
1241 1372 1261 1394 »
1288 1352 1333 1397 id
1350 1362 1428 1408 est,
1443 1362 1493 1397 ut

105 1438 282 1481 regnem
317 1423 446 1467 etiam
474 1423 654 1466 terrenis
671 1458 681 1477 ,
718 1431 768 1466 ut
795 1438 864 1466 me
896 1432 1160 1467 venerentur
1181 1424 1311 1468 etiam
1340 1423 1416 1484 qui
1438 1422 1494 1467 de

106 1509 176 1538 me
192 1509 284 1538 non
304 1502 426 1547 sunt,
450 1493 526 1553 qui
548 1492 602 1537 dc
619 1507 689 1537 me
710 1492 867 1536 nolunt
881 1494 1105 1553 proficere.
1227 1493 1229 1495 ’

163 1567 289 1609 XIII.
311 1583 330 1604 «
356 1564 461 1617 Quis
494 1563 684 1608 deducet
709 1579 779 1608 me
809 1580 949 1624 usque
979 1565 1025 1608 in
1057 1564 1312 1609 Idumaeam.
1340 1567 1496 1611 Nonne

110 1653 131 1677 ³)
166 1644 231 1690 tu,
247 1638 377 1689 Deus,
390 1634 465 1694 qui
475 1634 670 1694 repulisti
682 1636 781 1679 nos?
794 1643 836 1678 et
844 1650 934 1679 non
947 1635 1195 1694 egredieris,
1206 1639 1336 1692 Deus,
1348 1636 1394 1680 in
1404 1636 1496 1680 vir-

111 1723 132 1747 »
166 1704 335 1750 tutibu’s
357 1705 514 1749 nostris
530 1706 562 1748 ³.
601 1723 621 1746 »
648 1707 803 1750 Nonne
832 1714 881 1749 tu
918 1721 998 1750 nos
1021 1705 1210 1751 deduces
1231 1707 1407 1768 quinos
1435 1722 1497 1751 re-

109 1776 283 1838 pulisti?
316 1776 400 1821 Scd
427 1792 562 1837 quare
593 1775 791 1836 repulisti
819 1779 929 1821 nos?
964 1778 1074 1830 Quia
1114 1777 1363 1822 destruxisti
1399 1793 1494 1823 nos.

114 1866 132 1889 «
167 1850 311 1901 Quare
340 1846 586 1891 destruxisti
608 1848 712 1891 nos?
749 1846 857 1899 Quia
887 1847 1021 1892 iratus
1050 1863 1116 1903 es,
1159 1857 1202 1892 et
1225 1848 1425 1893 misertus
1454 1863 1498 1893 es

112 1935 134 1960 »
168 1917 319 1962 nostri.
347 1935 368 1959 ³>
398 1920 463 1961 Tu
481 1933 583 1976 ergo
615 1915 802 1961 deduces
823 1918 899 1977 qui
921 1917 1140 1978 repulisti,
1164 1918 1241 1979 qui
1265 1935 1355 1963 non
1374 1933 1498 1977 egre-

110 1988 252 2044 dieriS,
264 1992 395 2043 Deus,
410 1989 456 2031 in
466 1987 699 2033 virtutibus
719 1988 890 2043 nostris,
906 1997 955 2032 tu
967 1987 1171 2033 deduces.
1187 1988 1387 2045 Quidest,
1398 1991 1497 2035 Non

115 2077 135 2102 »
161 2059 389 2118 egredieris
406 2060 450 2103 in
468 2059 704 2104 virtutibus
721 2059 904 2104 nostris?
921 2078 940 2101 n
960 2060 1195 2105 Saeviturus
1213 2069 1276 2105 est
1289 2059 1497 2117 mundus,

112 2129 445 2174 conculcaturus
459 2139 523 2174 est
538 2145 616 2173 nos
632 2128 838 2185 mundus,
854 2129 1029 2175 futurus
1041 2140 1104 2175 est
1120 2147 1297 2176 acervus
1312 2132 1501 2176 testimo·

113 2201 172 2244 nii
182 2200 319 2245 effuso
328 2204 569 2258 Martyrum
584 2201 808 2259 sanguine,
825 2210 867 2244 et
876 2200 1035 2245 dicturi
1047 2211 1207 2262 suntpa
1214 2203 1312 2260 gani
1323 2203 1502 2247 saevien-

114 2281 176 2317 tes
192 2308 202 2326 ,
234 2291 254 2314 «
272 2272 356 2316 Ubi
379 2281 441 2316 est
459 2274 571 2316 Deus
584 2287 734 2316 eorum
748 2273 785 2316 4?
804 2290 824 2314 »
853 2275 975 2318 Tunc
990 2276 1089 2318 Non
1106 2274 1350 2332 egredieris,
1365 2277 1497 2330 Deus,

117 2360 138 2384 »
172 2343 215 2387 in
232 2341 464 2387 virtutibus
495 2343 651 2387 nostris
674 2363 682 2388 :
707 2362 728 2385 ³>
754 2359 845 2388 non
868 2353 1017 2389 contra
1040 2361 1111 2390 eos
1137 2345 1385 2406 apparebis,
1411 2361 1501 2390 non

116 2413 313 2458 ostendes
334 2415 572 2473 potentiam
594 2423 741 2473 tuam3
765 2413 939 2474 qualem
959 2415 1182 2460 ostendisti
1202 2416 1249 2460 in
1270 2416 1433 2471 David,
1455 2415 1502 2459 in

116 2486 267 2542 Moyse
282 2520 292 2540 ,
327 2485 374 2529 in
396 2488 498 2529 ,lesu
520 2487 636 2531 Nave
652 2521 663 2540 ,
689 2485 867 2546 quando
890 2502 1043 2532 corum
1065 2485 1313 2532 fortitudini
1342 2489 1501 2531 Gentes

166 2586 174 2602 ¹
193 2581 291 2622 Supra
302 2581 334 2612 in
347 2580 426 2612 psal.
442 2591 526 2622 ivm,
546 2583 647 2613 Serui.
663 2593 685 2621 1,
701 2593 731 2612 n.
756 2581 805 2613 15.
829 2598 869 2603 —
884 2589 895 2605 ²
910 2581 985 2614 Psal.
1005 2593 1110 2624 Lxxw,
1125 2593 1176 2624 19.
1193 2600 1235 2605 --
1255 2580 1268 2605 3
1283 2582 1327 2614 Id.
1350 2592 1417 2623 xxx,
1443 2590 1495 2614 19..

121 2651 161 2657 -
181 2635 197 2659 4
214 2636 260 2668 ld.
283 2647 414 2676 lxtvm,
437 2648 486 2668 10.
