<?xml version="1.0" encoding="UTF-8"?>
<!DOCTYPE html PUBLIC "-//W3C//DTD XHTML 1.0 Transitional//EN"
    "http://www.w3.org/TR/xhtml1/DTD/xhtml1-transitional.dtd">
<html xmlns="http://www.w3.org/1999/xhtml" xml:lang="en" lang="en">
 <head>
  <title>
</title>
<meta http-equiv="Content-Type" content="text/html;charset=utf-8" />
  <meta name='ocr-system' content='tesseract 3.04.00' />
  <meta name='ocr-capabilities' content='ocr_page ocr_carea ocr_par ocr_line ocrx_word'/>
</head>
<body>
  <div class='ocr_page' id='page_1' title='image "./operaomniaaccura09auguuoft_0443.png"; bbox 0 0 1889 3285; ppageno 0'>
   <div class='ocr_carea' id='block_1_1' title="bbox 0 0 63 3285">
    <p class='ocr_par' dir='ltr' id='par_1_1' title="bbox 0 0 63 3285">
     <span class='ocr_line' id='line_1_1' title="bbox 0 0 63 3285; baseline 0 0"><span class='ocrx_word' id='word_1_1' title='bbox 0 0 63 3285; x_wconf 95' lang='lat' dir='ltr'> </span> 
     </span>
    </p>
   </div>
   <div class='ocr_carea' id='block_1_2' title="bbox 432 237 1446 278">
    <p class='ocr_par' dir='ltr' id='par_1_2' title="bbox 432 237 1446 278">
     <span class='ocr_line' id='line_1_2' title="bbox 432 237 1446 278; baseline 0.004 -5"><span class='ocrx_word' id='word_1_2' title='bbox 432 245 673 276; x_wconf 70' lang='lat' dir='ltr'>ENARRAno</span> <span class='ocrx_word' id='word_1_3' title='bbox 705 249 751 277; x_wconf 81' lang='lat' dir='ltr'>m</span> <span class='ocrx_word' id='word_1_4' title='bbox 783 249 987 278; x_wconf 74' lang='lat' dir='ltr'>PsALMUM</span> <span class='ocrx_word' id='word_1_5' title='bbox 1019 250 1133 277; x_wconf 77' lang='lat' dir='ltr'>Lxxi.</span> <span class='ocrx_word' id='word_1_6' title='bbox 1366 237 1446 277; x_wconf 80' lang='lat'>431</span> 
     </span>
    </p>
   </div>
   <div class='ocr_carea' id='block_1_3' title="bbox 38 308 1479 2485">
    <p class='ocr_par' dir='ltr' id='par_1_3' title="bbox 38 308 1479 2485">
     <span class='ocr_line' id='line_1_3' title="bbox 66 308 1452 374; baseline 0.004 -22"><span class='ocrx_word' id='word_1_7' title='bbox 66 308 169 353; x_wconf 84' lang='lat' dir='ltr'>Exal</span> <span class='ocrx_word' id='word_1_8' title='bbox 177 317 263 354; x_wconf 91' lang='lat' dir='ltr'>tato</span> <span class='ocrx_word' id='word_1_9' title='bbox 280 310 426 370; x_wconf 80' lang='lat' dir='ltr'>itaque</span> <span class='ocrx_word' id='word_1_10' title='bbox 441 310 592 356; x_wconf 88' lang='lat' dir='ltr'>fructu</span> <span class='ocrx_word' id='word_1_11' title='bbox 612 313 771 357; x_wconf 81' lang='lat' dir='ltr'>Christi</span> <span class='ocrx_word' id='word_1_12' title='bbox 793 329 923 374; x_wconf 88' lang='lat' dir='ltr'>super</span> <span class='ocrx_word' id='word_1_13' title='bbox 939 314 1181 369; x_wconf 84' lang='lat' dir='ltr'>Libanum,</span> <span class='ocrx_word' id='word_1_14' title='bbox 1205 314 1252 358; x_wconf 92' lang='lat' dir='ltr'>id</span> <span class='ocrx_word' id='word_1_15' title='bbox 1272 322 1337 358; x_wconf 87' lang='lat' dir='ltr'>est</span> <span class='ocrx_word' id='word_1_16' title='bbox 1350 349 1362 369; x_wconf 83' lang='lat'>‚</span> <span class='ocrx_word' id='word_1_17' title='bbox 1382 330 1452 358; x_wconf 91' lang='lat' dir='ltr'>su-</span> 
     </span>
     <span class='ocr_line' id='line_1_4' title="bbox 66 379 1451 444; baseline 0.005 -22"><span class='ocrx_word' id='word_1_18' title='bbox 66 394 144 439; x_wconf 89' lang='lat' dir='ltr'>per</span> <span class='ocrx_word' id='word_1_19' title='bbox 164 380 337 424; x_wconf 86' lang='lat' dir='ltr'>arbores</span> <span class='ocrx_word' id='word_1_20' title='bbox 354 379 580 426; x_wconf 84' lang='lat' dir='ltr'>diuturnas</span> <span class='ocrx_word' id='word_1_21' title='bbox 603 391 647 426; x_wconf 87' lang='lat' dir='ltr'>et</span> <span class='ocrx_word' id='word_1_22' title='bbox 662 382 782 442; x_wconf 84' lang='lat' dir='ltr'>ligna</span> <span class='ocrx_word' id='word_1_23' title='bbox 798 383 1098 444; x_wconf 87' lang='lat' dir='ltr'>imputribilia,</span> <span class='ocrx_word' id='word_1_24' title='bbox 1117 383 1221 443; x_wconf 90' lang='lat' dir='ltr'>quia</span> <span class='ocrx_word' id='word_1_25' title='bbox 1238 383 1313 427; x_wconf 89' lang='lat' dir='ltr'>ille</span> <span class='ocrx_word' id='word_1_26' title='bbox 1328 383 1451 429; x_wconf 88' lang='lat' dir='ltr'>fruc-</span> 
     </span>
     <span class='ocr_line' id='line_1_5' title="bbox 67 452 1452 505; baseline 0.004 -13"><span class='ocrx_word' id='word_1_27' title='bbox 67 457 137 493; x_wconf 89' lang='lat' dir='ltr'>tus</span> <span class='ocrx_word' id='word_1_28' title='bbox 158 459 345 493; x_wconf 85' lang='lat' dir='ltr'>aeternus</span> <span class='ocrx_word' id='word_1_29' title='bbox 377 459 460 505; x_wconf 83' lang='lat' dir='ltr'>est,</span> <span class='ocrx_word' id='word_1_30' title='bbox 486 452 624 496; x_wconf 88' lang='lat' dir='ltr'>omnis</span> <span class='ocrx_word' id='word_1_31' title='bbox 655 453 825 497; x_wconf 83' lang='lat' dir='ltr'>claritas</span> <span class='ocrx_word' id='word_1_32' title='bbox 852 453 1041 497; x_wconf 90' lang='lat' dir='ltr'>hominis</span> <span class='ocrx_word' id='word_1_33' title='bbox 1068 453 1311 497; x_wconf 90' lang='lat' dir='ltr'>secundum</span> <span class='ocrx_word' id='word_1_34' title='bbox 1339 463 1452 497; x_wconf 89' lang='lat' dir='ltr'>tem-</span> 
     </span>
     <span class='ocr_line' id='line_1_6' title="bbox 67 519 1454 582; baseline 0.002 -18"><span class='ocrx_word' id='word_1_35' title='bbox 67 519 261 578; x_wconf 85' lang='lat' dir='ltr'>poralem</span> <span class='ocrx_word' id='word_1_36' title='bbox 280 519 427 564; x_wconf 84' lang='lat' dir='ltr'>saeculi</span> <span class='ocrx_word' id='word_1_37' title='bbox 449 521 752 566; x_wconf 79' lang='lat' dir='ltr'>celsitudinem</span> <span class='ocrx_word' id='word_1_38' title='bbox 771 522 892 568; x_wconf 86' lang='lat' dir='ltr'>foeno</span> <span class='ocrx_word' id='word_1_39' title='bbox 913 532 1191 582; x_wconf 88' lang='lat' dir='ltr'>comparatur</span> <span class='ocrx_word' id='word_1_40' title='bbox 1207 557 1218 578; x_wconf 86' lang='lat'>‚</span> <span class='ocrx_word' id='word_1_41' title='bbox 1242 523 1454 582; x_wconf 78' lang='lat' dir='ltr'>quoniam</span> 
     </span>
     <span class='ocr_line' id='line_1_7' title="bbox 71 588 1458 654; baseline 0.002 -20"><span class='ocrx_word' id='word_1_42' title='bbox 71 605 95 634; x_wconf 87' lang='lat' dir='ltr'>a</span> <span class='ocrx_word' id='word_1_43' title='bbox 114 588 391 634; x_wconf 83' lang='lat' dir='ltr'>credentibus</span> <span class='ocrx_word' id='word_1_44' title='bbox 423 601 466 635; x_wconf 87' lang='lat' dir='ltr'>et</span> <span class='ocrx_word' id='word_1_45' title='bbox 486 593 621 636; x_wconf 83' lang='lat' dir='ltr'>vitam</span> <span class='ocrx_word' id='word_1_46' title='bbox 641 601 849 638; x_wconf 82' lang='lat' dir='ltr'>aete&#39;rnam</span> <span class='ocrx_word' id='word_1_47' title='bbox 865 595 956 654; x_wconf 89' lang='lat' dir='ltr'>jam</span> <span class='ocrx_word' id='word_1_48' title='bbox 984 593 1259 653; x_wconf 81' lang='lat' dir='ltr'>sperantibus</span> <span class='ocrx_word' id='word_1_49' title='bbox 1286 594 1458 653; x_wconf 86' lang='lat' dir='ltr'>sperni-</span> 
     </span>
     <span class='ocr_line' id='line_1_8' title="bbox 70 659 1455 724; baseline 0.004 -21"><span class='ocrx_word' id='word_1_50' title='bbox 70 668 142 703; x_wconf 87' lang='lat' dir='ltr'>tur</span> <span class='ocrx_word' id='word_1_51' title='bbox 159 659 342 704; x_wconf 81' lang='lat' dir='ltr'>felicitas</span> <span class='ocrx_word' id='word_1_52' title='bbox 360 662 608 720; x_wconf 84' lang='lat' dir='ltr'>temporalis</span> <span class='ocrx_word' id='word_1_53' title='bbox 621 697 633 718; x_wconf 83' lang='lat'><strong>‚</strong></span> <span class='ocrx_word' id='word_1_54' title='bbox 666 672 717 707; x_wconf 94' lang='lat' dir='ltr'>ut</span> <span class='ocrx_word' id='word_1_55' title='bbox 736 663 968 723; x_wconf 85' lang='lat' dir='ltr'>impleatur</span> <span class='ocrx_word' id='word_1_56' title='bbox 986 663 1107 724; x_wconf 87' lang='lat' dir='ltr'>quod</span> <span class='ocrx_word' id='word_1_57' title='bbox 1123 663 1336 723; x_wconf 89' lang='lat' dir='ltr'>scriptum</span> <span class='ocrx_word' id='word_1_58' title='bbox 1357 672 1420 707; x_wconf 87' lang='lat' dir='ltr'>est</span> <span class='ocrx_word' id='word_1_59' title='bbox 1444 682 1455 708; x_wconf 91' lang='lat'>:</span> 
     </span>
     <span class='ocr_line' id='line_1_9' title="bbox 77 729 1461 788; baseline 0.005 -17"><span class='ocrx_word' id='word_1_60' title='bbox 77 747 96 770; x_wconf 89' lang='lat'>«</span> <span class='ocrx_word' id='word_1_61' title='bbox 130 729 282 773; x_wconf 89' lang='lat' dir='ltr'>Omnis</span> <span class='ocrx_word' id='word_1_62' title='bbox 315 746 414 775; x_wconf 86' lang='lat' dir='ltr'>caro</span> <span class='ocrx_word' id='word_1_63' title='bbox 448 730 649 788; x_wconf 80' lang='lat' dir='ltr'>foenum,</span> <span class='ocrx_word' id='word_1_64' title='bbox 691 743 734 778; x_wconf 87' lang='lat' dir='ltr'>ct</span> <span class='ocrx_word' id='word_1_65' title='bbox 769 735 909 778; x_wconf 89' lang='lat' dir='ltr'>omnis</span> <span class='ocrx_word' id='word_1_66' title='bbox 944 733 1114 778; x_wconf 85' lang='lat' dir='ltr'>claritas</span> <span class='ocrx_word' id='word_1_67' title='bbox 1147 734 1286 778; x_wconf 89' lang='lat' dir='ltr'>carnis</span> <span class='ocrx_word' id='word_1_68' title='bbox 1308 743 1359 778; x_wconf 85' lang='lat' dir='ltr'>ut</span> <span class='ocrx_word' id='word_1_69' title='bbox 1379 734 1461 778; x_wconf 86' lang='lat' dir='ltr'>flos</span> 
     </span>
     <span class='ocr_line' id='line_1_10' title="bbox 76 798 1461 861; baseline 0.005 -19"><span class='ocrx_word' id='word_1_70' title='bbox 76 817 97 841; x_wconf 90' lang='lat'>»</span> <span class='ocrx_word' id='word_1_71' title='bbox 131 798 269 859; x_wconf 81' lang='lat' dir='ltr'>foeni3</span> <span class='ocrx_word' id='word_1_72' title='bbox 311 801 483 846; x_wconf 84' lang='lat' dir='ltr'>foenum</span> <span class='ocrx_word' id='word_1_73' title='bbox 508 804 645 860; x_wconf 82' lang='lat' dir='ltr'>aruit,</span> <span class='ocrx_word' id='word_1_74' title='bbox 670 804 750 849; x_wconf 90' lang='lat' dir='ltr'>flos</span> <span class='ocrx_word' id='word_1_75' title='bbox 772 804 935 849; x_wconf 85' lang='lat' dir='ltr'>decidit</span> <span class='ocrx_word' id='word_1_76' title='bbox 951 840 962 861; x_wconf 85' lang='lat'>‚</span> <span class='ocrx_word' id='word_1_77' title='bbox 987 805 1172 850; x_wconf 88' lang='lat' dir='ltr'>verbum</span> <span class='ocrx_word' id='word_1_78' title='bbox 1201 815 1348 849; x_wconf 89' lang='lat' dir='ltr'>autem</span> <span class='ocrx_word' id='word_1_79' title='bbox 1371 808 1461 849; x_wconf 89' lang='lat' dir='ltr'>Do-</span> 
     </span>
     <span class='ocr_line' id='line_1_11' title="bbox 76 870 1464 936; baseline 0.006 -24"><span class='ocrx_word' id='word_1_80' title='bbox 76 888 96 912; x_wconf 91' lang='lat'>»</span> <span class='ocrx_word' id='word_1_81' title='bbox 131 870 239 915; x_wconf 87' lang='lat' dir='ltr'>mini</span> <span class='ocrx_word' id='word_1_82' title='bbox 259 882 406 917; x_wconf 84' lang='lat' dir='ltr'>manet</span> <span class='ocrx_word' id='word_1_83' title='bbox 427 873 473 916; x_wconf 90' lang='lat' dir='ltr'>in</span> <span class='ocrx_word' id='word_1_84' title='bbox 492 883 705 918; x_wconf 85' lang='lat' dir='ltr'>aeternum</span> <span class='ocrx_word' id='word_1_85' title='bbox 722 877 753 918; x_wconf 79' lang='lat'>1.</span> <span class='ocrx_word' id='word_1_86' title='bbox 785 893 805 917; x_wconf 92' lang='lat'>»</span> <span class='ocrx_word' id='word_1_87' title='bbox 834 876 900 919; x_wconf 89' lang='lat' dir='ltr'>Ibi</span> <span class='ocrx_word' id='word_1_88' title='bbox 921 885 987 920; x_wconf 86' lang='lat' dir='ltr'>est</span> <span class='ocrx_word' id='word_1_89' title='bbox 1009 875 1176 920; x_wconf 84' lang='lat' dir='ltr'>fructus</span> <span class='ocrx_word' id='word_1_90' title='bbox 1198 876 1291 936; x_wconf 89' lang='lat' dir='ltr'>ejus</span> <span class='ocrx_word' id='word_1_91' title='bbox 1308 874 1464 920; x_wconf 83' lang='lat' dir='ltr'>exalta-</span> 
     </span>
     <span class='ocr_line' id='line_1_12' title="bbox 75 942 1466 1005; baseline 0.004 -21"><span class='ocrx_word' id='word_1_92' title='bbox 75 949 145 985; x_wconf 91' lang='lat' dir='ltr'>tus</span> <span class='ocrx_word' id='word_1_93' title='bbox 165 957 295 1000; x_wconf 90' lang='lat' dir='ltr'>super</span> <span class='ocrx_word' id='word_1_94' title='bbox 327 942 558 988; x_wconf 86' lang='lat' dir='ltr'>Libanum.</span> <span class='ocrx_word' id='word_1_95' title='bbox 601 947 778 1005; x_wconf 87' lang='lat' dir='ltr'>Semper</span> <span class='ocrx_word' id='word_1_96' title='bbox 799 947 917 989; x_wconf 89' lang='lat' dir='ltr'>enim</span> <span class='ocrx_word' id='word_1_97' title='bbox 948 962 1049 990; x_wconf 88' lang='lat' dir='ltr'>caro</span> <span class='ocrx_word' id='word_1_98' title='bbox 1082 945 1253 990; x_wconf 85' lang='lat' dir='ltr'>foenum</span> <span class='ocrx_word' id='word_1_99' title='bbox 1276 945 1382 1001; x_wconf 80' lang='lat' dir='ltr'>suit,</span> <span class='ocrx_word' id='word_1_100' title='bbox 1423 955 1466 990; x_wconf 90' lang='lat' dir='ltr'>et</span> 
     </span>
     <span class='ocr_line' id='line_1_13' title="bbox 74 1009 1467 1076; baseline 0.004 -22"><span class='ocrx_word' id='word_1_101' title='bbox 74 1009 244 1059; x_wconf 86' lang='lat' dir='ltr'>claritas</span> <span class='ocrx_word' id='word_1_102' title='bbox 264 1013 404 1057; x_wconf 89' lang='lat' dir='ltr'>carnis</span> <span class='ocrx_word' id='word_1_103' title='bbox 425 1022 476 1058; x_wconf 90' lang='lat' dir='ltr'>ut</span> <span class='ocrx_word' id='word_1_104' title='bbox 496 1014 575 1059; x_wconf 88' lang='lat' dir='ltr'>flos</span> <span class='ocrx_word' id='word_1_105' title='bbox 591 1014 721 1060; x_wconf 83' lang='lat' dir='ltr'>foeni:</span> <span class='ocrx_word' id='word_1_106' title='bbox 747 1015 824 1059; x_wconf 91' lang='lat' dir='ltr'>sed</span> <span class='ocrx_word' id='word_1_107' title='bbox 844 1016 947 1076; x_wconf 88' lang='lat' dir='ltr'>quia</span> <span class='ocrx_word' id='word_1_108' title='bbox 967 1032 1057 1060; x_wconf 91' lang='lat' dir='ltr'>non</span> <span class='ocrx_word' id='word_1_109' title='bbox 1074 1016 1467 1060; x_wconf 84' lang='lat' dir='ltr'>demonstrabatur</span> 
     </span>
     <span class='ocr_line' id='line_1_14' title="bbox 75 1079 1466 1145; baseline 0.003 -20"><span class='ocrx_word' id='word_1_110' title='bbox 75 1097 176 1141; x_wconf 81' lang='lat' dir='ltr'>quae</span> <span class='ocrx_word' id='word_1_111' title='bbox 207 1079 349 1127; x_wconf 85' lang='lat' dir='ltr'>suerat</span> <span class='ocrx_word' id='word_1_112' title='bbox 383 1083 584 1143; x_wconf 84' lang='lat' dir='ltr'>eligenda</span> <span class='ocrx_word' id='word_1_113' title='bbox 608 1094 653 1130; x_wconf 87' lang='lat' dir='ltr'>et</span> <span class='ocrx_word' id='word_1_114' title='bbox 686 1085 982 1145; x_wconf 85' lang='lat' dir='ltr'>praeponenda</span> <span class='ocrx_word' id='word_1_115' title='bbox 1009 1084 1193 1130; x_wconf 80' lang='lat' dir='ltr'>felicitas</span> <span class='ocrx_word' id='word_1_116' title='bbox 1209 1087 1225 1141; x_wconf 59' lang='lat'>,‘</span> <span class='ocrx_word' id='word_1_117' title='bbox 1252 1086 1332 1130; x_wconf 91' lang='lat' dir='ltr'>flos</span> <span class='ocrx_word' id='word_1_118' title='bbox 1354 1085 1466 1129; x_wconf 79' lang='lat' dir='ltr'>foem</span> 
     </span>
     <span class='ocr_line' id='line_1_15' title="bbox 77 1155 1466 1213; baseline 0.004 -18"><span class='ocrx_word' id='word_1_119' title='bbox 77 1167 158 1210; x_wconf 91' lang='lat' dir='ltr'>pro</span> <span class='ocrx_word' id='word_1_120' title='bbox 188 1168 346 1211; x_wconf 85' lang='lat' dir='ltr'>magno</span> <span class='ocrx_word' id='word_1_121' title='bbox 375 1155 650 1213; x_wconf 79' lang='lat' dir='ltr'>habebatur3</span> <span class='ocrx_word' id='word_1_122' title='bbox 682 1171 763 1200; x_wconf 92' lang='lat' dir='ltr'>nec</span> <span class='ocrx_word' id='word_1_123' title='bbox 791 1155 933 1200; x_wconf 88' lang='lat' dir='ltr'>solum</span> <span class='ocrx_word' id='word_1_124' title='bbox 954 1156 1134 1200; x_wconf 87' lang='lat' dir='ltr'>minime</span> <span class='ocrx_word' id='word_1_125' title='bbox 1155 1156 1466 1200; x_wconf 88' lang='lat' dir='ltr'>contemneba-</span> 
     </span>
     <span class='ocr_line' id='line_1_16' title="bbox 78 1223 1467 1286; baseline 0.004 -20"><span class='ocrx_word' id='word_1_126' title='bbox 78 1231 150 1267; x_wconf 88' lang='lat' dir='ltr'>tur</span> <span class='ocrx_word' id='word_1_127' title='bbox 165 1258 178 1279; x_wconf 85' lang='lat'>‚</span> <span class='ocrx_word' id='word_1_128' title='bbox 201 1223 278 1268; x_wconf 91' lang='lat' dir='ltr'>sed</span> <span class='ocrx_word' id='word_1_129' title='bbox 299 1226 430 1270; x_wconf 90' lang='lat' dir='ltr'>etiam</span> <span class='ocrx_word' id='word_1_130' title='bbox 461 1226 646 1271; x_wconf 84' lang='lat' dir='ltr'>maxime</span> <span class='ocrx_word' id='word_1_131' title='bbox 668 1227 970 1286; x_wconf 87' lang='lat' dir='ltr'>appetebatur.</span> <span class='ocrx_word' id='word_1_132' title='bbox 989 1227 1121 1280; x_wconf 84' lang='lat' dir='ltr'>Quasi</span> <span class='ocrx_word' id='word_1_133' title='bbox 1143 1242 1246 1285; x_wconf 88' lang='lat' dir='ltr'>ergo</span> <span class='ocrx_word' id='word_1_134' title='bbox 1274 1236 1382 1271; x_wconf 86' lang='lat' dir='ltr'>tunc</span> <span class='ocrx_word' id='word_1_135' title='bbox 1405 1226 1467 1271; x_wconf 87' lang='lat' dir='ltr'>ita</span> 
     </span>
     <span class='ocr_line' id='line_1_17' title="bbox 80 1296 1467 1358; baseline 0.003 -20"><span class='ocrx_word' id='word_1_136' title='bbox 80 1308 170 1338; x_wconf 86' lang='lat' dir='ltr'>esse</span> <span class='ocrx_word' id='word_1_137' title='bbox 205 1296 414 1354; x_wconf 84' lang='lat' dir='ltr'>coeperit,</span> <span class='ocrx_word' id='word_1_138' title='bbox 453 1296 632 1356; x_wconf 89' lang='lat' dir='ltr'>quando</span> <span class='ocrx_word' id='word_1_139' title='bbox 665 1313 862 1341; x_wconf 88' lang='lat' dir='ltr'>aversum</span> <span class='ocrx_word' id='word_1_140' title='bbox 890 1307 954 1341; x_wconf 88' lang='lat' dir='ltr'>est</span> <span class='ocrx_word' id='word_1_141' title='bbox 987 1307 1120 1358; x_wconf 85' lang='lat' dir='ltr'>atque</span> <span class='ocrx_word' id='word_1_142' title='bbox 1159 1306 1467 1357; x_wconf 84' lang='lat' dir='ltr'>contemptum</span> 
     </span>
     <span class='ocr_line' id='line_1_18' title="bbox 80 1364 1467 1429; baseline 0.003 -20"><span class='ocrx_word' id='word_1_143' title='bbox 80 1364 298 1425; x_wconf 81' lang='lat' dir='ltr'>quidquid</span> <span class='ocrx_word' id='word_1_144' title='bbox 314 1366 499 1410; x_wconf 86' lang='lat' dir='ltr'>florebat</span> <span class='ocrx_word' id='word_1_145' title='bbox 516 1367 560 1412; x_wconf 90' lang='lat' dir='ltr'>in</span> <span class='ocrx_word' id='word_1_146' title='bbox 589 1367 750 1412; x_wconf 84' lang='lat' dir='ltr'>saeculo</span> <span class='ocrx_word' id='word_1_147' title='bbox 770 1403 781 1423; x_wconf 81' lang='grc'>,</span> <span class='ocrx_word' id='word_1_148' title='bbox 805 1369 865 1412; x_wconf 89' lang='lat' dir='ltr'>ita</span> <span class='ocrx_word' id='word_1_149' title='bbox 886 1368 1054 1413; x_wconf 85' lang='lat' dir='ltr'>dictum</span> <span class='ocrx_word' id='word_1_150' title='bbox 1077 1378 1141 1414; x_wconf 90' lang='lat' dir='ltr'>est</span> <span class='ocrx_word' id='word_1_151' title='bbox 1169 1388 1178 1414; x_wconf 89' lang='lat'>:</span> <span class='ocrx_word' id='word_1_152' title='bbox 1202 1388 1224 1412; x_wconf 88' lang='lat'>«</span> <span class='ocrx_word' id='word_1_153' title='bbox 1251 1371 1467 1429; x_wconf 86' lang='lat' dir='ltr'>Superex-</span> 
     </span>
     <span class='ocr_line' id='line_1_19' title="bbox 84 1436 1469 1499; baseline 0.004 -20"><span class='ocrx_word' id='word_1_154' title='bbox 84 1454 105 1477; x_wconf 88' lang='lat'>»</span> <span class='ocrx_word' id='word_1_155' title='bbox 140 1436 318 1481; x_wconf 85' lang='lat' dir='ltr'>tolletur</span> <span class='ocrx_word' id='word_1_156' title='bbox 350 1453 478 1497; x_wconf 88' lang='lat' dir='ltr'>super</span> <span class='ocrx_word' id='word_1_157' title='bbox 511 1438 727 1482; x_wconf 85' lang='lat' dir='ltr'>Libanum</span> <span class='ocrx_word' id='word_1_158' title='bbox 754 1438 923 1484; x_wconf 86' lang='lat' dir='ltr'>fructus</span> <span class='ocrx_word' id='word_1_159' title='bbox 951 1441 1066 1499; x_wconf 81' lang='lat' dir='ltr'>ejus,</span> <span class='ocrx_word' id='word_1_160' title='bbox 1095 1450 1140 1484; x_wconf 91' lang='lat' dir='ltr'>et</span> <span class='ocrx_word' id='word_1_161' title='bbox 1157 1440 1381 1484; x_wconf 84' lang='lat' dir='ltr'>florebunt</span> <span class='ocrx_word' id='word_1_162' title='bbox 1413 1439 1469 1483; x_wconf 86' lang='lat' dir='ltr'>de</span> 
     </span>
     <span class='ocr_line' id='line_1_20' title="bbox 85 1507 1469 1565; baseline 0.004 -17"><span class='ocrx_word' id='word_1_163' title='bbox 85 1526 105 1549; x_wconf 84' lang='lat'>»</span> <span class='ocrx_word' id='word_1_164' title='bbox 139 1508 311 1552; x_wconf 85' lang='lat' dir='ltr'>civitate</span> <span class='ocrx_word' id='word_1_165' title='bbox 332 1509 444 1552; x_wconf 89' lang='lat' dir='ltr'>sicut</span> <span class='ocrx_word' id='word_1_166' title='bbox 465 1507 638 1554; x_wconf 87' lang='lat' dir='ltr'>foenum</span> <span class='ocrx_word' id='word_1_167' title='bbox 657 1520 783 1553; x_wconf 80' lang='lat' dir='ltr'>terrae</span> <span class='ocrx_word' id='word_1_168' title='bbox 813 1530 822 1555; x_wconf 75' lang='grc' dir='ltr'>ε</span> <span class='ocrx_word' id='word_1_169' title='bbox 851 1529 872 1552; x_wconf 82' lang='grc'>»</span> <span class='ocrx_word' id='word_1_170' title='bbox 896 1510 942 1554; x_wconf 94' lang='lat' dir='ltr'>id</span> <span class='ocrx_word' id='word_1_171' title='bbox 964 1520 1048 1565; x_wconf 79' lang='lat' dir='ltr'>est,</span> <span class='ocrx_word' id='word_1_172' title='bbox 1071 1510 1373 1554; x_wconf 83' lang='lat' dir='ltr'>diffamabitur</span> <span class='ocrx_word' id='word_1_173' title='bbox 1393 1526 1469 1554; x_wconf 89' lang='lat' dir='ltr'>su-</span> 
     </span>
     <span class='ocr_line' id='line_1_21' title="bbox 83 1579 1473 1639; baseline 0.001 -17"><span class='ocrx_word' id='word_1_174' title='bbox 83 1593 161 1637; x_wconf 88' lang='lat' dir='ltr'>per</span> <span class='ocrx_word' id='word_1_175' title='bbox 179 1579 326 1623; x_wconf 88' lang='lat' dir='ltr'>omnia</span> <span class='ocrx_word' id='word_1_176' title='bbox 356 1579 476 1639; x_wconf 91' lang='lat' dir='ltr'>quod</span> <span class='ocrx_word' id='word_1_177' title='bbox 503 1579 550 1622; x_wconf 92' lang='lat' dir='ltr'>in</span> <span class='ocrx_word' id='word_1_178' title='bbox 569 1589 784 1624; x_wconf 83' lang='lat' dir='ltr'>aeternum</span> <span class='ocrx_word' id='word_1_179' title='bbox 806 1580 1076 1639; x_wconf 85' lang='lat' dir='ltr'>promittitur</span> <span class='ocrx_word' id='word_1_180' title='bbox 1091 1616 1102 1635; x_wconf 87' lang='lat'>‚</span> <span class='ocrx_word' id='word_1_181' title='bbox 1134 1589 1179 1624; x_wconf 90' lang='lat' dir='ltr'>et</span> <span class='ocrx_word' id='word_1_182' title='bbox 1199 1580 1473 1639; x_wconf 89' lang='lat' dir='ltr'>comparabi-</span> 
     </span>
     <span class='ocr_line' id='line_1_22' title="bbox 85 1649 1421 1710; baseline 0.002 -18"><span class='ocrx_word' id='word_1_183' title='bbox 85 1657 156 1693; x_wconf 88' lang='lat' dir='ltr'>tur</span> <span class='ocrx_word' id='word_1_184' title='bbox 176 1649 298 1694; x_wconf 84' lang='lat' dir='ltr'>foeno</span> <span class='ocrx_word' id='word_1_185' title='bbox 317 1659 441 1693; x_wconf 86' lang='lat' dir='ltr'>terrae</span> <span class='ocrx_word' id='word_1_186' title='bbox 462 1649 677 1710; x_wconf 88' lang='lat' dir='ltr'>quidquid</span> <span class='ocrx_word' id='word_1_187' title='bbox 694 1665 773 1709; x_wconf 91' lang='lat' dir='ltr'>pro</span> <span class='ocrx_word' id='word_1_188' title='bbox 798 1665 957 1709; x_wconf 80' lang='lat' dir='ltr'>magno</span> <span class='ocrx_word' id='word_1_189' title='bbox 972 1651 1160 1694; x_wconf 87' lang='lat' dir='ltr'>habetur</span> <span class='ocrx_word' id='word_1_190' title='bbox 1180 1650 1227 1695; x_wconf 91' lang='lat' dir='ltr'>in</span> <span class='ocrx_word' id='word_1_191' title='bbox 1243 1650 1421 1695; x_wconf 86' lang='lat' dir='ltr'>saeculo.</span> 
     </span>
     <span class='ocr_line' id='line_1_23' title="bbox 142 1720 1469 1779; baseline 0.003 -17"><span class='ocrx_word' id='word_1_192' title='bbox 142 1721 265 1762; x_wconf 80' lang='lat' dir='ltr'>XIX.</span> <span class='ocrx_word' id='word_1_193' title='bbox 298 1738 318 1761; x_wconf 90' lang='lat'>«</span> <span class='ocrx_word' id='word_1_194' title='bbox 355 1720 418 1764; x_wconf 88' lang='lat' dir='ltr'>Sit</span> <span class='ocrx_word' id='word_1_195' title='bbox 449 1735 553 1778; x_wconf 81' lang='lat' dir='ltr'>ergo</span> <span class='ocrx_word' id='word_1_196' title='bbox 588 1735 751 1764; x_wconf 88' lang='lat' dir='ltr'>nomen</span> <span class='ocrx_word' id='word_1_197' title='bbox 776 1721 868 1779; x_wconf 86' lang='lat' dir='ltr'>ejus</span> <span class='ocrx_word' id='word_1_198' title='bbox 900 1720 1185 1764; x_wconf 89' lang='lat' dir='ltr'>benedictum</span> <span class='ocrx_word' id='word_1_199' title='bbox 1213 1722 1260 1764; x_wconf 92' lang='lat' dir='ltr'>in</span> <span class='ocrx_word' id='word_1_200' title='bbox 1280 1720 1469 1766; x_wconf 84' lang='lat' dir='ltr'>saecula:</span> 
     </span>
     <span class='ocr_line' id='line_1_24' title="bbox 90 1789 1471 1851; baseline 0.002 -18"><span class='ocrx_word' id='word_1_201' title='bbox 90 1809 110 1832; x_wconf 90' lang='lat'>»</span> <span class='ocrx_word' id='word_1_202' title='bbox 147 1800 248 1835; x_wconf 87' lang='lat' dir='ltr'>ante</span> <span class='ocrx_word' id='word_1_203' title='bbox 269 1789 404 1834; x_wconf 89' lang='lat' dir='ltr'>solem</span> <span class='ocrx_word' id='word_1_204' title='bbox 428 1794 653 1850; x_wconf 85' lang='lat' dir='ltr'>permanet</span> <span class='ocrx_word' id='word_1_205' title='bbox 679 1805 841 1835; x_wconf 82' lang='lat' dir='ltr'>nomen</span> <span class='ocrx_word' id='word_1_206' title='bbox 863 1792 953 1851; x_wconf 88' lang='lat' dir='ltr'>ejus</span> <span class='ocrx_word' id='word_1_207' title='bbox 975 1795 1008 1835; x_wconf 75' lang='lat'>2.</span> <span class='ocrx_word' id='word_1_208' title='bbox 1037 1809 1058 1833; x_wconf 88' lang='lat'>»</span> <span class='ocrx_word' id='word_1_209' title='bbox 1088 1795 1170 1835; x_wconf 88' lang='lat' dir='ltr'>Per</span> <span class='ocrx_word' id='word_1_210' title='bbox 1200 1792 1334 1837; x_wconf 86' lang='lat' dir='ltr'>solem</span> <span class='ocrx_word' id='word_1_211' title='bbox 1358 1801 1471 1836; x_wconf 87' lang='lat' dir='ltr'>tem-</span> 
     </span>
     <span class='ocr_line' id='line_1_25' title="bbox 87 1862 1475 1922; baseline 0.001 -16"><span class='ocrx_word' id='word_1_212' title='bbox 87 1877 193 1922; x_wconf 89' lang='lat' dir='ltr'>pora</span> <span class='ocrx_word' id='word_1_213' title='bbox 213 1862 449 1919; x_wconf 83' lang='lat' dir='ltr'>significata</span> <span class='ocrx_word' id='word_1_214' title='bbox 469 1871 586 1906; x_wconf 89' lang='lat' dir='ltr'>sunt.</span> <span class='ocrx_word' id='word_1_215' title='bbox 619 1864 732 1919; x_wconf 83' lang='lat' dir='ltr'>Ergo</span> <span class='ocrx_word' id='word_1_216' title='bbox 755 1862 800 1905; x_wconf 90' lang='lat' dir='ltr'>in</span> <span class='ocrx_word' id='word_1_217' title='bbox 828 1871 1040 1906; x_wconf 81' lang='lat' dir='ltr'>aeternum</span> <span class='ocrx_word' id='word_1_218' title='bbox 1063 1871 1291 1922; x_wconf 86' lang='lat' dir='ltr'>permanet</span> <span class='ocrx_word' id='word_1_219' title='bbox 1313 1878 1475 1907; x_wconf 90' lang='lat' dir='ltr'>nomen</span> 
     </span>
     <span class='ocr_line' id='line_1_26' title="bbox 88 1931 1475 1993; baseline 0 -16"><span class='ocrx_word' id='word_1_220' title='bbox 88 1934 194 1993; x_wconf 85' lang='lat' dir='ltr'>ejus.</span> <span class='ocrx_word' id='word_1_221' title='bbox 229 1935 460 1976; x_wconf 88' lang='lat' dir='ltr'>AEternum</span> <span class='ocrx_word' id='word_1_222' title='bbox 493 1932 611 1975; x_wconf 89' lang='lat' dir='ltr'>enim</span> <span class='ocrx_word' id='word_1_223' title='bbox 642 1931 860 1977; x_wconf 89' lang='lat' dir='ltr'>antecedit</span> <span class='ocrx_word' id='word_1_224' title='bbox 890 1942 1109 1992; x_wconf 77' lang='lat' dir='ltr'>tempora,</span> <span class='ocrx_word' id='word_1_225' title='bbox 1141 1948 1222 1977; x_wconf 87' lang='lat' dir='ltr'>nec</span> <span class='ocrx_word' id='word_1_226' title='bbox 1256 1932 1475 1978; x_wconf 88' lang='lat' dir='ltr'>clauditur</span> 
     </span>
     <span class='ocr_line' id='line_1_27' title="bbox 90 2002 1472 2063; baseline 0 -16"><span class='ocrx_word' id='word_1_227' title='bbox 90 2012 299 2063; x_wconf 87' lang='lat' dir='ltr'>ternpore.</span> <span class='ocrx_word' id='word_1_228' title='bbox 324 2006 418 2047; x_wconf 88' lang='lat' dir='ltr'>«Et</span> <span class='ocrx_word' id='word_1_229' title='bbox 437 2002 753 2047; x_wconf 85' lang='lat' dir='ltr'>benedicentur</span> <span class='ocrx_word' id='word_1_230' title='bbox 773 2003 819 2046; x_wconf 92' lang='lat' dir='ltr'>in</span> <span class='ocrx_word' id='word_1_231' title='bbox 839 2003 932 2063; x_wconf 88' lang='lat' dir='ltr'>ipso</span> <span class='ocrx_word' id='word_1_232' title='bbox 950 2018 1100 2047; x_wconf 88' lang='lat' dir='ltr'>omnes</span> <span class='ocrx_word' id='word_1_233' title='bbox 1120 2003 1260 2048; x_wconf 85' lang='lat' dir='ltr'>tribus</span> <span class='ocrx_word' id='word_1_234' title='bbox 1281 2013 1424 2047; x_wconf 84' lang='lat' dir='ltr'>terrae.</span> <span class='ocrx_word' id='word_1_235' title='bbox 1449 2022 1472 2047; x_wconf 88' lang='lat'>»</span> 
     </span>
     <span class='ocr_line' id='line_1_28' title="bbox 92 2072 1470 2134; baseline 0 -16"><span class='ocrx_word' id='word_1_236' title='bbox 92 2076 145 2118; x_wconf 88' lang='lat' dir='ltr'>In</span> <span class='ocrx_word' id='word_1_237' title='bbox 175 2074 269 2133; x_wconf 89' lang='lat' dir='ltr'>ipso</span> <span class='ocrx_word' id='word_1_238' title='bbox 296 2074 459 2133; x_wconf 89' lang='lat' dir='ltr'>quippe</span> <span class='ocrx_word' id='word_1_239' title='bbox 486 2073 691 2132; x_wconf 89' lang='lat' dir='ltr'>impletur</span> <span class='ocrx_word' id='word_1_240' title='bbox 727 2072 847 2134; x_wconf 89' lang='lat' dir='ltr'>quod</span> <span class='ocrx_word' id='word_1_241' title='bbox 883 2074 1143 2133; x_wconf 86' lang='lat' dir='ltr'>promissum</span> <span class='ocrx_word' id='word_1_242' title='bbox 1173 2083 1236 2118; x_wconf 89' lang='lat' dir='ltr'>est</span> <span class='ocrx_word' id='word_1_243' title='bbox 1268 2075 1470 2118; x_wconf 83' lang='lat' dir='ltr'>Abrahae.</span> 
     </span>
     <span class='ocr_line' id='line_1_29' title="bbox 96 2143 1478 2204; baseline 0.002 -18"><span class='ocrx_word' id='word_1_244' title='bbox 96 2163 119 2186; x_wconf 86' lang='lat'>«</span> <span class='ocrx_word' id='word_1_245' title='bbox 149 2146 247 2190; x_wconf 92' lang='lat' dir='ltr'>Non</span> <span class='ocrx_word' id='word_1_246' title='bbox 269 2144 386 2188; x_wconf 89' lang='lat' dir='ltr'>enim</span> <span class='ocrx_word' id='word_1_247' title='bbox 408 2143 515 2188; x_wconf 83' lang='lat' dir='ltr'>djcit</span> <span class='ocrx_word' id='word_1_248' title='bbox 533 2163 543 2188; x_wconf 87' lang='lat'>:</span> <span class='ocrx_word' id='word_1_249' title='bbox 563 2146 615 2187; x_wconf 92' lang='lat' dir='ltr'>In</span> <span class='ocrx_word' id='word_1_250' title='bbox 631 2144 883 2198; x_wconf 84' lang='lat' dir='ltr'>seminibus,</span> <span class='ocrx_word' id='word_1_251' title='bbox 910 2153 1120 2204; x_wconf 88' lang='lat' dir='ltr'>tanquam</span> <span class='ocrx_word' id='word_1_252' title='bbox 1142 2144 1189 2187; x_wconf 91' lang='lat' dir='ltr'>in</span> <span class='ocrx_word' id='word_1_253' title='bbox 1209 2144 1355 2188; x_wconf 89' lang='lat' dir='ltr'>multis</span> <span class='ocrx_word' id='word_1_254' title='bbox 1374 2145 1478 2202; x_wconf 80' lang='lat' dir='ltr'>3sed</span> 
     </span>
     <span class='ocr_line' id='line_1_30' title="bbox 38 2213 1473 2274; baseline 0.001 -19"><span class='ocrx_word' id='word_1_255' title='bbox 38 2254 42 2255; x_wconf 19' lang='lat'><em>⁷</em></span> <span class='ocrx_word' id='word_1_256' title='bbox 96 2233 118 2256; x_wconf 77' lang='lat'>&gt;›</span> <span class='ocrx_word' id='word_1_257' title='bbox 153 2224 361 2274; x_wconf 86' lang='lat' dir='ltr'>tanquam</span> <span class='ocrx_word' id='word_1_258' title='bbox 379 2214 425 2257; x_wconf 87' lang='lat' dir='ltr'>in</span> <span class='ocrx_word' id='word_1_259' title='bbox 446 2230 536 2258; x_wconf 91' lang='lat' dir='ltr'>uno</span> <span class='ocrx_word' id='word_1_260' title='bbox 557 2234 565 2258; x_wconf 76' lang='grc' dir='ltr'>ε</span> <span class='ocrx_word' id='word_1_261' title='bbox 587 2217 644 2258; x_wconf 90' lang='lat' dir='ltr'>Et</span> <span class='ocrx_word' id='word_1_262' title='bbox 664 2215 818 2258; x_wconf 86' lang='lat' dir='ltr'>semini</span> <span class='ocrx_word' id='word_1_263' title='bbox 839 2224 915 2258; x_wconf 90' lang='lat' dir='ltr'>tuo</span> <span class='ocrx_word' id='word_1_264' title='bbox 935 2250 946 2269; x_wconf 80' lang='lat'>‚</span> <span class='ocrx_word' id='word_1_265' title='bbox 967 2213 1088 2274; x_wconf 89' lang='lat' dir='ltr'>quod</span> <span class='ocrx_word' id='word_1_266' title='bbox 1105 2223 1166 2258; x_wconf 89' lang='lat' dir='ltr'>est</span> <span class='ocrx_word' id='word_1_267' title='bbox 1188 2215 1428 2259; x_wconf 71' lang='lat' dir='ltr'>Christus3.</span> <span class='ocrx_word' id='word_1_268' title='bbox 1451 2233 1473 2257; x_wconf 66' lang='grc' dir='ltr'><strong>υ</strong></span> 
     </span>
     <span class='ocr_line' id='line_1_31' title="bbox 95 2283 1478 2330; baseline 0 -1"><span class='ocrx_word' id='word_1_269' title='bbox 95 2285 282 2330; x_wconf 81' lang='lat' dir='ltr'>Abrahae</span> <span class='ocrx_word' id='word_1_270' title='bbox 314 2293 461 2328; x_wconf 90' lang='lat' dir='ltr'>autem</span> <span class='ocrx_word' id='word_1_271' title='bbox 491 2283 650 2328; x_wconf 90' lang='lat' dir='ltr'>dicitur</span> <span class='ocrx_word' id='word_1_272' title='bbox 680 2303 688 2328; x_wconf 80' lang='lat' dir='ltr'><em>z</em></span> <span class='ocrx_word' id='word_1_273' title='bbox 723 2303 744 2327; x_wconf 89' lang='lat'>«</span> <span class='ocrx_word' id='word_1_274' title='bbox 779 2288 830 2328; x_wconf 90' lang='lat' dir='ltr'>In</span> <span class='ocrx_word' id='word_1_275' title='bbox 856 2285 1018 2328; x_wconf 85' lang='lat' dir='ltr'>semine</span> <span class='ocrx_word' id='word_1_276' title='bbox 1052 2293 1130 2329; x_wconf 89' lang='lat' dir='ltr'>tuo</span> <span class='ocrx_word' id='word_1_277' title='bbox 1163 2285 1478 2329; x_wconf 86' lang='lat' dir='ltr'>benedicentur</span> 
     </span>
     <span class='ocr_line' id='line_1_32' title="bbox 100 2354 1477 2415; baseline 0.002 -19"><span class='ocrx_word' id='word_1_278' title='bbox 100 2374 120 2396; x_wconf 90' lang='lat'>»</span> <span class='ocrx_word' id='word_1_279' title='bbox 156 2370 304 2399; x_wconf 86' lang='lat' dir='ltr'>omnes</span> <span class='ocrx_word' id='word_1_280' title='bbox 329 2354 466 2398; x_wconf 87' lang='lat' dir='ltr'>tribus</span> <span class='ocrx_word' id='word_1_281' title='bbox 487 2364 613 2398; x_wconf 86' lang='lat' dir='ltr'>terrae</span> <span class='ocrx_word' id='word_1_282' title='bbox 629 2355 660 2397; x_wconf 77' lang='lat'>⁴.</span> <span class='ocrx_word' id='word_1_283' title='bbox 692 2357 843 2415; x_wconf 88' lang='lat' dir='ltr'>Neque</span> <span class='ocrx_word' id='word_1_284' title='bbox 871 2354 947 2398; x_wconf 88' lang='lat' dir='ltr'>filii</span> <span class='ocrx_word' id='word_1_285' title='bbox 973 2355 1112 2399; x_wconf 89' lang='lat' dir='ltr'>carnis</span> <span class='ocrx_word' id='word_1_286' title='bbox 1129 2390 1139 2409; x_wconf 82' lang='lat'>‚</span> <span class='ocrx_word' id='word_1_287' title='bbox 1175 2355 1250 2398; x_wconf 89' lang='lat' dir='ltr'>sed</span> <span class='ocrx_word' id='word_1_288' title='bbox 1273 2354 1349 2398; x_wconf 88' lang='lat' dir='ltr'>filii</span> <span class='ocrx_word' id='word_1_289' title='bbox 1372 2371 1477 2414; x_wconf 88' lang='lat' dir='ltr'>pro-</span> 
     </span>
     <span class='ocr_line' id='line_1_33' title="bbox 101 2425 1479 2485; baseline 0.001 -18"><span class='ocrx_word' id='word_1_290' title='bbox 101 2445 122 2467; x_wconf 82' lang='lat'>»</span> <span class='ocrx_word' id='word_1_291' title='bbox 156 2425 366 2469; x_wconf 84' lang='lat' dir='ltr'>missionis</span> <span class='ocrx_word' id='word_1_292' title='bbox 380 2425 647 2484; x_wconf 85' lang='lat' dir='ltr'>deputantur</span> <span class='ocrx_word' id='word_1_293' title='bbox 664 2425 710 2468; x_wconf 93' lang='lat' dir='ltr'>in</span> <span class='ocrx_word' id='word_1_294' title='bbox 731 2425 894 2469; x_wconf 84' lang='lat' dir='ltr'>semine</span> <span class='ocrx_word' id='word_1_295' title='bbox 912 2427 944 2470; x_wconf 74' lang='lat'>⁵.</span> <span class='ocrx_word' id='word_1_296' title='bbox 969 2426 1130 2469; x_wconf 90' lang='lat' dir='ltr'>Omnes</span> <span class='ocrx_word' id='word_1_297' title='bbox 1153 2434 1299 2484; x_wconf 81' lang='lat' dir='ltr'>gentes</span> <span class='ocrx_word' id='word_1_298' title='bbox 1316 2427 1479 2485; x_wconf 82' lang='lat' dir='ltr'>magni-</span> 
     </span>
    </p>
   </div>
   <div class='ocr_carea' id='block_1_4' title="bbox 102 2520 1480 2616">
    <p class='ocr_par' dir='ltr' id='par_1_4' title="bbox 102 2520 1480 2616">
     <span class='ocr_line' id='line_1_34' title="bbox 148 2520 1480 2564; baseline 0.001 -10"><span class='ocrx_word' id='word_1_299' title='bbox 148 2530 155 2545; x_wconf 92' lang='lat'><em>¹</em></span> <span class='ocrx_word' id='word_1_300' title='bbox 178 2524 249 2554; x_wconf 75' lang='lat' dir='ltr'>lsai.</span> <span class='ocrx_word' id='word_1_301' title='bbox 270 2533 320 2561; x_wconf 73' lang='lat' dir='ltr'>XL,</span> <span class='ocrx_word' id='word_1_302' title='bbox 340 2521 373 2554; x_wconf 82' lang='lat'>8.</span> <span class='ocrx_word' id='word_1_303' title='bbox 391 2538 433 2544; x_wconf 96' lang='lat'><strong>—</strong></span> <span class='ocrx_word' id='word_1_304' title='bbox 453 2528 465 2544; x_wconf 88' lang='lat'>²</span> <span class='ocrx_word' id='word_1_305' title='bbox 483 2522 662 2563; x_wconf 78' lang='lat' dir='ltr'>Psal.1.xx1‚</span> <span class='ocrx_word' id='word_1_306' title='bbox 686 2532 736 2563; x_wconf 90' lang='lat'>17.</span> <span class='ocrx_word' id='word_1_307' title='bbox 757 2539 797 2544; x_wconf 89' lang='lat'>—</span> <span class='ocrx_word' id='word_1_308' title='bbox 815 2520 828 2544; x_wconf 82' lang='lat'>3</span> <span class='ocrx_word' id='word_1_309' title='bbox 846 2521 913 2554; x_wconf 80' lang='lat' dir='ltr'>Gal.</span> <span class='ocrx_word' id='word_1_310' title='bbox 934 2532 978 2563; x_wconf 84' lang='grc' dir='ltr'>ιιι,</span> <span class='ocrx_word' id='word_1_311' title='bbox 1001 2521 1053 2554; x_wconf 88' lang='grc' dir='ltr'>ι6.</span> <span class='ocrx_word' id='word_1_312' title='bbox 1075 2539 1117 2545; x_wconf 93' lang='lat'>—-</span> <span class='ocrx_word' id='word_1_313' title='bbox 1140 2520 1157 2551; x_wconf 81' lang='grc'><em>4</em></span> <span class='ocrx_word' id='word_1_314' title='bbox 1171 2524 1251 2555; x_wconf 87' lang='lat' dir='ltr'>Gen.</span> <span class='ocrx_word' id='word_1_315' title='bbox 1270 2533 1344 2564; x_wconf 77' lang='lat' dir='ltr'>xxii,</span> <span class='ocrx_word' id='word_1_316' title='bbox 1367 2522 1417 2555; x_wconf 80' lang='lat'>18.</span> <span class='ocrx_word' id='word_1_317' title='bbox 1438 2539 1480 2546; x_wconf 91' lang='lat'>-</span> 
     </span>
     <span class='ocr_line' id='line_1_35' title="bbox 102 2575 336 2616; baseline -0.009 -6"><span class='ocrx_word' id='word_1_318' title='bbox 102 2576 116 2601; x_wconf 89' lang='lat'>⁵</span> <span class='ocrx_word' id='word_1_319' title='bbox 131 2580 222 2610; x_wconf 88' lang='lat' dir='ltr'>Rom.</span> <span class='ocrx_word' id='word_1_320' title='bbox 238 2587 286 2616; x_wconf 83' lang='lat' dir='ltr'>ix,</span> <span class='ocrx_word' id='word_1_321' title='bbox 305 2575 336 2608; x_wconf 81' lang='lat'>8.</span> 
     </span>
    </p>
   </div>
  </div>
 </body>
</html>
