1889 3285
423 283 665 314 tivum-rio
697 286 742 313 m
763 285 976 320 aesALMnM
1008 284 1132 313 van.
1377 268 1455 313 181

83 351 270 409 gentiam
297 365 517 394 servorum
552 350 630 394 Dei
662 350 961 395 mittebantur.
987 351 1024 393 Ο
1047 350 1205 399 homo,
1231 363 1305 392 cor
1332 356 1463 392 tuum

80 423 135 465 sit
155 422 297 481 potius
313 436 410 465 arca
432 421 533 474 Dei,
551 420 628 464 ubi
646 420 843 465 habitent
863 420 1024 465 divitiae
1042 419 1118 463 Dei
1136 453 1147 474 ,
1167 418 1313 462 ubisit
1329 434 1464 462 num-

79 506 176 535 mus
198 492 295 546 Dei,
320 506 442 534 mens
464 500 537 534 tua
555 490 719 534 habens
733 491 962 549 imaginem
975 489 1244 549 imperatoris
1256 489 1463 533 tui.Cum

80 578 183 621 ergo
216 563 310 606 haec
338 563 397 606 ita
429 562 535 617 sint,
568 561 706 622 qualis
729 562 801 606 illa
824 561 1085 606 innocentiae
1107 558 1324 605 simulatio
1346 560 1457 616 fuit,

78 633 309 692 pecuniam
330 633 549 691 sanguinis
567 648 656 677 non
675 633 847 677 mittere
865 634 911 677 in
933 647 1074 677 aream
1094 653 1106 691 3
1131 640 1173 677 et
1194 631 1337 691 ipsum
1359 647 1463 676 san-

80 703 254 762 guinem
277 703 504 747 mitterein
525 703 849 747 conscientiam.

136 776 237 818 XII.
278 772 360 818 Sed
394 772 502 834 quid
535 775 594 817 eis
626 774 842 832 contigit?
880 793 900 817 «
933 772 1196 818 Defecerunt
1222 781 1467 818 scrutantes

81 861 102 884 »
138 844 437 888 scrutationes.
463 861 484 884 »
513 844 671 888 Unde?
689 844 797 897 Quia
821 844 926 888 dicit
945 879 956 899 ,
972 863 992 886 «
1009 844 1114 897 Quis
1134 842 1301 887 videbit
1318 858 1387 888 eas
1405 862 1413 887 ε
1435 861 1456 883 n

78 913 124 958 id
149 923 234 969 est,
266 914 367 974 quia
395 929 468 958 eos
495 930 625 959 nemo
646 914 838 959 videbat.
860 917 954 959 Hoc
976 914 1205 969 dicebant,
1235 914 1318 958 boc
1348 912 1468 973 apud

77 999 121 1028 se
143 984 452 1043 opinabantur,
483 984 605 1045 quod
633 999 762 1029 nemo
779 1000 851 1029 eos
886 984 1069 1029 videret.
1092 983 1203 1028 Vide
1224 984 1332 1044 quid
1353 999 1463 1028 con-

77 1055 216 1114 tingat
238 1056 391 1099 animae
412 1055 539 1100 malae
559 1075 567 1101 ι
593 1056 774 1100 Recedit
791 1071 814 1099 a
838 1055 935 1099 luce
954 1054 1146 1100 veritatis
1161 1089 1172 1109 ,
1193 1064 1236 1098 et
1257 1055 1359 1114 quia
1372 1055 1465 1114 ipsa

77 1140 166 1169 non
182 1125 302 1170 videt
324 1129 486 1181 Deum,
509 1136 636 1186 putat
657 1142 701 1170 se
718 1142 807 1171 non
829 1125 964 1170 videri
983 1142 1005 1170 a
1026 1129 1132 1169 Deo.
1155 1125 1223 1169 Sic
1240 1134 1284 1168 et
1302 1124 1371 1169 isti
1393 1140 1469 1169 re-

76 1195 273 1240 cedendo
296 1197 439 1241 ierunt
456 1198 501 1241 in
532 1198 755 1253 tenebras,
780 1204 831 1241 tit
853 1197 932 1255 ipsi
955 1211 1044 1240 non
1060 1195 1262 1239 viderent
1283 1198 1422 1239 Deum
1450 1215 1460 1241 :

76 1275 120 1310 et
136 1266 340 1310 dixerunt
361 1286 370 1311 z
396 1268 497 1318 Quis
520 1282 598 1310 nos
619 1266 770 1310 videt?
790 1265 976 1310 Videbat
999 1275 1042 1309 et
1059 1265 1133 1309 ille
1150 1281 1280 1326 quem
1297 1266 1466 1310 crucifi-

77 1337 262 1396 gebant:
284 1335 348 1380 illi
371 1336 615 1381 deficiendo
631 1372 642 1392 ,
667 1352 748 1381 ncc
782 1335 908 1380 illum
946 1336 1104 1380 Filium
1121 1372 1131 1390 ‚
1176 1352 1257 1381 nec
1291 1340 1467 1381 Patrem

8 1423 9 1428 ¹
74 1406 296 1452 videbant.
314 1408 356 1452 Si
374 1422 474 1465 ergo
492 1417 535 1451 et
556 1406 628 1451 ille
650 1406 842 1461 videbat,
858 1422 991 1466 quare
1005 1423 1048 1451 se
1057 1407 1304 1466 patiebatur
1324 1408 1465 1452 teneri

6 1498 9 1506 ·
75 1478 131 1522 ab
146 1477 204 1521 eis
221 1512 232 1532 ,
257 1477 397 1522 occidi
415 1480 469 1521 ab
492 1478 576 1522 eis?
594 1481 734 1530 Quare
751 1477 785 1520 si
803 1477 1003 1531 videbat,
1026 1477 1166 1521 voluit
1187 1477 1364 1521 consilia
1386 1493 1466 1522 eo·-

75 1562 173 1591 rum
190 1546 424 1606 praevalere
437 1547 481 1591 in
505 1549 582 1591 se?
601 1547 775 1600 Quare?
792 1546 903 1600 Quia
927 1547 1058 1590 homo
1070 1555 1162 1589 erat
1184 1556 1363 1606 propter
1379 1547 1464 1592 ho-

6 1621 8 1662 1
74 1617 235 1660 minem
256 1650 267 1669 ,
293 1627 336 1659 et
358 1621 471 1661 Deus
494 1616 632 1662 latens
649 1618 695 1661 in
716 1617 894 1662 homine
909 1652 920 1670 ,
946 1617 1022 1677 qui
1035 1626 1212 1661 venerat
1233 1618 1468 1662 nescienti-

76 1686 158 1730 bus
185 1686 431 1745 exemplum
463 1684 732 1730 fortitudinis
755 1688 879 1743 dare,
912 1686 1011 1732 ideo
1041 1687 1132 1747 ipse
1160 1687 1296 1732 sciens
1319 1689 1465 1733 omnia

76 1756 329 1801 sustinebat.

135 1828 260 1871 XIII.
287 1825 404 1879 Quid
431 1826 544 1870 enim
571 1826 798 1885 sequitur?
820 1844 840 1867 «
861 1824 1050 1869 Accedet
1068 1826 1201 1870 homo
1230 1837 1274 1871 et
1307 1843 1381 1872 cor
1403 1829 1467 1873 al-

79 1915 99 1939 »
136 1906 231 1940 tum
246 1930 258 1948 ,
279 1905 321 1939 et
344 1895 606 1940 exaltabitur
629 1898 777 1939 Deus¹.
806 1913 827 1935 »
854 1894 922 1939 Illi
944 1896 1149 1940 dixerunt
1169 1916 1178 1941 :
1214 1916 1233 1939 «
1259 1898 1364 1951 Quis
1386 1914 1465 1944 nos

79 1985 100 2008 »
134 1966 331 2012 videbit?
352 1965 615 2011 Defecerunt
636 1975 875 2010 scrutantes
900 1968 1182 2012 scrutationes
1199 2002 1210 2023 ‚
1238 1987 1258 2009 »
1285 1969 1463 2014 consilia

76 2036 203 2082 mala.
230 2037 419 2082 Accessit
433 2038 565 2082 homo
585 2038 639 2081 ad
659 2038 748 2097 ipsa
772 2037 971 2091 consilia,
995 2053 1143 2097 passus
1172 2046 1235 2082 est
1257 2054 1301 2082 se
1328 2040 1467 2084 teneri

76 2117 127 2151 ut
152 2108 297 2152 homo.
332 2110 429 2152 Non
460 2108 578 2151 enim
620 2116 839 2151 teneretur
855 2108 936 2151 nisi
959 2108 1090 2169 homo
1107 2143 1118 2162 ,
1149 2118 1225 2153 aut
1244 2108 1468 2154 videretur

77 2178 157 2221 nisi
169 2178 317 2232 homo,
333 2187 409 2222 aut
420 2177 659 2222 caederetur
677 2178 757 2222 nisi
770 2179 917 2232 borno,
934 2187 1009 2222 aut
1028 2179 1372 2238 crucifigeretur,
1390 2190 1468 2226 aut

78 2257 319 2291 moreretur
347 2247 429 2291 nisi
450 2248 598 2292 homo.
624 2247 815 2292 Accessit
837 2263 942 2306 ergo
964 2248 1096 2293 homo
1119 2248 1174 2293 ad
1194 2248 1290 2293 illas
1313 2265 1465 2294 omnes

77 2317 294 2376 passiones
314 2351 324 2371 ,
349 2333 448 2377 quae
467 2317 515 2361 in
534 2317 609 2363 illo
632 2317 739 2362 nihil
760 2317 969 2373 valerent,
992 2318 1074 2362 nisi
1091 2328 1199 2363 esset
1213 2319 1361 2364 homo.
1382 2320 1467 2365 Sed

78 2388 113 2431 si
135 2386 207 2431 ifle
223 2403 313 2431 non
342 2397 449 2432 esset
469 2389 628 2444 homo,
666 2404 755 2433 non
784 2389 1044 2433 liberaretur
1066 2390 1215 2435 homo.
1241 2391 1468 2435 «Accessit

82 2475 103 2498 »
138 2458 270 2501 homo
282 2467 326 2501 et
342 2473 416 2502 cor
435 2458 570 2502 altum
588 2494 598 2513 ,
625 2459 709 2503 »id
731 2469 821 2515 est,
856 2475 931 2504 cor
966 2470 1181 2504 secretum
1220 2480 1229 2506 z
1261 2461 1467 2521 objiciens

81 2528 323 2588 aspectibus
345 2529 547 2574 humanis
568 2531 992 2586 hominem,servans
1006 2532 1122 2577 intus
1145 2535 1284 2577 Deum
1299 2553 1309 2589 3
1324 2531 1468 2577 celans

129 2620 135 2635 ¹
158 2613 239 2644 Psal.
262 2614 399 2651 1XH!,3.
