1889 3285
406 284 648 315 tunm-110
679 287 725 314 nv
757 285 957 315 ΡεΑῐ-ΜυΜ
989 289 1114 317 Lxm.
1357 277 1439 318 185

60 354 190 399 ficere
212 365 466 416 potuerunt,
492 357 645 417 utique
668 356 936 403 defecerunt.
959 361 1098 411 Quare
1119 357 1352 411 hoc?Quia
1373 374 1442 404 ac-

57 425 182 469 cessit
209 426 346 470 homo
368 435 411 470 et
430 442 505 471 cor
521 425 674 481 altum,
686 435 729 471 et
750 426 958 472 exaltatus
976 435 1040 471 est
1061 430 1190 471 Deus.
1207 430 1441 488 Propterea

60 504 209 553 postea
245 511 346 540 cum
382 496 640 541 innotuisset
671 496 830 542 Christi
865 497 1119 542 resurrectio
1133 531 1144 551 ‚
1189 506 1233 541 et
1263 498 1440 543 veniens

8 567 12 623 ζ
58 565 243 624 Spiritus
266 575 443 611 sanctus
464 566 664 627 impleret
676 566 835 612 fiducia
852 566 1051 612 timentes
1070 567 1282 627 quosdam
1301 568 1439 612 Disci-

8 626 12 770 ἓ

54 634 179 695 pulos
199 671 210 690 ‚
232 645 283 680 ut
305 636 514 682 auderent
531 638 620 697 jam
642 646 828 681 mortem
871 653 961 682 non
982 637 1184 681 timentes
1206 638 1441 697 praedicare

57 705 178 766 quod
199 706 417 763 viderant,
441 707 626 753 exaltato
648 711 738 753 Deo
750 708 795 752 in
813 710 1036 769 majestate
1048 723 1147 764 sua,
1169 708 1246 769 qui
1262 718 1440 769 propter

57 786 248 822 nostram
269 778 565 824 infirmitatem
592 779 767 824 humilis
784 778 1003 840 judicatus
1025 789 1110 838 est3
1135 789 1178 823 et
1199 780 1277 824 ubi
1293 795 1442 840 coepe-

59 856 164 892 runt
186 848 306 892 tubae
330 849 526 894 coelestes
559 865 791 909 personare
807 849 998 910 judicem
1020 859 1256 895 venturum
1273 885 1284 906 ‚
1309 865 1441 911 quem

57 918 199 978 primo
219 917 418 964 viderant
433 919 679 979 judicatum
701 939 710 966 :
740 938 761 962 (ι
787 921 1048 965 Conturbati
1069 930 1170 965 sunt
1193 936 1342 966 omnes
1365 922 1442 982 qui

59 1006 80 1031 »
114 989 323 1035 videbant
334 1005 422 1035 eos.
438 1009 458 1032 »
470 990 672 1036 Exaltato
689 994 794 1046 Deo,
811 1000 862 1035 ut
883 990 986 1046 dixi,
997 991 1231 1051 praedicato
1248 992 1438 1048 Christo,

55 1060 136 1105 visi
156 1069 259 1105 sunt
282 1063 306 1105 J
311 1060 425 1105 udaei
439 1077 462 1106 a
480 1062 743 1121 quibusdam
758 1064 782 1106 J
787 1061 921 1106 udaeis
938 1096 949 1116 ,
975 1062 1054 1106 visi
1075 1071 1178 1106 sunt
1193 1061 1442 1107 deficientes

55 1131 100 1175 in
122 1132 457 1177 scrutationibus
475 1133 577 1177 suis.
591 1132 813 1177 Videbant
826 1133 941 1177 enim
960 1132 1023 1176 illi
1042 1133 1088 1177 in
1104 1133 1280 1179 nomine
1301 1133 1443 1178 cruci-

54 1201 127 1245 fixi
148 1211 191 1246 et
207 1203 334 1247 occisi
351 1204 549 1249 manibus
572 1204 658 1248 suis
678 1204 772 1248 fieri
795 1213 916 1248 tanta
927 1203 1158 1249 miracula:
1176 1214 1442 1250 recesserunt

53 1272 184 1316 corde
195 1273 250 1316 ab
272 1273 331 1317 eis
353 1274 429 1333 qui
446 1283 778 1333 permanserunt
799 1273 844 1317 in
866 1274 1088 1333 impietate
1110 1294 1118 1319 ε
1141 1274 1363 1335 displicuit
1382 1275 1442 1320 eis

53 1339 228 1386 illorum
250 1341 409 1387 duritia
427 1364 439 1400 3
464 1344 731 1403 quaesierunt
751 1342 978 1387 consilium
1001 1343 1149 1388 salutis
1167 1360 1255 1389 suae
1270 1380 1281 1400 ,
1306 1355 1350 1390 et
1370 1344 1442 1389 di-

53 1420 210 1456 xerunt
229 1411 471 1472 Apostolis:
497 1432 517 1455 «
541 1412 658 1467 Quid
679 1411 913 1458 faciemus?
931 1414 1193 1458 Conturbati
1215 1419 1317 1472 ergo
1339 1423 1442 1460 sunt

56 1499 78 1524 »
113 1497 262 1526 omnes
296 1483 373 1543 qui
405 1482 614 1528 videbant
636 1486 738 1528 eos1
766 1502 817 1528 z»
841 1482 886 1528 id
915 1493 1008 1539 est,
1032 1485 1109 1544 qui
1141 1484 1452 1543 intelligebant·

53 1551 174 1612 quod
192 1552 355 1612 linguae
377 1569 528 1598 eorum
545 1554 774 1598 infirmatae
797 1563 899 1597 sunt
916 1569 1045 1613 super
1067 1570 1139 1599 eos
1153 1589 1164 1609 ‚
1189 1555 1267 1615 qui
1283 1555 1442 1599 intelli-

54 1622 215 1681 gebant
236 1624 337 1682 quia
359 1624 405 1666 in
428 1625 632 1669 omnibus
652 1625 739 1669 suis
755 1624 879 1669 malis
907 1626 1278 1684 perscrutionibus
1299 1628 1443 1672 consi-

52 1691 212 1737 liorum
228 1692 392 1752 ubique
413 1692 685 1737 defecerunt.
705 1695 968 1738 Conturbati
989 1704 1091 1739 sunt
1106 1695 1190 1739 isti.

111 1763 231 1806 XVI.
255 1781 275 1804 «
298 1765 355 1806 Et
376 1762 523 1807 timuit
541 1763 682 1808 omnis
698 1763 832 1807 homo
844 1766 877 1807 ².
905 1781 926 1804 »
951 1766 1035 1816 Qui
1057 1780 1149 1809 non
1168 1766 1412 1811 timuerunt
1426 1802 1438 1822 ,

6 1846 9 1874 :
54 1847 135 1876 nec
165 1832 364 1877 homines
392 1832 588 1877 fuerunt.
618 1852 638 1875 «
667 1833 830 1878 Timuit
859 1834 998 1878 omnis
1025 1834 1189 1880 homo:
1218 1853 1239 1876 o
1267 1835 1312 1880 id
1346 1846 1437 1893 est,

54 1902 193 1946 omnis
214 1912 342 1947 utens
358 1903 523 1947 ratione
544 1903 599 1947 ad
615 1903 895 1962 intelligenda
908 1905 1140 1964 quaefacta
1153 1915 1292 1950 erant.
1314 1908 1440 1952 Unde

53 1971 117 2016 illi
143 1972 218 2033 qui
250 1988 339 2017 non
367 1975 634 2028 timuerunt,
663 1989 820 2034 pecora
846 1974 991 2034 potius
1024 1976 1281 2020 nominandi
1313 1986 1438 2033 sunt,

52 2041 200 2086 bestiae
219 2043 363 2102 potius
383 2044 591 2088 immanes
618 2053 662 2088 et
678 2053 836 2089 truces.
870 2047 958 2089 Leo
979 2045 1148 2104 rapiens
1171 2055 1216 2090 et
1234 2046 1409 2105 rugiens
1424 2081 1436 2102 ,

53 2110 126 2156 ille
146 2111 290 2172 adhuc
316 2112 523 2172 populus.
547 2116 605 2158 At
630 2129 732 2159 vero
758 2113 898 2158 omnis
920 2114 1053 2159 homo
1074 2115 1221 2160 timuit
1245 2135 1254 2161 ε
1280 2116 1327 2160 id
1348 2125 1437 2172 est,

54 2181 130 2241 qui
158 2180 334 2226 credere
362 2182 624 2239 voluerunt,
657 2184 734 2244 qui
760 2182 976 2244 judicium
999 2194 1234 2229 venturum
1265 2196 1441 2231 contre-

55 2261 276 2296 muerunt.
303 2270 323 2294 «
348 2254 405 2296 Et
439 2252 586 2297 timuit
624 2254 764 2298 omnis
796 2254 929 2299 homo
956 2273 965 2299 ε
999 2263 1043 2299 et
1070 2255 1441 2301 annuntiaverunt

58 2339 79 2362 »
105 2336 243 2380 opera
266 2321 357 2365 Dei.
388 2339 407 2362 n
432 2322 511 2366 Ille
537 2322 612 2383 qui
632 2322 834 2368 dicebat:
863 2327 942 2369 «A
964 2324 1119 2369 timore
1147 2325 1313 2370 inimici
1336 2342 1440 2370 erue

58 2408 79 2432 »
112 2390 301 2435 animam
323 2406 478 2435 meam.
507 2392 669 2437 Timuit
691 2394 828 2438 omnis
846 2394 993 2439 homo.
1015 2413 1035 2436 »
1049 2398 1086 2439 Α
1104 2395 1258 2439 timore
1276 2396 1441 2440 inimici

52 2461 301 2516 emebatur,
332 2459 407 2505 sed
428 2461 572 2506 timori
595 2462 669 2506 Dei
691 2461 977 2508 subdebatur.
1002 2467 1100 2509 Non
1129 2464 1314 2508 timebat
1334 2480 1432 2519 eos,

5 2548 9 2589 ς
54 2530 129 2589 qui
161 2546 316 2590 corpus
343 2531 570 2588 occidunt,
596 2532 673 2577 sed
704 2548 803 2578 eum
837 2535 913 2594 qui
943 2543 1200 2594 potestatem
1230 2535 1363 2598 habet
1389 2544 1434 2580 et

104 2620 111 2635 ¹
134 2617 206 2646 Act.
226 2625 263 2657 u,
285 2614 378 2657 1·37-
402 2631 442 2638 —
461 2622 472 2638 ²
495 2615 573 2648 Psal.
593 2627 683 2657 nur,
708 2628 760 2650 ιο.
