1889 3285
422 266 508 307 346
859 273 894 302 s.
930 273 1161 303 Aucus'rmr
1191 275 1373 303 Eprscom

421 343 499 386 ber
520 340 635 385 vitae
666 339 865 400 Denique
892 340 938 384 in
966 339 1228 400 Apocalypsi
1255 338 1365 400 quid
1396 337 1455 383 ait
1485 338 1669 398 Spiritus
1698 338 1856 393 Dei,

421 427 522 457 cum
545 411 600 456 dc
621 413 828 471 pressuris
850 412 903 456 ab
925 411 1190 456 Antichristo
1207 411 1365 455 suturis
1382 410 1635 470 loqueretur
1655 408 1856 453 eadem

423 484 672 543 Scriptura?
694 501 711 523 «
738 482 1021 527 Consentient
1040 481 1125 536 illi,
1151 481 1309 541 inquit,
1335 495 1482 525 omnes
1503 480 1580 540 qui
1601 490 1691 524 non
1707 487 1809 524 sunt
1854 490 1855 494 ’

426 575 444 596 »
479 553 626 613 scripti
654 553 701 596 in
727 552 840 597 libro
868 552 1010 596 vitae¹.
1040 572 1056 592 »
1083 551 1272 596 Proinde
1300 551 1392 595 sine
1414 550 1688 594 dubitatione
1718 564 1809 593 non

422 632 552 668 erunt
569 623 820 667 consensuri
842 622 918 682 qui
935 621 1081 681 scripti
1102 631 1218 666 sunt.
1244 621 1320 665 Isti
1346 635 1447 679 ergo
1467 620 1690 681 quomodo
1707 619 1810 663 inde
1855 625 1869 648 '⁴

421 693 640 749 delentur,
666 693 742 737 ubi
765 708 991 752 nunquam
1013 693 1160 751 scripti
1182 693 1312 735 sunt?
1343 693 1436 735 Hoc
1457 691 1624 735 dictum
1653 699 1717 734 est
1743 704 1812 734 se·
1854 705 1869 737 t·

421 764 616 808 cundum
639 778 759 822 spem
794 763 1013 822 ipsorum,
1049 762 1151 822 quia
1184 762 1265 821 ipsi
1293 776 1338 806 se
1363 761 1542 821 scriptos
1574 760 1808 820 putabant.
1854 782 1857 788 ·

422 832 538 887 Quid
556 841 634 887 est,
657 852 674 873 «
693 832 929 881 Deleantur
946 832 1000 876 de
1024 831 1135 876 libro
1152 832 1279 876 vitae‘?
1296 850 1315 873 »
1334 831 1504 891 Etipsis
1520 839 1705 885 constet,
1721 843 1813 875 non

421 903 517 948 illos
538 904 600 946 ibi
623 918 724 947 esse.
747 906 812 946 Ex
831 903 912 947 hac
934 902 1155 947 locutione
1172 902 1339 946 dictum
1355 910 1420 946 est
1441 902 1486 945 in
1502 900 1584 945 alio
1605 896 1777 945 Psalmo
1798 919 1808 945 ι

427 993 445 1014 «
480 973 651 1018 Cadent
667 989 690 1017 a
704 973 836 1017 latere
854 982 932 1017 tuo
946 972 1079 1028 mille,
1098 982 1142 1017 et
1153 972 1266 1017 dena
1279 971 1413 1016 millia
1427 988 1450 1016 a
1463 971 1623 1016 dextris
1640 971 1774 1015 tuis²:
1790 991 1808 1012 »

422 1044 469 1088 id
488 1051 573 1099 est,
599 1043 726 1087 multi
752 1043 1177 1097 scandalizabuntur,
1213 1051 1256 1086 et
1282 1057 1334 1086 ex
1365 1058 1417 1087 eo
1445 1057 1630 1086 numero
1658 1042 1736 1102 qui
1767 1052 1812 1085 se
1855 1051 1857 1085 ξ

421 1115 656 1174 sperabant
677 1128 864 1159 sessuros
885 1124 1030 1158 tecum
1047 1150 1057 1169 ‚
1084 1124 1195 1158 etex
1217 1130 1268 1158 eo
1291 1129 1474 1158 numero
1496 1113 1572 1173 qui
1600 1128 1643 1157 se
1665 1128 1812 1172 spera·
1855 1111 1857 1162 ξ

421 1185 529 1228 bant
547 1192 731 1229 staturos
756 1184 811 1229 ad
837 1186 1056 1229 dexteram
1074 1192 1217 1238 tuam,
1245 1184 1429 1243 separati
1451 1182 1508 1226 ad
1527 1182 1669 1227 hoedis
1690 1183 1814 1227 sinis-

423 1255 524 1299 tris³
547 1275 555 1300 :
577 1271 665 1299 non
683 1256 783 1316 quia
800 1271 901 1300 cum
923 1255 984 1298 ibi
1007 1255 1172 1299 steterit
1194 1254 1370 1314 aliquis,
1395 1262 1544 1313 postea
1565 1252 1714 1308 cadet,
1739 1262 1814 1298 aut
1856 1245 1857 1276 Ι

423 1341 523 1370 cum
543 1325 702 1369 sederit
723 1340 824 1369 cum
837 1325 912 1369 illo
929 1325 1177 1385 quisquam,
1198 1324 1449 1383 abjicietur,
1469 1322 1544 1366 sed
1566 1323 1669 1382 quia
1684 1321 1814 1367 multi
1868 1342 1870 1346 ¹

422 1396 564 1440 casuri
586 1401 708 1439 erant
730 1395 775 1439 in
793 1394 1046 1439 scandalum
1064 1430 1074 1448 ,
1100 1395 1175 1454 qui
1191 1396 1281 1454 jam
1302 1394 1363 1437 ibi
1392 1409 1435 1437 se
1453 1408 1544 1437 esse
1567 1393 1784 1452 putabant
1798 1429 1809 1449 ‚

423 1465 469 1509 id
490 1475 581 1523 est3
605 1464 732 1509 multi
753 1465 830 1525 qui
853 1480 896 1509 se
918 1464 1152 1524 sperabant
1178 1479 1367 1508 sessuros
1389 1472 1534 1507 tecum
1550 1498 1560 1517 ,
1584 1461 1714 1506 multi
1737 1464 1814 1522 qui

422 1552 468 1580 se
485 1545 762 1595 speraverant
782 1544 967 1579 staturos
989 1534 1044 1578 ad
1067 1533 1289 1578 dexteram
1307 1569 1317 1588 ,
1344 1534 1422 1593 ipsi
1441 1533 1580 1577 casuri
1600 1542 1718 1577 sunt.
1747 1533 1813 1578 Sic

425 1622 527 1665 ergo
551 1615 594 1650 et
610 1606 680 1649 hic
698 1605 761 1648 illi
787 1605 863 1665 qui
887 1620 931 1649 se
958 1605 1192 1663 sperabant
1219 1613 1429 1662 tanquam
1457 1603 1614 1648 merito
1634 1603 1813 1662 justitiae

424 1692 514 1720 suae
539 1677 584 1720 in
616 1674 731 1720 libro
761 1676 941 1734 scriptos
965 1675 1063 1729 Dei,
1097 1674 1258 1734 quibus
1288 1674 1476 1718 dicitur:
1508 1692 1526 1713 «
1554 1673 1813 1718 Scrutamini
1855 1712 1858 1718 ,
1884 1691 1889 1714 1

427 1747 683 1806 Scripturas,
699 1746 744 1788 in
756 1745 915 1805 quibus
929 1745 1088 1804 putatis
1100 1760 1176 1789 vos
1192 1744 1326 1788 vitam
1339 1753 1547 1788 aeternam
1564 1743 1749 1787 habere⁴
1765 1763 1774 1788 ε
1791 1761 1809 1784 »

424 1832 525 1862 cum
544 1816 754 1876 perducta
777 1815 909 1859 fuerit
940 1814 1160 1859 damnatio
1189 1829 1341 1858 eorum
1364 1814 1493 1858 etiam
1524 1813 1579 1857 ad
1606 1813 1813 1873 cognitio·

425 1903 525 1931 nem
545 1903 696 1932 eorum
715 1908 726 1944 3
751 1885 1017 1931 delebuntur
1039 1884 1093 1929 de
1113 1885 1228 1930 libro
1246 1885 1488 1929 viventium
1505 1920 1516 1939 ,
1540 1883 1587 1928 id
1612 1893 1698 1939 est,
1723 1899 1813 1929 non

424 1957 483 2002 ibi
505 1974 549 2002 se
571 1973 661 2001 esse
689 1966 966 2016 cognoscent.
991 1959 1102 2002 Nam
1120 1972 1268 2001 versus
1299 1955 1375 2016 qui
1393 1954 1607 2016 sequitur,
1638 1955 1814 2014 exponit

425 2029 546 2090 quod
575 2029 743 2074 dictum
765 2037 859 2073 est:
884 2046 902 2069 «
928 2031 985 2072 Et
1008 2043 1109 2072 cum
1124 2028 1250 2088 justis
1273 2043 1361 2072 non
1384 2027 1645 2071 scribantur.
1670 2045 1689 2067 »
1720 2026 1813 2070 Dixi
1855 2024 1858 2076 ζ

427 2114 529 2158 ergo
555 2115 564 2140 :
602 2117 618 2138 «
642 2098 877 2143 Deleantur
904 2119 921 2140 »
948 2097 1189 2143 secundum
1211 2113 1332 2157 spem
1360 2112 1510 2141 eorum
1537 2115 1546 2140 ε
1571 2094 1813 2140 secundum
1856 2095 1858 2136 ζ

427 2178 572 2213 autem
595 2169 848 2229 aequitatem
872 2178 992 2212 tuam
1012 2169 1119 2228 quid
1142 2168 1269 2212 dico?
1295 2187 1312 2208 «
1339 2170 1437 2212 Non
1455 2167 1750 2211 scribantur.»

484 2241 604 2282 XIV.
637 2258 656 2280 «
681 2242 848 2298 Pauper
869 2247 912 2283 et
938 2238 1089 2283 dolens
1112 2254 1191 2296 ego
1209 2253 1302 2282 sum
1319 2240 1349 2281 ⁵.
1383 2258 1400 2278 n
1439 2240 1582 2290 Quare
1612 2237 1726 2281 hoc?
1745 2239 1813 2281 An
1856 2284 1857 2293 ἵ

424 2317 475 2352 ut
497 2324 825 2367 agnosceremus
843 2308 961 2369 quod
980 2324 1055 2368 per
1078 2307 1411 2352 amaritudinem
1436 2307 1569 2350 animi
1589 2307 1813 2351 maledicit
1856 2317 1858 2342 ῑ

424 2394 591 2438 pauper
610 2381 722 2422 iste?
744 2379 883 2423 Multa
901 2379 1016 2423 enim
1038 2377 1145 2421 dixit
1167 2394 1266 2438 quae
1281 2377 1362 2420 illis
1385 2377 1601 2421 eveniant.
1618 2380 1676 2421 Et
1687 2377 1812 2437 quasi
1856 2382 1857 2428 ]

425 2451 464 2496 ei
498 2450 740 2495 diceremus
770 2469 780 2495 ;
817 2451 981 2511 thuid
1014 2449 1148 2494 talia?
1177 2449 1276 2494 Noli
1305 2457 1493 2492 tantum.
1535 2449 1807 2508 Respondet,

474 2554 484 2570 ¹
502 2549 602 2589 Apoc.
627 2557 696 2587 xm,
714 2548 746 2578 8.
773 2563 815 2569 —-
841 2551 854 2569 ²
875 2546 954 2579 Psal.
975 2558 1023 2586 xc,
1044 2557 1074 2587 7.
1101 2563 1142 2568 -
1162 2544 1175 2567 ³
1195 2545 1308 2577 Matth.
1330 2556 1407 2585 xxv,
1427 2545 1479 2576 33.
1502 2561 1541 2567 --
1562 2542 1579 2573 4
1600 2546 1692 2577 Joan.
1709 2554 1739 2585 v,
1756 2545 1808 2587 39.
1855 2527 1857 2582 Ι

427 2619 469 2626 ·—
486 2601 502 2625 5
519 2602 597 2634 Psal.
621 2612 729 2642 vam,
748 2602 801 2634 30.

1852 113 1867 230 Ι

1865 257 1867 280 Ι

1865 288 1867 330 Ι

1865 358 1868 417 Ι
