1889 3285
247 287 489 333 EivAnnAno
521 291 536 318 1
568 291 613 317 m
645 287 848 317 PSALMUM
881 291 1010 329 Lvm,
1045 279 1249 318 sEnMoH.
1388 279 1443 318 59

119 356 200 397 ΙΙΙ.
223 354 461 399 Audiamus
491 370 593 415 ergo
629 355 749 416 quod
783 356 978 415 sequitur
1009 373 1018 399 ι
1058 373 1078 396 «
1110 354 1299 407 Quando
1325 355 1444 399 misit

9 416 13 431 '
61 439 83 463 »
117 422 242 479 Saiil,
264 434 307 468 et
329 426 559 469 custodivit
577 424 758 469 domum
777 427 865 485 ejus
883 461 893 480 ‚
914 433 963 468 ut
985 439 1084 468 eum
1099 424 1404 468 interficeret¹.
1419 443 1439 467 »

59 494 153 537 Hoc
186 509 274 537 non
311 495 366 538 ad
393 510 563 539 crucem
599 495 796 550 Domini,
834 494 909 538 sed
939 504 1085 538 tamen
1118 494 1173 538 ad
1201 495 1444 553 passionem

58 563 232 606 Domini
259 565 461 622 pertinet.
488 565 729 609 Crucifixus
758 565 874 608 enim
900 564 1095 609 Christus
1113 599 1124 618 ‚
1153 573 1196 607 et
1216 573 1441 619 mortuus,

11 650 13 657 ¹
59 642 102 676 et
123 632 316 691 sepultus
339 644 416 678 est.
444 638 548 678 Erat
570 649 672 693 ergo
694 634 766 678 illa
789 634 1011 693 sepultura
1027 642 1235 693 tanquam
1255 633 1410 678 domus
1433 653 1442 678 :

59 701 115 746 ad
135 719 266 763 quam
290 704 618 748 custodiendam
632 705 746 748 misit
765 720 945 762 regnum
965 707 989 748 J
994 704 1221 748 udaeorum
1235 739 1245 758 ‚
1267 705 1446 764 quando

59 773 257 817 custodes
280 774 463 818 adhibiti
485 784 586 819 sunt
605 775 804 834 sepulcro
822 774 1024 819 Christi2.
1053 775 1130 818 Est
1153 773 1332 833 quidem
1354 774 1445 818 his-

10 875 13 880 ι
59 842 167 886 toria
189 843 232 886 in
253 845 471 903 Scriptura
494 847 769 904 Regnorum,
800 844 978 903 quando
995 844 1111 887 misit
1137 842 1240 888 Saiil
1260 842 1315 887 ad
1343 859 1444 887 cus-

57 911 310 957 todiendam
328 914 508 959 domum
527 950 537 970 ,
563 925 612 960 ut
632 916 894 960 interficeret
908 914 1046 959 David
1061 916 1075 940 3
1100 934 1108 959 ε
1134 914 1210 958 sed
1231 923 1446 974 quantum

58 981 160 1027 inde
180 985 364 1044 sumpsit
387 986 463 1045 qui
477 986 697 1030 Psalmum
720 986 909 1045 scripsit,
935 980 1106 1029 tantu'm
1128 984 1338 1029 debemus
1356 986 1447 1029 dis-

58 1061 206 1097 cutere
227 1070 327 1098 cum
358 1055 532 1099 titulum
556 1055 714 1100 Psalmi
737 1065 987 1100 tractamus.
1010 1057 1103 1099 Hoc
1132 1054 1258 1099 nobis
1281 1055 1446 1113 signifi-

57 1138 156 1167 care
177 1132 347 1168 tantum
371 1125 536 1180 voluit,
563 1126 664 1186 quia
695 1126 873 1170 missum
897 1135 960 1169 est
982 1124 1037 1169 ad
1055 1124 1237 1169 domum
1266 1134 1316 1168 ut
1349 1140 1448 1169 cus-

59 1191 299 1248 todiretur,
321 1203 363 1237 et
396 1194 468 1238 ille
500 1195 847 1239 interficerettn’?
881 1195 1112 1248 Quomodo
1146 1210 1249 1253 ergo
1282 1195 1336 1238 ad
1364 1195 1447 1238 hoc

58 1264 272 1307 custodita
285 1273 348 1308 est
365 1264 535 1321 domus,
555 1265 587 1309 si
603 1265 739 1309 David
760 1266 974 1324 figurabat
987 1266 1225 1321 Christum,
1241 1274 1291 1309 ut
1308 1265 1448 1309 Chris-

11 1354 15 1358 ·
59 1343 128 1378 tus
149 1334 490 1392 interficeretur3
515 1337 692 1396 quando
730 1338 774 1380 in
810 1337 1032 1397 sepultura
1062 1337 1259 1381 Christus
1284 1336 1448 1395 positus

58 1421 148 1449 non
169 1414 232 1449 cst
252 1406 332 1450 nisi
355 1407 399 1450 in
421 1423 549 1452 cruce
572 1407 852 1452 interfectus?
875 1408 1005 1452 Refer
1025 1408 1109 1452 hoc
1130 1423 1233 1466 ergo
1268 1407 1323 1451 ad
1351 1422 1449 1451 cor·

52 1490 139 1535 pus
161 1476 320 1520 Christi
341 1495 349 1520 z
368 1478 468 1536 quia
486 1478 727 1522 interficere
743 1478 963 1523 Christum
976 1513 986 1533 ,
1004 1487 1094 1521 erat
1110 1477 1263 1521 tollere
1286 1492 1448 1521 nomen

59 1546 244 1600 Christi,
281 1562 336 1590 ne
377 1547 626 1591 crederetur
658 1549 703 1592 in
735 1549 953 1592 Christum
971 1583 981 1602 ,
1019 1547 1125 1591 dum
1169 1546 1449 1592 mendacium

59 1615 314 1675 praevaleret
331 1617 579 1670 custodum,
596 1619 671 1676 qui
685 1619 858 1674 corrupi
880 1626 982 1658 sunt
996 1625 1045 1658 ut
1059 1616 1254 1658 dicerent
1272 1633 1280 1658 :
1300 1633 1319 1655 «
1338 1616 1450 1666 Quia

62 1702 84 1727 »
104 1701 205 1730 cum
228 1685 469 1730 dormirent
483 1721 494 1741 ‚
518 1694 735 1731 venerunt
758 1684 961 1744 Discipuli
980 1685 1070 1743 ejus
1085 1718 1095 1739 ‚
1113 1693 1156 1726 et
1175 1683 1452 1727 abstulerunt

15 1787 21 1805 2
61 1775 84 1798 n
113 1771 214 1800 eum
229 1757 260 1799 ⁴.
294 1759 386 1801 Hoc
420 1766 483 1801 est
504 1772 605 1801 vere
621 1756 842 1801 Christum
860 1754 971 1799 velle
993 1754 1235 1798 interficere
1250 1790 1260 1809 ,
1289 1769 1451 1798 nomen

60 1826 383 1871 resurrectionis
405 1828 495 1887 ejus
524 1827 775 1884 extinguere
791 1861 802 1879 ,
827 1834 878 1868 ut
907 1823 1185 1868 mendacium
1212 1824 1450 1881 Evangelio

6 1950 7 1958 ἵ
61 1895 355 1956 praeferretur.
383 1895 466 1940 Sed
494 1896 717 1956 quomodo
739 1894 850 1938 illud
873 1911 962 1939 non
994 1893 1140 1938 effecit
1166 1892 1291 1948 Saiil,
1313 1903 1363 1937 ut
1384 1894 1453 1937 in-

61 1967 275 2011 terficeret
296 1965 429 2009 David
454 1985 462 2010 2
492 1966 550 2009 sic
572 1966 655 2009 hoc
692 1980 772 2008 nec
800 1964 945 2023 potuit
975 1979 1159 2022 regnum
1195 1962 1449 2007 Judaeorum

6 2037 15 2078 ’-“.
61 2037 232 2081 efficere
248 2072 259 2090 ⁷
280 2045 329 2080 ut
350 2036 448 2096 plus
471 2036 634 2080 valeret
656 2035 953 2079 testimonium
976 2035 1210 2079 custodum
1228 2033 1451 2078 dormien-

61 2108 194 2163 tium,
219 2124 351 2168 quam
375 2107 684 2167 Apostolorum
706 2106 993 2164 vigilantium.
1021 2104 1138 2158 Quid
1161 2105 1275 2149 enim
1310 2104 1453 2148 edocti

12 2167 13 2171 Ἰ
63 2187 164 2221 Sunt
184 2177 383 2221 custodes
404 2187 454 2221 ut
471 2177 697 2221 dicerent?
717 2180 877 2220 Damus
895 2176 1018 2219 vobis
1032 2211 1042 2228 ‚
1062 2175 1290 2234 inquiunt,
1311 2190 1454 2235 quan-

10 2303 11 2307 *
64 2256 158 2292 tum
179 2247 310 2291 vultis
335 2247 558 2306 pecuniae3
579 2256 621 2290 et
643 2246 795 2299 dicite,
822 2246 924 2306 quia
952 2261 1053 2289 cum
1076 2244 1344 2299 dormiretis⁷
1375 2260 1453 2289 ve·-

64 2326 224 2361 nerunt
258 2316 461 2376 Discipuli
485 2317 598 2376 ejus,
635 2326 677 2360 et
705 2316 981 2360 abstulerunt
1014 2331 1130 2359 eum.
1167 2318 1280 2359 Ecce
1303 2314 1454 2375 quales

10 2402 12 2415 ¹
66 2396 192 2431 testes
215 2387 590 2432 mendaciicontra
609 2387 834 2431 veritatem
853 2395 896 2430 et
913 2384 1273 2429 resurrectionem
1294 2385 1455 2429 Christi

11 2447 13 2450 ‚
66 2457 227 2501 inimici
263 2458 353 2517 ejus
385 2472 461 2516 per
495 2457 597 2501 Saiil
629 2456 802 2515 figurati
840 2455 1159 2516 produxerunt.
1200 2458 1423 2512 Interroga
1440 2489 1451 2508 ⁷

115 2560 123 2575 ¹
140 2552 218 2584 Psal.
245 2564 332 2592 tvm,
366 2564 392 2584 1.
415 2569 456 2575 -
482 2559 494 2575 ²
513 2552 626 2585 Matth.
654 2563 753 2593 nvn,
778 2552 832 2584 66.
861 2570 900 2574 -—
921 2550 934 2575 3
960 2564 970 2583 1
995 2554 1073 2587 Ηυξ.
1091 2560 1156 2592 xix,
1179 2562 1227 2583 11.
1244 2567 1285 2573 —·
1300 2549 1315 2580 4
1335 2549 1449 2581 Matth.

12 2603 14 2639 ]
68 2617 176 2647 xxviii,
199 2619 209 2638 1
219 2606 247 2637 3.
