1889 3285
422 280 662 311 ENAnnA‘no
693 286 737 312 IN
770 283 972 314 PsALMUM
1005 287 1158 313 Lxxm.
1377 275 1460 314 473

81 347 197 391 Cum
217 346 311 391 haec
333 345 516 391 dicimus
552 367 560 392 ;
591 366 609 389 «
631 351 745 393 Deus
768 359 912 394 autem
934 365 1007 394 rex
1024 360 1168 395 noster
1187 359 1286 395 ante
1305 351 1460 396 saecula

85 433 106 457 »
141 426 342 476 operatus
361 427 422 461 est
457 418 639 462 salutem
668 420 712 463 in
739 421 885 465 medio
913 430 1065 465 terrae:
1094 439 1114 462 »
1136 430 1179 465 et
1200 437 1278 466 nos
1300 420 1462 466 dormi-

80 501 192 531 mus.
220 490 316 532 Jam
345 488 525 546 vigilant
546 491 727 546 Gentes,
752 500 795 535 et
817 507 895 536 nos
912 491 1129 535 stertimus
1145 525 1156 545 ‚
1181 501 1223 535 et
1240 500 1460 552 'tanquam

16 584 20 627 ζ
82 573 159 602 nos
181 561 294 602 Deus
315 558 575 616 deseruerit,
602 560 647 603 in
668 562 827 605 somnis
847 561 1092 606 deliramus.
1124 581 1144 603 «
1166 563 1376 622 Operatus
1399 573 1463 608 est

16 630 19 683 g
82 645 103 669 »
137 628 320 672 salutem
338 629 383 672 in
410 631 554 675 medio
578 639 715 675 terrae.
745 650 765 672 n

138 700 234 743 XV.
270 701 367 743 Jam
400 714 501 758 ergo
540 701 684 760 Asaph
715 702 878 760 corrige
907 711 950 746 te
980 700 1034 746 ad
1062 702 1353 758 intellectum,
1393 702 1461 748 dic

15 808 20 820 ,
79 767 205 812 nobis
232 768 407 829 qualem
436 769 619 814 salutem
642 781 842 831 operatus
865 781 928 816 est
951 775 1064 816 Deus
1086 773 1131 816 in
1153 772 1296 817 medio
1320 782 1457 818 terrae.

79 838 191 883 Cum
212 838 286 883 illa
303 849 473 884 terrena
499 850 639 885 vestra
662 842 775 886 salus
799 857 943 887 eversa
965 851 1052 898 est,
1079 841 1186 903 quid
1205 842 1334 887 fecit?
1355 843 1460 903 quid

15 930 21 970 g
77 910 300 969 promisit?
320 930 339 953 «
359 914 424 955 Tu
436 913 698 957 confirmasti
715 914 759 957 in
775 914 936 958 virtute
953 923 1026 958 tua
1044 929 1175 958 mare.
1196 932 1215 955 »
1237 917 1460 975 Tanquam

77 989 204 1038 gente
226 981 481 1026 Judaeorum
492 983 612 1028 velut
628 983 745 1028 arida
767 1001 790 1029 a
812 985 1018 1029 fluctibus
1040 994 1254 1044 separata,
1279 1000 1398 1029 mare
1415 986 1461 1028 in

14 1073 20 1086 ⁴
77 1051 364 1097 amaritudine
385 1069 461 1098 sua
483 1056 642 1099 Gentes
662 1064 808 1110 erant,
844 1064 1090 1115 terramque
1121 1055 1242 1098 illam
1265 1054 1461 1115 undique

17 1155 20 1163 ,
76 1123 425 1168 circumluebant
454 1144 463 1169 ι
487 1141 586 1170 θθθθ
605 1144 624 1167 «
644 1126 920 1171 Confirmasti
944 1126 989 1169 in
1011 1126 1171 1170 virtute
1185 1135 1261 1169 tua
1277 1141 1415 1181 mare,
1436 1144 1456 1166 »

77 1202 121 1237 et
136 1194 341 1238 remansit
355 1203 466 1238 terra
479 1195 626 1239 sitiens
640 1196 826 1239 imbrem
844 1205 985 1240 tuum.
1016 1214 1035 1237 «
1057 1198 1121 1239 Tu
1139 1195 1402 1239 confirmasti
1415 1195 1462 1238 in

10 1257 12 1262 ’
79 1281 99 1305 »
124 1265 284 1308 virtute
297 1272 371 1309 tua
382 1281 512 1311 mare.
528 1267 777 1311 Contrivisti
791 1268 931 1326 capita
945 1266 1184 1310 draconum
1198 1267 1242 1309 in
1265 1268 1417 1325 aqua1.
1435 1284 1455 1307 n

75 1337 323 1379 Draconum
344 1337 481 1395 capita
499 1372 509 1391 ‚
530 1335 847 1382 daemoniorum
867 1337 1089 1396 superbias
1103 1372 1113 1392 ‚
1131 1352 1154 1380 a
1170 1337 1328 1397 quibus
1343 1338 1461 1381 Gen-

18 1454 23 1462 ν
75 1414 137 1450 tes
179 1406 534 1465 possidebantur,
575 1408 813 1454 contrivisti
856 1424 984 1468 super
1029 1423 1186 1468 aquam
1212 1428 1220 1453 :
1247 1408 1348 1468 quia
1391 1423 1462 1453 eos

10 1503 11 1507 =
74 1492 183 1537 quos
204 1477 505 1537 possidebant,
532 1488 580 1523 tu
601 1495 679 1539 per
701 1480 966 1540 baptismum
989 1479 1194 1524 liberasti.

130 1550 251 1592 XVI.
277 1548 394 1601 Quid
416 1549 558 1593 adhuc
575 1559 672 1609 post
691 1550 832 1610 capita
850 1551 1121 1595 draconum?
1144 1549 1213 1593 Illi
1236 1550 1351 1593 enim
1367 1549 1464 1594 dra-

71 1632 200 1662 cones
229 1617 394 1663 habent
412 1619 652 1679 principem
674 1636 802 1664 suum
817 1656 828 1675 ,
853 1629 896 1664 et
912 1621 1001 1679 ipse
1014 1620 1178 1679 primus
1194 1629 1257 1664 est
1278 1635 1462 1679 magnus

72 1686 218 1732 draco.
235 1690 292 1732 Et
313 1687 368 1732 de
387 1689 463 1733 illo
480 1689 587 1749 quid
601 1688 703 1733 fecit
715 1691 791 1749 qui
806 1699 1009 1749 operatus
1025 1698 1089 1733 est
1107 1689 1291 1733 salutem
1310 1690 1356 1732 in
1375 1705 1465 1734 me-

10 1760 11 1763 ’
72 1756 145 1802 dio
180 1761 331 1803 terrae?
363 1758 479 1803 Audi
506 1779 514 1803 z
547 1779 566 1801 «
603 1762 668 1803 Tu
700 1758 951 1818 confregisti
991 1768 1126 1818 caput
1157 1758 1354 1803 draconis
1373 1761 1404 1803 ².
1440 1779 1461 1801 »

6 1877 11 1889 ἢ
71 1829 205 1888 Cujus
228 1830 452 1874 draconis?
467 1829 751 1888 Intelligimus
765 1829 972 1874 dracones
989 1831 1132 1875 omnia
1146 1830 1362 1874 daemonia
1381 1831 1463 1874 sub

5 1897 8 1903 ⁴
72 1899 246 1944 diabolo
259 1900 489 1945 militantia
505 1916 656 1962 :quem
669 1917 771 1960 ergo
790 1901 1050 1964 singularem
1068 1900 1317 1955 draconem,
1339 1903 1463 1961 cujus

5 1966 9 1975 ’
71 1980 202 2029 caput
222 1970 494 2016 confractum
517 1981 604 2027 est,
630 1973 712 2016 nisi
729 1973 871 2032 ipsum
889 1973 1113 2017 diabolum
1126 1970 1369 2030 intelligere
1391 1971 1465 2016 de-

10 2047 13 2054 ’
48 2041 250 2097 bemus?
272 2042 389 2095 Quid
415 2042 468 2086 de
504 2042 578 2087 illo
602 2041 734 2087 fecit?
768 2062 787 2085 (ε
823 2046 887 2087 Tu
909 2042 1160 2101 confregisti
1192 2051 1324 2101 caput
1361 2042 1465 2086 dra—

75 2128 95 2152 »
131 2112 264 2156 conis.
293 2131 313 2154 n
342 2112 460 2156 Illud
483 2122 549 2156 est
568 2113 741 2156 initium
763 2114 944 2172 peccati.
969 2115 1113 2171 Caput
1133 2112 1244 2156 illud
1262 2121 1325 2156 est
1346 2112 1465 2172 quod

73 2182 238 2241 accepit
253 2182 556 2238 maledictum,
578 2192 628 2226 ut
654 2198 801 2226 semen
823 2186 927 2227 Evae
954 2182 1200 2226 observaret
1218 2191 1350 2241 caput
1369 2198 1461 2226 ser—

74 2251 258 2311 pentisss.
286 2251 520 2296 Admonita
551 2261 615 2296 θεῖ
636 2252 753 2296 enim
778 2253 969 2297 Ecclesia
999 2253 1170 2296 initium
1200 2253 1365 2312 pcccati
1386 2253 1466 2297 de-

73 2324 222 2369 vitare.
250 2325 376 2376 Quod
405 2333 468 2367 θεῖ
488 2324 662 2368 initium
681 2324 870 2383 peccati,
896 2333 1103 2383 tanquam
1133 2333 1264 2383 caput
1286 2339 1465 2383 serpen-

73 2394 151 2438 tis?
177 2413 197 2436 «
219 2394 399 2438 Initium
421 2395 560 2438 omnis
582 2394 749 2454 peccati
770 2393 971 2453 superbia
987 2396 1018 2436 4.
1048 2412 1068 2434 »
1100 2394 1384 2438 Confractum
1403 2403 1466 2438 est

73 2480 175 2523 ergo
211 2474 344 2524 caput
382 2465 604 2524 draconis3
641 2465 864 2510 confracta
901 2474 965 2509 est
997 2466 1197 2525 superbia
1233 2465 1460 2509 diabolica.

71 2537 128 2580 Et
148 2535 256 2595 quid
285 2535 339 2580 de
369 2535 444 2581 illo
466 2536 590 2592 fecit,
615 2538 691 2596 qui
713 2545 913 2596 operatus
941 2545 1005 2580 est
1037 2536 1221 2580 salutem
1242 2536 1287 2579 in
1315 2536 1461 2581 medio

123 2626 131 2642 ¹
158 2619 236 2653 Psal.
255 2631 360 2663 mnu,
385 2620 432 2652 13.
453 2638 493 2643 -
513 2620 753 2663 21t1id.14.-
776 2620 882 2655 3Gen.
903 2632 950 2663 ιιι,
972 2621 1022 2654 15.
1046 2637 1087 2644 —-
1111 2620 1127 2646 4
1142 2621 1239 2654 Eccli.
1262 2632 1294 2662 x,
1316 2621 1371 2654 15.
