1889 3285
409 244 492 282 222
839 254 873 280 s.
908 250 1138 280 AUGUSTINI
1168 252 1350 280 EPISCOPI

404 317 624 363 medicum
653 315 835 371 venisti,
869 316 1016 362 videre
1050 326 1094 361 te
1126 316 1263 362 dicis?
1295 317 1537 363 Cessabunt
1573 317 1781 375 collyria,
1811 348 1814 355 ι

403 403 570 447 semper
588 402 726 431 caecus
746 386 988 431 remanebis
1012 405 1021 431 ς
1042 387 1249 431 confitere
1269 395 1313 430 te
1339 402 1523 443 caecum,
1546 396 1598 431 ut
1617 386 1786 431 illumi-

401 457 495 502 nari
511 457 725 501 merearis.
746 455 934 501 Attende
951 455 1142 511 Judaeos,
1163 455 1338 500 attende
1353 457 1528 501 Gentes.
1554 456 1674 509 «Qui
1695 471 1787 501 non

407 548 426 569 »
459 526 625 582 vident,
649 526 840 582 videant,
862 527 1033 587 inquit:
1062 525 1160 571 ideo
1185 527 1301 583 veni,
1326 536 1376 571 ut
1394 526 1658 587 quivident,
1682 527 1787 571 caeci

405 615 426 640 »
456 599 578 642 fiant.
606 615 627 639 »
659 600 806 656 Ipsum
839 598 1073 642 Dominum
1095 607 1292 642 nostrum
1323 600 1471 642 Jesum
1495 598 1718 643 Christum
1739 597 1787 642 in

401 683 530 712 carne
549 667 758 712 videbant
774 669 799 710 J
802 666 932 722 udaei,
957 669 1116 711 Gentes
1137 683 1228 712 non
1244 667 1455 713 videbant
1474 688 1482 713 :
1508 683 1608 713 ecce
1625 669 1704 729 qui
1719 668 1787 714 vi-
1820 694 1823 695 ν

400 737 574 793 derunt,
607 738 942 795 crucifixerunt,
981 738 1059 797 qui
1089 751 1180 782 non
1213 738 1446 794 viderunt,
1484 738 1780 783 crediderunt.

400 810 514 865 Ergo
535 808 642 867 quid
662 806 813 862 fecisti,
834 823 860 851 o
882 808 1066 862 Christe,
1093 808 1295 852 adversus
1316 808 1555 868 superbos?
1577 808 1696 862 Quid
1717 806 1786 853 fe-

400 879 524 922 cisti?
540 878 762 933 Videmus,
787 879 891 938 quia
918 879 1123 938 dignatus
1145 894 1204 934 es,
1225 888 1268 923 et
1285 880 1480 924 membra
1501 888 1578 924 tua
1598 894 1745 923 sumus
1772 898 1782 924 :

399 948 612 992 videmus.
643 947 919 992 Abscondisti
950 954 1106 1004 Deum,
1145 948 1338 1008 objecisti
1368 949 1607 993 hominem.
1645 952 1786 1001 Quare
1820 992 1824 993 ⁷

398 1019 508 1063 hoc?
534 1038 554 1060 «
576 1021 633 1062 Ut
648 1019 817 1063 caecitas
834 1034 886 1062 ex
906 1029 1028 1078 parte
1051 1019 1183 1063 Isra'e'l
1202 1019 1340 1074 fieret,
1365 1029 1409 1063 et
1421 1019 1650 1079 plenitudo
1673 1020 1789 1063 Gen-

402 1106 422 1130 »
459 1089 567 1132 tium
592 1089 806 1132 intraret¹.
830 1107 850 1130 »
878 1088 947 1133 Ad
970 1090 1054 1134 hoc
1075 1089 1340 1133 abscondisti
1361 1092 1501 1133 Deum
1516 1124 1528 1144 ,
1563 1098 1607 1133 et
1639 1082 1784 1133 homi-

399 1174 501 1202 nem
522 1159 765 1218 aspectibus
788 1159 997 1219 abjecisti.
1022 1158 1256 1214 Videbant,
1283 1168 1326 1203 et
1346 1175 1436 1203 non
1450 1158 1661 1204 videbant
1685 1179 1695 1204 ι
1717 1159 1786 1204 vi-

399 1228 564 1272 debant
593 1228 716 1288 quod
750 1243 973 1288 acceperas
987 1264 1013 1284 ,⁷
1031 1238 1075 1272 et
1118 1245 1209 1272 non
1243 1227 1454 1273 videbant
1488 1230 1608 1289 quod
1643 1245 1734 1274 eras
1770 1248 1782 1275 ε

398 1298 606 1343 videbant
626 1299 813 1343 formam
837 1299 962 1352 servi,
991 1313 1082 1342 non
1102 1298 1311 1343 videbant
1328 1297 1512 1342 formam
1534 1300 1631 1343 Dei²
1658 1319 1667 1343 :
1690 1294 1789 1344 for-⁷

398 1384 514 1412 mam
536 1369 661 1424 servi,
682 1385 769 1429 qua
789 1371 926 1430 major
946 1378 1012 1413 est
1034 1371 1196 1423 Paterss,
1222 1385 1313 1413 non
1334 1368 1519 1414 formam
1537 1370 1631 1425 Dei,
1657 1385 1787 1430 prop-

398 1448 464 1483 ter
480 1455 613 1499 quam
632 1438 764 1483 modo
786 1439 963 1483 audistis
989 1459 998 1484 2
1022 1459 1043 1481 «
1068 1442 1162 1498 Ego
1180 1449 1224 1483 et
1246 1443 1369 1484 Pater
1391 1455 1531 1483 unum
1548 1441 1731 1484 sumus⁴.
1760 1458 1781 1482 »

400 1511 654 1552 'senuerunt
674 1509 795 1568 quod
815 1509 1039 1563 videbant,
1065 1509 1375 1553 crucifixerunt
1394 1509 1514 1569 quod
1539 1509 1750 1554 videbant
1769 1530 1781 1565 ς

398 1577 715 1622 insultaverunt
750 1578 789 1621 ei
828 1592 959 1638 quem
999 1578 1231 1631 videbant,
1274 1594 1365 1622 non
1401 1588 1674 1640 agnoverunt
1706 1579 1783 1639 qui

397 1647 576 1692 latebat.
602 1647 716 1693 Audi
746 1649 1003 1707 Apostolum
1026 1648 1243 1692 dicentem
1266 1668 1275 1693 ε
1300 1667 1320 1690 «
1348 1648 1391 1693 Si
1416 1648 1532 1692 enim
1551 1650 1784 1707 cognovis-

356 1739 358 1741 ·
401 1737 421 1759 »
456 1728 566 1773 sent,
592 1734 818 1778 nunquam
841 1719 1076 1763 Dominum
1095 1719 1240 1777 gloriae
1265 1719 1610 1763 crucifixissent-¹³.
1625 1738 1645 1762 »
1666 1723 1782 1778 Ergo

400 1790 558 1832 Gentes
574 1804 672 1847 quae
692 1797 856 1832 vocatae
880 1789 994 1843 estis,
1027 1788 1237 1832 attendite
1259 1804 1400 1832 ramos
1424 1790 1623 1848 praeeisos
1645 1805 1781 1850 prop-

396 1868 462 1903 ter
486 1860 772 1914 severitatem,
795 1875 870 1903 vos
891 1869 1033 1903 autem
1055 1861 1236 1904 insertos
1258 1869 1434 1919 propter
1458 1860 1712 1916 bonitatem,
1738 1870 1782 1905 et

397 1930 624 1989 participes
647 1929 782 1974 factos
804 1930 1079 1989 pinguedinis
1101 1930 1229 1986 oleae,
1254 1947 1345 1975 non
1375 1930 1510 1975 altum
1538 1931 1751 1991 sapientes
1765 1967 1776 1987 ,

397 1999 443 2043 id
468 2008 547 2054 est,
580 2015 669 2043 non
695 2000 1006 2058 superbientes.
1037 2020 1058 2044 α
1081 2003 1179 2044 Non
1201 2001 1317 2044 enim
1339 2010 1389 2044 tu
1405 2001 1592 2045 radicem
1615 2010 1775 2061 portaS,
1792 2003 1804 2007 ’

400 2087 421 2110 )>
457 2070 548 2125 ait,
569 2070 644 2113 sed
667 2070 787 2124 radix
803 2079 860 2114 te.
884 2088 903 2111 »
930 2070 1065 2128 Magis
1095 2070 1356 2125 terreamini,
1381 2071 1483 2129 quia
1505 2070 1660 2117 videtis
1684 2086 1779 2115 am-

397 2148 570 2198 putatos
594 2155 732 2183 ramos
759 2138 991 2183 naturales.
1017 2142 1041 2183 J
1047 2138 1159 2183 udaei
1181 2140 1295 2183 enim
1313 2155 1390 2199 per
1411 2140 1680 2185 Patriarchas
1698 2156 1777 2192 ve-

397 2219 574 2264 nerunt,
598 2209 653 2253 (le
672 2225 803 2254 carne
825 2209 1012 2254 Abrahae
1033 2211 1122 2253 nati
1149 2220 1264 2253 sunt.
1291 2212 1349 2253 Et
1375 2209 1484 2269 quid
1507 2211 1565 2254 ait
1591 2214 1778 2270 Aposto-

396 2278 495 2323 lus?
522 2298 542 2321 «
569 2278 653 2324 Sed
673 2279 800 2323 dicis:
827 2279 971 2324 Fracti
991 2289 1093 2323 sunt
1114 2280 1236 2334 rami,
1262 2289 1312 2324 ut
1336 2294 1417 2338 ego
1439 2281 1614 2325 inserar.
1634 2283 1772 2340 Bene,

398 2367 420 2391 n
454 2358 630 2408 propter
647 2348 946 2393 infidelitatem
961 2349 1086 2394 fracti
1103 2359 1204 2393 sunt
1230 2369 1238 2393 :
1265 2359 1313 2393 tu
1333 2360 1495 2406 autem,
1512 2351 1671 2411 inquit,
1687 2350 1774 2409 fide
1807 2408 1814 2411 -

399 2437 420 2461 »
455 2429 554 2475 stas,
577 2417 668 2463 noli
691 2418 827 2462 altum
849 2435 997 2479 sapere
1013 2454 1024 2475 ,
1049 2418 1124 2463 sed
1145 2420 1248 2463 time
1273 2441 1282 2463 :
1307 2421 1340 2465 si
1366 2422 1482 2465 enim
1502 2420 1773 2465 naturalibus
1806 2418 1814 2424 ’

441 2521 454 2538 ¹
476 2517 568 2548 Rom.
587 2526 632 2557 m,
647 2515 699 2550 25.
729 2532 770 2539 —
788 2522 802 2540 ²
824 2515 938 2558 Philip.
957 2526 992 2557 11,
1009 2515 1045 2557 6,
1071 2527 1101 2557 7.
1125 2533 1168 2539 —
1188 2514 1201 2540 3
1225 2518 1317 2549 Joan.
1335 2528 1404 2559 mv,
1423 2517 1478 2550 28.
1497 2533 1539 2541 -
1555 2515 1573 2547 4
1595 2517 1644 2554 Id.
1663 2527 1697 2559 x,
1716 2517 1770 2550 30.

397 2588 438 2594 ·-
457 2570 472 2596 ⁵
493 2583 506 2605 1
526 2572 598 2605 Cor.
618 2583 655 2614 u,
668 2572 700 2604 8.
1188 2588 1191 2589 ⁷
