1889 3285
434 265 490 304 70
857 273 890 302 s.
926 271 1157 303 Aueuszrrm
1188 274 1370 303 prscom

431 342 629 386 bentium
644 343 656 366 ¹
679 354 924 385 :servorum
938 347 1001 382 est
1013 339 1622 399 invitare,Dominiseparare.
1641 339 1815 384 «Etiam
1840 332 1841 339 ¹

433 431 453 454 »
487 421 618 472 atque
640 411 770 455 etiam
792 411 838 454 in
860 410 1080 455 dexteram
1111 419 1241 471 atque
1269 412 1482 456 sinistram
1514 410 1712 455 extende.
1736 413 1814 457 Se-
1841 412 1843 416 '

435 503 453 526 »
487 498 590 527 men
613 482 728 526 enim
743 491 870 526 tuum
891 481 1166 525 haereditabit
1182 491 1346 540 gentes,
1361 492 1406 526 et
1422 483 1614 527 civitates
1627 498 1726 542 quae
1741 481 1817 526 de-

432 572 453 596 »
489 563 612 598 sertae
635 562 778 607 erant,
811 552 1073 596 inhabitabis
1099 571 1109 597 :
1137 570 1157 593 »
1179 556 1367 597 Desertae
1390 570 1412 597 a
1435 556 1549 608 Deo,
1589 552 1770 597 desertae
1792 568 1815 597 a

431 625 680 684 Prophetis,
706 622 886 667 desertae
909 622 963 666 ab
984 621 1222 681 Apostolis,
1255 623 1435 666 desertae
1464 623 1518 666 ab
1548 622 1812 681 Evangelio,

430 695 571 755 plenae
580 694 819 738 daemoniis.
837 693 1075 738 «Civitates
1095 709 1194 753 quae
1212 693 1393 737 desertae
1405 693 1813 749 erantinhabitabis‚

433 785 452 808 »
488 782 577 810 non
600 774 663 809 est
687 766 807 825 quod
827 774 1009 808 metuas.
1038 763 1294 809 Praevalebis
1319 765 1459 822 enim3
1487 780 1567 808 nec
1589 764 1816 809 erubescas
1846 770 1847 774 ’

434 856 454 879 »
490 836 610 896 quod
632 835 896 880 detestabilis
918 833 1065 879 fueris.
1091 838 1208 894 Ergo
1228 836 1330 895 quia
1341 836 1668 880 insurrexerunt
1688 851 1818 895 super

433 927 454 950 n
489 923 558 951 me
581 907 729 962 fortes,
755 922 810 950 nc·
831 906 1079 951 erubescas:
1095 925 1114 947 n
1131 905 1309 966 quando
1327 915 1477 951 contra
1499 922 1661 950 nomen
1686 907 1819 951 chris-

429 979 596 1022 tianum
610 977 724 1035 leges
738 975 1006 1031 ferebantur,
1032 977 1211 1036 quando
1228 976 1465 1035 ignominia
1477 985 1520 1020 et
1534 975 1712 1020 infamia
1726 985 1818 1020 erat

428 1065 518 1094 esse
540 1049 850 1094 Christianum.
882 1066 899 1087 «
925 1050 988 1093 Ne
1005 1048 1234 1092 erubescas
1248 1046 1369 1107 quod
1382 1046 1645 1091 detestabilis
1660 1046 1814 1092 fueris:

434 1140 452 1161 »
487 1118 787 1165 confusionem
810 1119 992 1163 enimin
1013 1128 1275 1178 perpetuum
1304 1117 1567 1162 oblivisceris
1584 1152 1594 1172 ,
1626 1118 1817 1177 ignomi-

433 1210 452 1232 »
488 1192 571 1234 niae
591 1191 813 1235 viduitatis
836 1200 924 1234 tuae
954 1206 1044 1234 non
1067 1190 1149 1234 eris
1171 1204 1352 1234 memor.
1380 1189 1597 1242 Quoniam
1619 1204 1700 1248 ego
1722 1205 1818 1234 sum
1851 1223 1853 1227 -

431 1279 452 1302 »
487 1262 692 1305 Dominus
719 1261 792 1320 qui
827 1258 939 1304 facio
968 1269 1011 1303 te
1030 1295 1040 1314 ,
1079 1260 1291 1304 Dominus
1312 1274 1473 1303 nomen
1495 1268 1560 1303 est
1581 1259 1620 1303 ei
1644 1279 1652 1303 :
1678 1268 1720 1303 et
1741 1260 1818 1320 qui
1852 1279 1853 1308 ;

432 1350 452 1372 »
488 1331 600 1374 eruit
616 1340 657 1375 te
670 1366 684 1386 v,
707 1331 798 1390 ipse
818 1330 1028 1374 Dominus
1043 1335 1151 1373 Deus
1169 1329 1300 1373 Israel
1314 1329 1525 1374 universae
1544 1339 1669 1373 terrae
1685 1340 1817 1375 'voca-

431 1419 453 1442 »
487 1401 656 1445 bitur2.
687 1404 744 1445 Et
775 1410 850 1455 tu,
877 1402 1058 1445 Domine
1090 1403 1203 1444 Deus
1231 1401 1470 1456 virtutum,
1501 1404 1616 1445 Deus
1653 1401 1810 1454 Israel,
1852 1391 1853 1409 ³

429 1489 450 1512 »
491 1471 668 1516 intende
692 1470 747 1514 ad
776 1470 1040 1515 visitandum
1069 1486 1218 1515 omnes
1248 1480 1397 1529 gentes
1423 1490 1431 1515 z
1462 1489 1482 1512 »
1508 1471 1706 1525 intende,
1744 1471 1818 1514 in-

431 1557 581 1601 quam,
607 1542 660 1585 ad
684 1542 947 1585 visitandum
964 1556 1113 1585 onmes
1131 1550 1294 1598 gentes.

487 1615 588 1656 XII.
617 1632 636 1655 «
661 1615 758 1657 Non
779 1613 1014 1656 miserearis
1037 1613 1232 1656 omnium
1251 1612 1326 1671 qui
1349 1621 1588 1671 operantur
1607 1611 1817 1671 iniquita·
1854 1613 1857 1654 ἶ

433 1700 455 1723 n
489 1684 618 1726 temss.
644 1702 660 1723 »
687 1683 767 1726 Hic
789 1681 916 1741 plane
934 1683 1105 1726 terruit.
1131 1685 1270 1734 Quem
1299 1697 1388 1725 non
1420 1683 1608 1725 terreat?
1637 1683 1742 1734 Quis
1763 1682 1818 1727 ad

429 1768 550 1796 suam
566 1753 871 1797 conscientiam
895 1752 1064 1795 rediens
1090 1767 1179 1794 non
1201 1751 1539 1795 contremiscat?
1557 1754 1666 1805 Quae
1688 1753 1818 1796 etiam

430 1822 462 1866 si
483 1822 563 1866 sibi
587 1822 758 1866 conscia
780 1831 844 1864 est
863 1821 1058 1879 pietatis,
1091 1821 1251 1864 mirum
1275 1821 1353 1864 nisi
1377 1819 1543 1881 aliquid
1571 1822 1742 1866 conseia
1764 1823 1818 1866 sit

430 1892 559 1935 etiam
575 1890 830 1949 iniquitatis.
856 1890 1131 1950 Quicumque
1154 1891 1269 1933 enim
1293 1900 1519 1950 peccatum
1535 1890 1653 1946 facit,
1670 1901 1714 1936 et
1734 1893 1818 1936 ini-

429 1961 636 2021 quitatem
654 1960 798 2004 facit4.
811 1978 830 2000 «
843 1960 885 2004 Si
897 1960 1011 2003 enim
1023 1960 1272 2019 iniquitates
1287 1960 1596 2016 observaveris,
1614 1962 1813 2019 Domine3

430 2049 450 2072 »
486 2031 692 2084 Domine,
718 2030 814 2090 quis
834 2030 1064 2073 sustinebit
1082 2032 1095 2055 ⁵
1111 2032 1128 2073 Ρ
1145 2049 1164 2070 »
1190 2033 1246 2073 Et
1275 2039 1421 2074 tamen
1443 2045 1595 2074 verum
1612 2041 1697 2086 est,
1737 2047 1816 2076 nce
1859 2058 1861 2087 7

425 2102 586 2146 frustra
609 2102 775 2145 dictum
796 2136 807 2150 ,
843 2116 922 2145 nec
951 2116 1102 2145 vacare
1137 2102 1315 2145 omnino
1348 2111 1488 2161 potest
1513 2111 1588 2147 aut
1617 2104 1778 2162 poterit
1804 2123 1812 2149 z
1860 2116 1861 2149 ἕ

432 2192 452 2214 «
486 2174 583 2217 Non
611 2172 846 2215 miserearis
879 2172 1073 2215 omnium
1102 2172 1178 2231 qui
1209 2181 1445 2231 operantur
1474 2173 1765 2233 iniquitatem.
1791 2192 1811 2215 n

429 2243 513 2288 Sed
535 2258 633 2287 ecce
649 2243 846 2286 misertus
869 2252 932 2286 est
955 2242 1099 2297 Pauli,
1128 2244 1201 2303 qui
1222 2244 1362 2302 primo
1379 2245 1534 2288 Saulus
1549 2246 1813 2303 operabatur

428 2314 717 2374 iniquitatem.
756 2314 872 2366 Quid
910 2314 1025 2357 enim
1054 2313 1154 2357 fecit
1184 2314 1315 2369 boni,
1343 2314 1462 2359 unde
1496 2326 1816 2374 promereretur

424 2385 594 2428 Deum?
616 2386 770 2427 Nonne
788 2393 956 2427 sanctos
977 2385 1067 2443 ejus
1091 2383 1145 2426 ad
1165 2393 1348 2427 mortem
1374 2385 1648 2429 attrahebat?
1670 2401 1816 2429 nonne

424 2454 623 2514 epistolas
645 2470 668 2497 a
690 2454 959 2513 principibus
982 2454 1256 2499 sacerdotum
1274 2454 1463 2511 ferebat,
1480 2465 1530 2499 ut
1542 2456 1814 2517 ubicumque
1863 2487 1865 2496 ,

471 2556 477 2572 ¹
496 2549 611 2581 Matth.
631 2560 710 2590 xxii,
730 2560 763 2591 9.
783 2566 824 2572 -—-
842 2556 854 2571 ²
873 2551 943 2581 lsai.
966 2561 1029 2587 mv,
1048 2549 1111 2581 1-5.
1129 2567 1168 2572 —
1189 2547 1202 2572 3
1223 2550 1300 2582 Psal.
1323 2561 1409 2591 tvm,
1428 2551 1462 2582 6.
1478 2569 1520 2574 —
1538 2551 1554 2581 4
1578 2563 1590 2583 ῐ
1608 2555 1699 2584 Joan.
1720 2563 1765 2593 m,
1779 2551 1810 2593 4.

422 2620 462 2626 —
480 2602 495 2625 5
510 2604 589 2636 Psal.
608 2615 717 2645 cxxix,
742 2604 772 2635 3.
