1889 3285
368 227 451 266 160
805 232 839 262 S.
875 232 1106 262 Aucusnm
1137 235 1318 262 Emscom

366 321 388 345 »
423 301 502 347 tibi
524 309 567 345 et
589 314 689 345 caro
719 315 815 344 mea
848 320 857 344 :
895 318 915 341 »
948 315 1004 344 ne
1033 299 1148 344 forte
1173 299 1242 344 vel
1274 298 1512 344 necessaria
1534 298 1672 343 carnis
1694 298 1749 342 ab

366 372 457 416 aliis
475 380 594 430 petat
618 380 662 415 et
682 386 771 414 non
796 386 818 414 a
842 372 953 424 Deo,
972 378 1047 413 aut
1067 385 1158 414 non
1178 368 1392 413 desideret
1401 368 1517 413 illam
1534 383 1751 412 resurrec-

365 441 528 486 tionem
563 440 703 485 carnis
730 455 863 499 quam
891 439 1014 483 nobis
1043 439 1258 498 promittit
1286 442 1401 483 Deus
1430 453 1562 484 :cum
1583 453 1685 497 ergo
1708 452 1752 482 se

363 511 569 565 erexerit,
591 509 770 554 habebit
789 525 877 553 non
891 524 1042 568 parvas
1065 507 1393 553 consolationes.

424 583 480 625 X.
507 583 635 635 Ecce,
650 580 819 634 fratres,
841 577 1063 640 quomodo
1081 594 1181 624 caro
1194 588 1340 624 nostra
1354 579 1551 639 quandiu
1563 576 1754 622 mortalis

369 662 449 707 cst,
465 650 663 712 qnandiu
675 649 834 709 fragilis
847 660 925 704 est,
942 659 1042 694 ante
1053 649 1170 695 illam
1181 651 1539 695 resurrectionem
1550 649 1756 693 habetso·

368 721 471 766 latia
484 721 561 766 ista
584 721 741 782 quibus
764 720 964 776 vivimus,
985 736 1160 780 panem,
1188 736 1362 781 aquam,
1381 719 1564 775 fructus,
1583 719 1751 775 vinum,

370 791 515 837 oleum
530 813 541 850 3
554 792 650 849 (ista
664 791 806 836 onmia
820 790 970 836 solatia
985 800 1027 835 et
1035 791 1226 836 subsidia
1239 792 1271 835 si
1285 807 1362 836 nos
1378 790 1592 845 deserant,
1603 791 1756 850 utique

368 861 524 906 durare
538 877 627 906 non
635 876 861 921 possumus
874 864 911 920 ᾖ)
926 862 1122 922 quamvis
1135 861 1333 906 nondum
1346 861 1557 921 receperit
1566 876 1665 905 caro
1678 860 1757 904 ista

366 933 591 977 sanitatem
607 932 726 976 illam
740 931 993 992 perfectam,
1014 932 1091 976 ubi
1111 931 1276 976 nullam
1290 933 1478 991 patietur
1493 930 1754 990 angustiam,

365 1002 534 1046 nullam
562 1001 850 1061 indigentiam
877 1021 886 1047 :
911 1002 969 1047 sic
996 1011 1040 1047 et
1066 1002 1209 1046 anima
1237 1010 1383 1046 nostra
1405 1017 1506 1046 cum
1528 1001 1598 1046 hic
1623 1010 1690 1045 cst
1711 1000 1758 1044 in

368 1073 447 1117 ista
465 1088 592 1117 carne
604 1107 614 1127 ,
645 1073 758 1117 inter
775 1072 1036 1116 tentationes
1051 1081 1094 1116 et
1110 1064 1301 1132 pericula
1332 1071 1478 1116 saeculi
1499 1071 1629 1131 hujus
1644 1105 1655 1125 ,
1680 1069 1760 1115 ad-

367 1143 454 1187 huc
483 1152 546 1187 est
577 1143 775 1201 infirma3
809 1143 942 1186 habet
973 1143 1101 1187 etiam
1125 1143 1215 1201 ipsa
1247 1141 1398 1186 solatia
1417 1141 1570 1197 verbi,
1609 1140 1761 1188 solatia

367 1213 572 1258 orationis
587 1248 597 1268 ,
615 1213 764 1257 solatia
783 1213 1086 1273 disputationis
1104 1213 1185 1257 :sic
1203 1221 1305 1257 sunt
1320 1213 1401 1256 ista
1413 1211 1568 1256 animae
1581 1220 1755 1266 nostrae,

370 1282 591 1342 quomodo
614 1282 687 1327 illa
709 1284 847 1328 carnis
869 1293 1043 1328 nostras.
1065 1285 1177 1328 Cum
1199 1292 1345 1327 autem
1365 1282 1644 1327 resurrexerit
1660 1296 1760 1326 caro

367 1362 513 1398 nostra
533 1388 543 1409 ,
568 1354 720 1413 utjam
744 1355 831 1397 istis
850 1371 940 1396 non
956 1355 1242 1410 indigeamus,
1258 1354 1441 1396 habebit
1451 1354 1598 1397 locum
1612 1367 1761 1412 quem-

370 1424 472 1468 dam
512 1433 556 1467 et
587 1433 748 1468 statum
774 1422 1110 1482 incorruptionis
1147 1438 1235 1467 suae
1261 1442 1269 1467 ε
1296 1423 1355 1467 sic
1385 1433 1428 1467 et
1449 1422 1591 1467 anima
1613 1431 1761 1467 nostra

368 1493 551 1537 habebit
568 1494 716 1537 cibum
738 1508 865 1536 suum
888 1493 1030 1551 ipsum
1052 1492 1244 1536 Verbum
1266 1493 1370 1548 Dei,
1399 1508 1476 1552 per
1498 1493 1619 1553 quod
1648 1493 1760 1536 facta

370 1573 472 1607 sunt
490 1564 676 1607 omnia&
706 1565 867 1606 Tamen
892 1562 1047 1621 gratias
1061 1565 1149 1607 Deo
1165 1598 1175 1618 ,
1200 1564 1275 1623 qui
1298 1562 1428 1608 modo
1451 1564 1496 1607 in
1513 1564 1594 1608 hac
1613 1579 1758 1608 eremo

367 1648 458 1677 non
490 1647 567 1676 nos
603 1631 781 1686 deserit,
811 1632 897 1675 sive
921 1631 1066 1676 dando
1094 1633 1219 1677 nobis
1242 1633 1359 1693 quod
1391 1634 1679 1678 necessarium
1696 1642 1760 1678 est

369 1703 486 1747 carni
501 1738 511 1757 ,
538 1703 625 1746 sive
649 1701 793 1746 dando
815 1703 940 1747 nobis
971 1702 1090 1763 quod
1120 1703 1274 1747 animae
1296 1704 1584 1748 necessarium
1600 1714 1664 1749 est
1687 1723 1696 1749 :
1717 1713 1761 1748 et

372 1772 550 1833 quando
562 1788 640 1816 nos
656 1772 874 1833 aliquibus
892 1774 1215 1818 necessitatibus
1230 1773 1389 1829 erudit,
1400 1774 1496 1819 vult
1514 1783 1563 1818 ut
1576 1774 1760 1834 amplius

369 1842 495 1886 illum
530 1841 788 1900 diligamus,
818 1858 873 1886 ne
894 1841 1005 1886 sorte
1030 1859 1107 1902 per
1130 1843 1322 1901 saginam
1343 1859 1691 1903 corrumpamur,
1716 1853 1761 1889 et

369 1911 675 1956 obliviscamur
697 1927 812 1955 eum.
837 1912 1064 1957 Subtrahit
1086 1913 1211 1956 nobis
1229 1913 1464 1973 aliquando
1486 1930 1584 1974 quae
1608 1929 1761 1958 neces-

370 1983 477 2026 saria
494 1991 618 2037 sunt,
645 1991 687 2026 et
710 1982 855 2026 atterit
872 1998 976 2039 nos,
1002 1992 1050 2026 ut
1079 1983 1264 2027 sciamus
1287 1985 1388 2043 quia
1412 1988 1538 2028 Pater
1556 1994 1598 2029 et
1616 1985 1762 2029 Domi-

373 2069 453 2097 nus
473 2062 563 2108 est,
589 2069 678 2097 non
700 2053 841 2097 solum
862 2052 1110 2108 blandiens,
1135 2053 1211 2097 sed
1232 2063 1274 2098 et
1289 2053 1525 2113 flagellans.
1543 2059 1762 2115 Praeparat

372 2123 488 2167 enim
516 2139 594 2167 nos
624 2122 796 2167 cuidam
824 2123 1064 2167 haereditati
1086 2123 1405 2183 incorruptibili
1428 2134 1470 2169 et
1492 2141 1675 2184 magnae.
1717 2125 1761 2171 Si

372 2209 506 2236 unam
525 2208 710 2253 cuppam
724 2229 734 2248 ,
761 2202 836 2237 aut
857 2209 991 2237 unam
1015 2192 1169 2239 cellam
1186 2203 1328 2249 tuam,
1353 2204 1428 2238 aut
1449 2195 1607 2255 siquid
1629 2196 1760 2240 habes

374 2263 421 2306 in
443 2263 574 2307 domo
598 2272 672 2307 tua
686 2298 697 2318 ,
726 2263 885 2321 cogitas
916 2263 1132 2307 dimittere
1150 2264 1239 2308 filio
1259 2274 1334 2309 tuo
1353 2299 1363 2319 ,
1389 2274 1431 2308 et
1456 2281 1509 2309 ne
1531 2265 1686 2325 perdat
1705 2265 1761 2310 il-

371 2332 450 2376 lud
471 2367 482 2387 ‚
508 2333 651 2376 erudis
673 2348 773 2376 eum
789 2368 799 2387 ,
825 2342 868 2377 et
890 2332 1067 2391 flagellis
1086 2349 1185 2377 eum
1200 2333 1255 2377 ad
1277 2332 1548 2394 disciplinam
1563 2336 1756 2395 corrigis,

376 2418 431 2446 ne
452 2402 604 2462 perdat
626 2402 736 2446 nihil
758 2412 905 2458 tuum,
939 2402 1059 2463 quod
1086 2413 1128 2447 et
1159 2404 1248 2463 ipse
1277 2404 1347 2448 hic
1383 2404 1634 2449 dimissurus
1668 2415 1755 2457 est,

375 2473 485 2518 sicut
507 2482 549 2516 et
565 2482 613 2517 tu
629 2494 640 2531 3
659 2489 748 2518 non
767 2474 830 2518 vis
848 2483 896 2519 ut
919 2489 996 2519 nos
1017 2472 1187 2519 erudiat
1210 2477 1337 2518 Pater
1354 2484 1499 2520 noster
1517 2475 1563 2519 in
1580 2474 1758 2534 flagellis

423 2558 637 2599 ¹.J0an.1‚3
