1889 3285
380 265 618 293 ENARRA‘HO
651 268 695 292 IN
729 266 928 292 PSALMUM
962 267 1095 291 van.
1342 252 1424 289 305

11 308 13 342 ἔ
45 330 225 375 veritate
246 331 337 373 lieri
364 340 532 389 posset,
569 330 668 390 quia
699 331 744 373 in
772 346 910 389 graeca
937 329 1086 388 lingua
1117 329 1159 372 id
1186 341 1427 387 pronomen

48 410 162 449 αὐτῆς,
186 416 274 445 11011
298 399 439 444 solum
461 419 480 441 (ε
499 401 588 459 ejus
604 435 614 454 ‚
643 418 664 440 »
688 400 763 443 sed
781 400 908 444 etiam
937 418 956 441 «
975 413 1096 442 suam
1113 398 1182 441 vel
1199 413 1296 441 suas
1311 417 1330 439 »
1349 412 1430 456 po-

47 480 130 515 test
157 470 340 529 intelligi
367 489 376 514 :
405 488 425 511 «
451 485 573 512 suam
605 484 731 527 ergo,
770 469 803 514 si
837 483 1048 525 manum3
1078 483 1174 511 suas
1203 476 1370 521 autem,
1396 466 1430 510 si

11 538 13 604 J
52 560 71 582 »
105 556 273 584 manus.
297 559 318 581 »
345 542 456 585 Nam
475 538 596 600 quod
617 539 738 583 estin
758 554 897 597 graeco
914 575 925 594 ,
950 546 1037 590 χεῖςσι
1058 547 1170 584 αὐτῆς,
1192 537 1313 597 quod
1336 536 1432 596 plu-

11 605 13 621 ¹
46 625 114 655 res
135 610 304 655 codices
326 610 513 665 habent,
539 619 582 654 et
608 629 628 652 «
652 613 834 655 Manum
857 611 969 670 ejus,
994 618 1038 653 et
1058 623 1238 652 manum
1264 623 1386 651 suam
1406 625 1427 648 »

10 672 14 691 ·,
47 691 190 741 potest
209 680 547 741 intelligizquod
566 696 669 726 vero
691 696 837 725 rarum
860 690 922 724 est
942 680 988 724 in
1010 679 1232 724 codicibus
1265 678 1428 737 graecis,

11 795 13 798 ,
47 758 279 805 χειρὰςαύτῆς,
309 761 353 795 01
377 754 574 796 «Manus
603 751 708 811 ejus.
739 753 797 796 Et
827 766 982 795 manus
1015 764 1112 795 suas
1137 767 1157 790 »
1186 748 1320 793 latine
1348 764 1431 809 po-

10 834 13 840 “
50 830 131 866 test
151 820 250 865 dici.

10 892 16 953 ι’
106 895 247 936 XLII.
284 893 396 936 Hinc
410 893 498 952 jam
516 927 527 948 ‚
551 892 672 937 velut
693 891 884 937 decursis
907 908 983 952 per
1003 892 1276 952 prophetiam
1304 892 1434 936 rebus

10 970 14 990 ³
49 962 252 1007 omnibus
270 998 281 1017 ‚
307 978 414 1022 quas
431 961 631 1022 impletas
649 978 737 1007 esse
756 964 846 1023 jam
873 962 1090 1007 cernimus
1106 998 1117 1018 ,
1147 963 1348 1007 hortatur
1379 964 1436 1007 ad

11 1059 14 1063 ·
48 1033 224 1077 laudem
253 1032 444 1086 Christi,
475 1049 523 1076 ac
544 1032 702 1076 deinde
734 1033 1000 1092 praenuntiat
1026 1032 1226 1077 futurum
1247 1034 1336 1092 ejus
1358 1033 1436 1078 ad-

10 1122 16 1174 i
48 1114 243 1149 ventum.
283 1122 303 1145 «
327 1107 479 1162 Regna
506 1113 648 1159 terrae,
665 1113 835 1148 cantate
867 1095 979 1158 Deo,
1013 1103 1182 1163 psallite
1210 1105 1396 1149 Domino
1424 1124 1432 1148 :

10 1178 16 1243 i
51 1193 73 1217 >›
107 1174 277 1235 psallite
298 1178 388 1219 Deo
409 1210 419 1230 ‚
444 1176 520 1235 qui
553 1175 746 1219 ascendit
782 1191 910 1235 super
939 1174 1103 1219 coelum
1132 1174 1346 1219 coelorum
1381 1174 1438 1219 ad

9 1243 17 1305 ζ’
51 1263 73 1287 1)
107 1245 392 1290 Orientem1»
419 1244 501 1288 Vel
530 1245 640 1289 sicut
663 1244 866 1289 nonnulli
890 1244 1057 1289 codices
1079 1245 1244 1289 habent
1268 1265 1277 1290 ι
1308 1265 1328 1288 «
1351 1245 1438 1299 Qui

10 1313 17 1351 f
54 1336 73 1358 »
109 1314 301 1360 ascendit
320 1330 450 1374 super
481 1315 642 1359 coelum
669 1315 770 1359 coeli
791 1315 845 1360 ad
866 1316 1105 1360 Orientem.
1134 1334 1153 1357 »
1180 1318 1230 1359 In
1260 1315 1326 1359 his
1340 1331 1439 1360 ver-

10 1353 17 1404 i
49 1385 117 1430 bis
148 1386 222 1429 ille
259 1401 349 1429 non
381 1384 586 1444 intelligit
603 1386 846 1440 Christum,
867 1386 943 1446 qui
965 1388 1055 1446 ejus
1077 1387 1439 1430 resurrectionem

11 1427 17 1522 ξ
50 1456 432 1515 'ascensionemque
455 1471 545 1500 non
579 1454 778 1508 credit.,«
795 1456 864 1499 Ad
886 1455 1108 1500 Orientem
1133 1476 1152 1498 »
1184 1472 1287 1500 vero
1317 1455 1440 1516 quod

11 1539 17 1592 ζ
52 1526 245 1580 addidit,
267 1541 414 1570 nonne
436 1526 564 1569 etiam
587 1526 729 1585 ipsum
752 1524 900 1570 locum
921 1561 931 1580 ,
953 1528 1161 1586 quoniam
1182 1527 1228 1569 in
1243 1526 1440 1585 partibus

50 1596 238 1641 Orientis
258 1605 322 1640 est
338 1632 348 1651 ‚
372 1596 449 1639 ubi
471 1596 700 1640 resurrexit
724 1605 774 1640 et
807 1596 925 1639 unde
951 1595 1170 1651 ascendit,
1203 1596 1442 1655 expressit?

51 1670 168 1726 Ergo
185 1682 314 1725 super
331 1666 494 1710 coelum
517 1665 616 1710 coeli
639 1666 761 1710 sedet
783 1666 838 1710 ad
860 1666 1078 1710 dexteram
1098 1667 1248 1710 Patris.
1267 1669 1361 1711 Hoc
1378 1675 1443 1710 est

52 1736 173 1798 quod
194 1737 299 1781 dicit
319 1735 552 1795 Apostolus
574 1754 583 1779 :
616 1755 636 1776 «
655 1738 751 1795 Ipse
773 1743 836 1779 est
857 1736 934 1795 qui
966 1730 1158 1780 ascendit
1182 1751 1311 1795 super
1344 1751 1442 1780 om-

55 1826 76 1849 »
111 1822 186 1851 nes
203 1805 376 1851 coelos‘2.
402 1824 421 1846 n
447 1805 564 1858 Quid
595 1805 710 1848 enirn
747 1804 959 1848 coelorum
982 1814 1113 1848 restat
1146 1815 1244 1864 post
1276 1804 1443 1849 coelum

15 1870 19 1924 ζ
54 1878 184 1924 coeli?
203 1881 321 1931 Quos
344 1887 387 1921 et
408 1876 541 1920 coelos
562 1875 774 1920 coelorum
795 1891 1022 1935 possumus
1045 1875 1203 1927 dicere,
1229 1875 1339 1920 sicut
1358 1891 1440 1920 vo-

54 1950 168 1996 cavit
189 1950 511 1993 firmamentum
535 1947 727 1992 coelum³
755 1967 764 1991 ε
789 1946 910 2007 quod
931 1957 1079 1991 tamen
1097 1946 1259 1991 coelum
1279 1983 1289 2002 ,
1309 1947 1441 1990 etiam

14 2021 20 2077 ζ-
55 2019 188 2065 coelos
225 2019 408 2077 legimus
428 2053 439 2073 ‚
476 2018 555 2061 ubi
585 2017 795 2077 scriptum
815 2027 878 2061 est
907 2037 915 2062 :
948 2020 1003 2061 Et
1024 2033 1164 2077 aquae,
1191 2034 1289 2078 quae
1312 2032 1443 2077 super

18 2103 21 2138 ἶ
56 2090 189 2136 coelos
216 2099 342 2143 sunt,
376 2088 559 2133 laudent
579 2103 742 2133 nornen
772 2089 944 2134 Domini
962 2090 993 2132 ⁴.
1020 2092 1077 2132 Et
1104 2089 1312 2149 quoniam
1339 2089 1442 2132 inde

15 2167 21 2222 -g
54 2170 264 2205 venturus
281 2169 345 2203 est
367 2158 421 2203 ad
433 2158 693 2218 judicandos
713 2159 833 2203 vivos
844 2168 886 2202 et
897 2167 1113 2213 mortuos,
1133 2159 1308 2203 attende
1321 2157 1442 2219 quod

19 2251 20 2283 1
55 2231 252 2290 sequitur
278 2249 287 2273 :
317 2248 335 2270 «
360 2231 474 2272 Ecce
506 2228 626 2272 dabit
655 2244 806 2273 vocem
841 2245 987 2284 suam,
1025 2245 1178 2273 vocem
1211 2230 1395 2273 virtutis.
1418 2247 1438 2270 n

17 2291 21 2333 ἶ
56 2299 137 2345 Ille
154 2300 231 2361 qui
255 2318 276 2342 «
304 2299 422 2344 Sicut
439 2314 576 2358 agnus
598 2314 744 2343 coram
762 2300 972 2344 tondente
993 2315 1036 2344 se
1059 2298 1141 2344 fuit
1168 2300 1258 2344 sine
1283 2316 1390 2344 voce
1406 2302 1438 2355 ⁵,

60 2389 82 2412 »
118 2386 217 2415 0000
259 2369 380 2414 dabit
412 2385 563 2413 vocem
600 2386 722 2414 suam
744 2390 762 2414 ,z
796 2388 817 2411 ))
848 2386 928 2414 nec
959 2386 1111 2415 vocem
1148 2371 1408 2415 infirmitatis
1429 2405 1440 2425 ,

16 2431 22 2469 ³
58 2449 270 2502 tanquam
289 2439 574 2501 judicandu83
613 2440 709 2495 sed,
740 2443 941 2485 «Vocem
974 2441 1167 2497 virtutis,
1195 2451 1443 2501 »tanquam

107 2545 118 2562 ¹
149 2538 231 2570 Psal.
257 2548 355 2578 mvn,
387 2536 441 2578 33,
461 2535 514 2578 34.
547 2553 590 2559 —-
622 2543 635 2558 ²
657 2536 772 2579 Ephes.
803 2548 850 2579 iv,
872 2547 921 2568 10.
948 2553 990 2560 —-
1012 2534 1025 2560 3
1044 2539 1122 2569 Gen.
1144 2549 1168 2579 1,
1195 2536 1226 2569 S.
1255 2554 1297 2559 —
1320 2535 1337 2566 4
1358 2536 1439 2569 Psal.

62 2605 187 2636 cxrvm,
206 2592 236 2635 4.
258 2611 300 2616 —
317 2590 333 2615 5
351 2594 420 2625 lsai.
438 2603 505 2634 Lux,
526 2602 557 2633 7.

298 2657 417 2687 cxvn
1206 2647 1257 2685 ΞΟ
