1889 3285
365 199 448 236 388
812 203 845 229 s.
882 202 1112 230 Auensnm
1144 205 1325 231 Emscom

361 272 509 332 vigilat
530 272 614 314 hoc
635 267 757 328 quod
768 267 934 312 dictum
955 277 1041 312 est:
1061 287 1082 310 «
1104 271 1211 314 Tota
1236 269 1306 313 die
1333 268 1514 314 salutem
1539 278 1659 313 tuam
1684 288 1694 313 :
1721 287 1742 310 »

361 344 422 387 sic
451 349 603 386 contra
629 338 917 396 negotiatores
931 372 943 392 ‚
967 337 1014 382 id
1035 347 1099 382 est
1113 373 1124 394 ,
1149 339 1257 399 quid
1278 339 1333 383 de
1355 349 1456 384 actu
1473 355 1552 383 suo
1575 348 1619 383 et
1639 353 1747 398 ope-

358 413 478 457 ribus
502 409 715 469 gaudent,
740 409 890 468 vigilat
905 409 989 453 hoc
1010 409 1131 469 quod
1153 409 1320 454 dictum
1352 419 1414 455 est
1439 429 1448 455 ;
1474 429 1494 452 «
1518 411 1576 454 Os
1600 425 1747 454 meum

362 502 382 525 n
419 480 666 527 enuntiabit
687 479 900 539 justitiam
933 487 1081 534 tuam,
1115 497 1136 521 »
1161 478 1208 523 id
1229 488 1317 535 est,
1355 496 1445 525 non
1476 495 1633 524 meam.
1665 479 1747 533 Qui

359 562 463 599 sunt
479 550 767 609 negotiatores
787 583 798 603 ‚
818 549 864 592 id
886 556 949 591 est
963 583 974 603 ,
992 548 1115 608 quasi
1127 548 1181 592 de
1198 559 1298 593 actu
1315 565 1393 594 suo
1409 550 1489 594 sibi
1501 550 1748 609 placentes?

359 623 446 677 Qui
482 622 731 681 ignorantes
755 619 830 664 Dei
853 618 1095 678 justitiam,
1135 628 1179 663 et
1210 635 1331 664 suam
1361 619 1556 664 volentes
1583 620 1747 664 consti-

358 705 504 748 tuere,
518 691 697 752 justitiae
720 689 796 734 Dei
812 704 903 732 non
923 698 1026 732 sunt
1046 688 1230 748 subjecti
1244 691 1274 732 ¹.
1292 690 1449 733 Merito
1468 699 1512 733 et
1524 689 1747 747 negotium

357 764 525 809 dictum
548 770 612 805 est
627 795 638 815 ‚
664 759 767 820 quia
790 767 921 817 negat
947 758 1101 802 otium.
1139 761 1363 811 Quantum
1387 759 1490 803 mali
1511 769 1574 804 est
1590 795 1601 815 ‚
1626 759 1747 820 quod

358 842 488 891 negat
520 831 689 876 otium?
711 829 868 874 Merito
903 828 1113 872 Dominus
1145 828 1311 888 expulit
1343 830 1397 872 de
1435 829 1598 889 templo
1624 829 1743 885 illos,

357 904 519 966 quibus
540 901 647 945 dixit
673 918 682 944 :
708 918 728 941 «
755 899 974 958 Scriptum
992 908 1055 942 est
1080 918 1089 943 :
1110 902 1274 943 Domus
1291 914 1385 943 mea
1412 899 1568 944 domus
1582 901 1746 944 oratio-

360 996 382 1018 »
418 976 483 1020 nis
505 972 756 1029 vocabitur3
776 985 851 1015 vos
874 979 1021 1014 autem
1050 969 1208 1013 fecistis
1230 985 1324 1013 eam
1347 969 1528 1014 domum
1549 971 1747 1029 negotia-

362 1067 382 1089 »
418 1046 546 1091 tionis
561 1048 579 1071 ²
605 1063 614 1088 :
641 1062 661 1084 »
686 1042 732 1087 id
749 1051 813 1086 est
829 1077 844 1097 ,
866 1040 1097 1101 gloriantes
1120 1041 1175 1084 de
1193 1041 1396 1100 operibus
1412 1042 1583 1096 vestris,
1609 1043 1747 1086 otium

356 1133 448 1162 non
470 1124 715 1176 quaerentes
736 1148 747 1168 ‚
783 1128 863 1155 nec
892 1110 1116 1155 audientes
1147 1121 1299 1155 eontra
1325 1111 1672 1172 inquietudinem
1703 1121 1747 1156 et

355 1187 694 1244 negotiationem
721 1192 907 1227 vestram
941 1181 1157 1225 dicentem
1192 1181 1486 1240 Scripturam,
1525 1184 1742 1238 «vacate,

359 1276 379 1298 >›
416 1265 459 1299 et
480 1254 624 1299 videte
647 1253 854 1312 quoniam
867 1267 948 1308 ego
970 1266 1064 1294 sum
1084 1251 1338 1294 Dominus3.
1359 1252 1507 1303 »Quid
1524 1261 1587 1295 est
1605 1271 1613 1295 :
1631 1254 1745 1296 «Va-

358 1346 378 1367 »
414 1333 509 1369 cate
529 1359 540 1379 ,
567 1332 610 1366 et
628 1321 771 1366 videte
793 1320 1001 1380 quoniam
1024 1334 1104 1377 ego
1133 1334 1229 1362 sum
1256 1320 1464 1363 Dominus
1487 1339 1495 1363 :
1521 1338 1542 1360 »
1567 1320 1670 1376 nisi,
1695 1331 1746 1365 ut

354 1396 495 1441 sciatis
516 1393 618 1454 quia
636 1396 749 1436 Deus
768 1399 831 1434 est
843 1389 919 1449 qui
941 1398 1146 1448 operatur
1166 1389 1213 1432 in
1229 1389 1369 1444 vobis,
1394 1398 1435 1433 et
1458 1406 1548 1434 non
1570 1390 1624 1434 de
1645 1407 1743 1435 ves-

354 1469 429 1512 tris
454 1465 657 1525 operibus
676 1461 970 1506 extollamini?
987 1463 1084 1505 Non
1105 1459 1227 1504 audis
1248 1476 1399 1505 vocem
1411 1460 1616 1506 dicentis:
1638 1465 1746 1507 «Ve-

358 1557 378 1580 »
413 1537 503 1580 nite
535 1533 589 1578 ad
611 1548 682 1576 me
714 1546 864 1575 omnes
885 1530 961 1590 qui
976 1529 1183 1573 laboratis
1206 1539 1248 1573 et
1267 1531 1432 1574 onerati
1454 1531 1574 1587 estis,
1601 1541 1644 1576 et
1665 1548 1744 1591 ego

355 1627 377 1650 >1
413 1622 488 1651 vos
505 1604 711 1648 reficiam.
726 1600 881 1645 Tollite
894 1601 1047 1660 jugum
1063 1614 1212 1643 meum
1234 1615 1363 1659 super
1379 1616 1455 1645 vos
1475 1636 1485 1656 ‚
1518 1611 1562 1646 et
1577 1602 1744 1647 *discite

355 1697 378 1720 »
414 1694 438 1721 a
462 1691 555 1729 me,
582 1673 684 1733 quia
707 1671 822 1715 mitis
854 1685 951 1714 sum
984 1678 1026 1713 et
1050 1668 1226 1713 humilis
1258 1669 1389 1714 corde
1409 1706 1420 1724 ,
1453 1680 1497 1715 et
1517 1672 1743 1718 invenietis

355 1766 378 1789 n
413 1744 609 1804 requiem
625 1740 852 1786 animabus
873 1740 1024 1783 vestris
1043 1740 1088 1781 ⁴⁶?
1114 1756 1134 1779 »
1162 1741 1267 1783 Haec
1289 1740 1459 1799 requies
1481 1751 1632 1786 contra
1662 1759 1743 1787 ne-

355 1819 586 1877 gotiatores
606 1811 870 1872 praedicatur
897 1830 906 1855 2
932 1810 1026 1854 haec
1059 1811 1228 1870 requies
1262 1820 1413 1854 contra
1443 1826 1515 1855 eos
1538 1814 1615 1872 qui
1636 1813 1744 1858 ode-

354 1897 459 1934 runt
472 1887 611 1932 otium
626 1882 903 1943 praedicatur,
923 1880 1090 1938 agendo
1115 1888 1159 1923 et
1173 1879 1379 1939 jactando
1400 1896 1444 1924 se
1461 1881 1516 1925 de
1538 1884 1742 1942 operibus

353 1960 458 2011 suis,
480 1965 530 2000 ut
549 1970 639 1999 non
670 1952 945 2013 requiescant
960 1950 1004 1993 in
1028 1952 1140 2004 Deo,
1166 1959 1210 1993 et
1230 1959 1352 1995 tanto
1368 1950 1540 2010 longius
1560 1968 1584 1996 a
1605 1955 1742 2012 gratia

351 2028 544 2075 resiliant
558 2060 569 2081 ,
595 2032 761 2084 quanto
783 2021 919 2079 magis
939 2019 993 2063 de
1015 2019 1100 2063 suis
1119 2020 1323 2079 operibus
1341 2020 1627 2066 extolluntur.

412 2099 537 2143 xlx.
575 2093 659 2139 Sed
676 2093 799 2137 estin
817 2088 1079 2150 quibusdam
1103 2090 1418 2149 exemplaribus
1444 2110 1452 2135 ε
1483 2111 1502 2134 «
1523 2094 1740 2145 Quoniam

354 2190 376 2214 >›
413 2185 503 2213 non
535 2163 719 2223 cognovi
754 2162 1056 2206 litteraturam.
1095 2178 1115 2201 »
1142 2160 1226 2204 Ubi
1249 2160 1321 2204 alii
1343 2161 1513 2206 codices
1539 2164 1706 2209 habent
1724 2201 1735 2221 ‚

355 2259 379 2282 ³)
412 2236 781 2295 Negotiationem3
810 2250 830 2271 n
855 2231 917 2274 ibi
935 2231 1029 2284 alii⁷
1061 2249 1077 2269 «
1100 2230 1407 2274 Litteraturam
1430 2251 1437 2275 :
1468 2250 1487 2272 »
1515 2235 1738 2292 quomodo

353 2306 646 2358 concordent,
677 2303 870 2346 invenire
899 2300 1073 2344 difficile
1104 2309 1195 2356 θεῖς
1221 2309 1264 2344 et
1285 2310 1431 2344 tamen
1450 2302 1738 2362 interpretum

354 2377 578 2424 diversitas
610 2373 721 2418 forte
755 2386 925 2415 sensum
952 2368 1164 2423 ostendit,
1201 2385 1291 2413 non
1323 2386 1511 2415 errorem
1549 2372 1733 2419 inducit.

403 2483 411 2498 1
437 2478 526 2507 stom,
548 2485 579 2514 ς,
599 2472 629 2503 3,
651 2488 690 2499 «-
712 2477 725 2491 ²
743 2468 854 2500 Mnuh.
889 2478 941 2498 xxi
957 2491 965 2507 ‚
1003 2465 1052 2496 13.
1074 2481 1115 2486 —-·
1146 2463 1158 2486 3
1178 2464 1256 2497 Psal.
1275 2476 1349 2506 xiv,
1375 2477 1422 2497 11.
1446 2483 1487 2489 —
1510 2463 1525 2490 4
1546 2469 1658 2500 Manli.
1680 2481 1709 2501 xl
1724 2495 1733 2512 ,

355 2533 410 2571 28,
430 2542 484 2573 ²5)-

1842 3215 1874 3285 ll
