<?xml version="1.0" encoding="UTF-8"?>
<!DOCTYPE html PUBLIC "-//W3C//DTD XHTML 1.0 Transitional//EN"
    "http://www.w3.org/TR/xhtml1/DTD/xhtml1-transitional.dtd">
<html xmlns="http://www.w3.org/1999/xhtml" xml:lang="en" lang="en">
 <head>
  <title>
</title>
<meta http-equiv="Content-Type" content="text/html;charset=utf-8" />
  <meta name='ocr-system' content='tesseract 3.04.00' />
  <meta name='ocr-capabilities' content='ocr_page ocr_carea ocr_par ocr_line ocrx_word'/>
</head>
<body>
  <div class='ocr_page' id='page_1' title='image "./operaomniaaccura09auguuoft_0197.png"; bbox 0 0 1889 3285; ppageno 0'>
   <div class='ocr_carea' id='block_1_1' title="bbox 375 290 1426 334">
    <p class='ocr_par' dir='ltr' id='par_1_1' title="bbox 375 290 1426 334">
     <span class='ocr_line' id='line_1_1' title="bbox 375 290 1426 334; baseline 0 -2"><span class='ocrx_word' id='word_1_1' title='bbox 375 301 616 333; x_wconf 71' lang='lat' dir='ltr'>ENARRATIO</span> <span class='ocrx_word' id='word_1_2' title='bbox 646 301 694 333; x_wconf 69' lang='lat' dir='ltr'>tn</span> <span class='ocrx_word' id='word_1_3' title='bbox 725 300 929 334; x_wconf 71' lang='lat' dir='ltr'>PsALMUM</span> <span class='ocrx_word' id='word_1_4' title='bbox 960 303 1085 334; x_wconf 75' lang='lat' dir='ltr'>Lx111.</span> <span class='ocrx_word' id='word_1_5' title='bbox 1341 290 1426 334; x_wconf 83' lang='lat'><strong>18¹7</strong></span> 
     </span>
    </p>
   </div>
   <div class='ocr_carea' id='block_1_2' title="bbox 0 368 1430 2534">
    <p class='ocr_par' dir='ltr' id='par_1_2' title="bbox 0 368 1430 2534">
     <span class='ocr_line' id='line_1_2' title="bbox 46 368 1428 430; baseline 0.001 -18"><span class='ocrx_word' id='word_1_6' title='bbox 46 376 90 411; x_wconf 86' lang='lat' dir='ltr'>te</span> <span class='ocrx_word' id='word_1_7' title='bbox 108 368 368 426; x_wconf 89' lang='lat' dir='ltr'>putabamus</span> <span class='ocrx_word' id='word_1_8' title='bbox 384 384 473 413; x_wconf 91' lang='lat' dir='ltr'>esse</span> <span class='ocrx_word' id='word_1_9' title='bbox 491 369 539 412; x_wconf 88' lang='lat' dir='ltr'>in</span> <span class='ocrx_word' id='word_1_10' title='bbox 554 368 682 428; x_wconf 81' lang='lat' dir='ltr'>plaga</span> <span class='ocrx_word' id='word_1_11' title='bbox 700 379 744 414; x_wconf 88' lang='lat' dir='ltr'>et</span> <span class='ocrx_word' id='word_1_12' title='bbox 765 369 914 416; x_wconf 91' lang='lat' dir='ltr'>dolore</span> <span class='ocrx_word' id='word_1_13' title='bbox 929 371 1136 430; x_wconf 90' lang='lat' dir='ltr'>positum,</span> <span class='ocrx_word' id='word_1_14' title='bbox 1154 378 1200 414; x_wconf 89' lang='lat' dir='ltr'>et</span> <span class='ocrx_word' id='word_1_15' title='bbox 1219 370 1428 415; x_wconf 85' lang='lat' dir='ltr'>scientem</span> 
     </span>
     <span class='ocr_line' id='line_1_3' title="bbox 45 435 1430 501; baseline 0.002 -20"><span class='ocrx_word' id='word_1_16' title='bbox 45 435 158 482; x_wconf 86' lang='lat' dir='ltr'>serre</span> <span class='ocrx_word' id='word_1_17' title='bbox 178 438 504 484; x_wconf 80' lang='lat' dir='ltr'>infirmitatem?</span> <span class='ocrx_word' id='word_1_18' title='bbox 527 439 718 483; x_wconf 89' lang='lat' dir='ltr'>Hoccine</span> <span class='ocrx_word' id='word_1_19' title='bbox 746 449 838 484; x_wconf 91' lang='lat' dir='ltr'>erat</span> <span class='ocrx_word' id='word_1_20' title='bbox 862 439 983 501; x_wconf 89' lang='lat' dir='ltr'>quod</span> <span class='ocrx_word' id='word_1_21' title='bbox 1004 439 1300 484; x_wconf 83' lang='lat' dir='ltr'>abscondebas</span> <span class='ocrx_word' id='word_1_22' title='bbox 1331 454 1430 499; x_wconf 88' lang='lat' dir='ltr'>spe-</span> 
     </span>
     <span class='ocr_line' id='line_1_4' title="bbox 0 507 1429 569; baseline -0.001 -15"><span class='ocrx_word' id='word_1_23' title='bbox 0 547 1 554; x_wconf 71' lang='grc'>,</span> <span class='ocrx_word' id='word_1_24' title='bbox 45 507 156 551; x_wconf 88' lang='lat' dir='ltr'>ciem</span> <span class='ocrx_word' id='word_1_25' title='bbox 176 517 322 564; x_wconf 87' lang='lat' dir='ltr'>tuam,</span> <span class='ocrx_word' id='word_1_26' title='bbox 347 510 535 568; x_wconf 83' lang='lat' dir='ltr'>speciose</span> <span class='ocrx_word' id='word_1_27' title='bbox 553 508 690 553; x_wconf 85' lang='lat' dir='ltr'>forma</span> <span class='ocrx_word' id='word_1_28' title='bbox 713 525 802 569; x_wconf 83' lang='lat' dir='ltr'>prae</span> <span class='ocrx_word' id='word_1_29' title='bbox 820 510 916 554; x_wconf 86' lang='lat' dir='ltr'>filiis</span> <span class='ocrx_word' id='word_1_30' title='bbox 938 509 1218 554; x_wconf 76' lang='lat' dir='ltr'>hominum1‘?</span> <span class='ocrx_word' id='word_1_31' title='bbox 1235 508 1429 554; x_wconf 83' lang='lat' dir='ltr'>Hoccine</span> 
     </span>
     <span class='ocr_line' id='line_1_5' title="bbox 0 577 1430 640; baseline -0.001 -16"><span class='ocrx_word' id='word_1_32' title='bbox 0 579 2 624; x_wconf 75' lang='grc' dir='ltr'><strong>ὲ</strong></span> <span class='ocrx_word' id='word_1_33' title='bbox 45 587 135 622; x_wconf 87' lang='lat' dir='ltr'>erat</span> <span class='ocrx_word' id='word_1_34' title='bbox 155 577 266 623; x_wconf 84' lang='lat' dir='ltr'>illud</span> <span class='ocrx_word' id='word_1_35' title='bbox 281 614 291 633; x_wconf 89' lang='lat'>,</span> <span class='ocrx_word' id='word_1_36' title='bbox 317 578 436 639; x_wconf 88' lang='lat' dir='ltr'>quod</span> <span class='ocrx_word' id='word_1_37' title='bbox 457 578 671 624; x_wconf 87' lang='lat' dir='ltr'>videbaris</span> <span class='ocrx_word' id='word_1_38' title='bbox 689 596 780 624; x_wconf 91' lang='lat' dir='ltr'>non</span> <span class='ocrx_word' id='word_1_39' title='bbox 800 581 961 625; x_wconf 91' lang='lat' dir='ltr'>habere</span> <span class='ocrx_word' id='word_1_40' title='bbox 981 579 1169 640; x_wconf 88' lang='lat' dir='ltr'>speciem</span> <span class='ocrx_word' id='word_1_41' title='bbox 1190 593 1333 639; x_wconf 87' lang='lat' dir='ltr'>neque</span> <span class='ocrx_word' id='word_1_42' title='bbox 1351 579 1430 623; x_wconf 89' lang='lat' dir='ltr'>de-</span> 
     </span>
     <span class='ocr_line' id='line_1_6' title="bbox 0 625 1428 704; baseline 0.002 -12"><span class='ocrx_word' id='word_1_43' title='bbox 0 625 3 704; x_wconf 69' lang='lat' dir='ltr'>l</span> <span class='ocrx_word' id='word_1_44' title='bbox 43 664 188 693; x_wconf 87' lang='lat' dir='ltr'>eorem</span> <span class='ocrx_word' id='word_1_45' title='bbox 204 651 252 694; x_wconf 81' lang='lat'>²?</span> <span class='ocrx_word' id='word_1_46' title='bbox 274 651 481 695; x_wconf 88' lang='lat' dir='ltr'>Portabas</span> <span class='ocrx_word' id='word_1_47' title='bbox 511 651 557 694; x_wconf 91' lang='lat' dir='ltr'>in</span> <span class='ocrx_word' id='word_1_48' title='bbox 581 666 708 695; x_wconf 87' lang='lat' dir='ltr'>cruce</span> <span class='ocrx_word' id='word_1_49' title='bbox 735 651 991 696; x_wconf 87' lang='lat' dir='ltr'>insultantes</span> <span class='ocrx_word' id='word_1_50' title='bbox 1011 660 1056 695; x_wconf 89' lang='lat' dir='ltr'>et</span> <span class='ocrx_word' id='word_1_51' title='bbox 1080 649 1271 695; x_wconf 84' lang='lat' dir='ltr'>dicentes</span> <span class='ocrx_word' id='word_1_52' title='bbox 1298 668 1308 695; x_wconf 71' lang='grc' dir='ltr'>ε</span> <span class='ocrx_word' id='word_1_53' title='bbox 1336 668 1357 692; x_wconf 76' lang='grc' dir='ltr'>α</span> <span class='ocrx_word' id='word_1_54' title='bbox 1384 651 1428 695; x_wconf 90' lang='lat' dir='ltr'>Si</span> 
     </span>
     <span class='ocr_line' id='line_1_7' title="bbox 45 719 1428 775; baseline 0.003 -13"><span class='ocrx_word' id='word_1_55' title='bbox 45 737 67 761; x_wconf 81' lang='lat'>»</span> <span class='ocrx_word' id='word_1_56' title='bbox 101 719 236 764; x_wconf 90' lang='lat' dir='ltr'>Filius</span> <span class='ocrx_word' id='word_1_57' title='bbox 254 721 330 765; x_wconf 90' lang='lat' dir='ltr'>Dei</span> <span class='ocrx_word' id='word_1_58' title='bbox 346 731 410 765; x_wconf 89' lang='lat' dir='ltr'>est</span> <span class='ocrx_word' id='word_1_59' title='bbox 425 756 436 775; x_wconf 91' lang='lat'>,</span> <span class='ocrx_word' id='word_1_60' title='bbox 457 721 691 765; x_wconf 80' lang='lat' dir='ltr'>descendat</span> <span class='ocrx_word' id='word_1_61' title='bbox 708 722 762 766; x_wconf 91' lang='lat' dir='ltr'>de</span> <span class='ocrx_word' id='word_1_62' title='bbox 783 724 955 767; x_wconf 80' lang='lat' dir='ltr'>cruce3.</span> <span class='ocrx_word' id='word_1_63' title='bbox 982 739 1003 763; x_wconf 88' lang='lat'>»</span> <span class='ocrx_word' id='word_1_64' title='bbox 1028 722 1133 775; x_wconf 86' lang='lat' dir='ltr'>Quis</span> <span class='ocrx_word' id='word_1_65' title='bbox 1154 720 1267 765; x_wconf 84' lang='lat' dir='ltr'>forte</span> <span class='ocrx_word' id='word_1_66' title='bbox 1288 721 1428 766; x_wconf 86' lang='lat' dir='ltr'>sciens</span> 
     </span>
     <span class='ocr_line' id='line_1_8' title="bbox 41 790 1428 849; baseline 0.001 -16"><span class='ocrx_word' id='word_1_67' title='bbox 41 798 298 849; x_wconf 86' lang='lat' dir='ltr'>potestatem</span> <span class='ocrx_word' id='word_1_68' title='bbox 321 800 440 835; x_wconf 89' lang='lat' dir='ltr'>tuam</span> <span class='ocrx_word' id='word_1_69' title='bbox 458 807 604 836; x_wconf 89' lang='lat' dir='ltr'>servus</span> <span class='ocrx_word' id='word_1_70' title='bbox 622 801 722 836; x_wconf 90' lang='lat' dir='ltr'>tuus</span> <span class='ocrx_word' id='word_1_71' title='bbox 743 801 788 836; x_wconf 89' lang='lat' dir='ltr'>et</span> <span class='ocrx_word' id='word_1_72' title='bbox 808 792 992 837; x_wconf 85' lang='lat' dir='ltr'>dilectus</span> <span class='ocrx_word' id='word_1_73' title='bbox 1015 801 1116 836; x_wconf 90' lang='lat' dir='ltr'>tuus</span> <span class='ocrx_word' id='word_1_74' title='bbox 1132 827 1144 847; x_wconf 93' lang='lat'>,</span> <span class='ocrx_word' id='word_1_75' title='bbox 1169 806 1259 836; x_wconf 91' lang='lat' dir='ltr'>non</span> <span class='ocrx_word' id='word_1_76' title='bbox 1281 790 1428 835; x_wconf 87' lang='lat' dir='ltr'>excla-</span> 
     </span>
     <span class='ocr_line' id='line_1_9' title="bbox 41 860 1429 917; baseline 0.001 -14"><span class='ocrx_word' id='word_1_77' title='bbox 41 860 176 904; x_wconf 87' lang='lat' dir='ltr'>mavit</span> <span class='ocrx_word' id='word_1_78' title='bbox 195 861 240 904; x_wconf 95' lang='lat' dir='ltr'>in</span> <span class='ocrx_word' id='word_1_79' title='bbox 261 861 392 905; x_wconf 89' lang='lat' dir='ltr'>corde</span> <span class='ocrx_word' id='word_1_80' title='bbox 413 877 513 916; x_wconf 92' lang='lat' dir='ltr'>suo,</span> <span class='ocrx_word' id='word_1_81' title='bbox 535 871 579 905; x_wconf 89' lang='lat' dir='ltr'>et</span> <span class='ocrx_word' id='word_1_82' title='bbox 601 860 711 906; x_wconf 80' lang='lat' dir='ltr'>dixit</span> <span class='ocrx_word' id='word_1_83' title='bbox 737 878 746 903; x_wconf 92' lang='lat'>:</span> <span class='ocrx_word' id='word_1_84' title='bbox 779 863 816 906; x_wconf 91' lang='lat' dir='ltr'>O</span> <span class='ocrx_word' id='word_1_85' title='bbox 837 862 872 906; x_wconf 88' lang='lat' dir='ltr'>si</span> <span class='ocrx_word' id='word_1_86' title='bbox 894 862 1027 907; x_wconf 89' lang='lat' dir='ltr'>modo</span> <span class='ocrx_word' id='word_1_87' title='bbox 1046 861 1329 907; x_wconf 85' lang='lat' dir='ltr'>descenderet</span> <span class='ocrx_word' id='word_1_88' title='bbox 1344 894 1356 917; x_wconf 94' lang='lat'>,</span> <span class='ocrx_word' id='word_1_89' title='bbox 1383 868 1429 905; x_wconf 86' lang='lat' dir='ltr'>et</span> 
     </span>
     <span class='ocr_line' id='line_1_10' title="bbox 40 928 1428 991; baseline 0.001 -18"><span class='ocrx_word' id='word_1_90' title='bbox 40 929 110 973; x_wconf 87' lang='lat' dir='ltr'>isti</span> <span class='ocrx_word' id='word_1_91' title='bbox 139 942 289 974; x_wconf 88' lang='lat' dir='ltr'>omnes</span> <span class='ocrx_word' id='word_1_92' title='bbox 314 928 392 991; x_wconf 84' lang='lat' dir='ltr'>qui</span> <span class='ocrx_word' id='word_1_93' title='bbox 428 931 640 975; x_wconf 87' lang='lat' dir='ltr'>insultant</span> <span class='ocrx_word' id='word_1_94' title='bbox 666 931 1073 976; x_wconf 82' lang='lat' dir='ltr'>confunderentur?</span> <span class='ocrx_word' id='word_1_95' title='bbox 1110 931 1194 976; x_wconf 90' lang='lat' dir='ltr'>Sed</span> <span class='ocrx_word' id='word_1_96' title='bbox 1216 947 1306 976; x_wconf 89' lang='lat' dir='ltr'>nou</span> <span class='ocrx_word' id='word_1_97' title='bbox 1336 938 1428 975; x_wconf 88' lang='lat' dir='ltr'>erat</span> 
     </span>
     <span class='ocr_line' id='line_1_11' title="bbox 40 999 1427 1062; baseline 0 -18"><span class='ocrx_word' id='word_1_98' title='bbox 40 999 100 1044; x_wconf 87' lang='lat' dir='ltr'>sic</span> <span class='ocrx_word' id='word_1_99' title='bbox 120 1018 129 1044; x_wconf 93' lang='lat'><strong>:</strong></span> <span class='ocrx_word' id='word_1_100' title='bbox 153 1000 431 1045; x_wconf 86' lang='lat' dir='ltr'>moriendum</span> <span class='ocrx_word' id='word_1_101' title='bbox 452 1008 543 1046; x_wconf 85' lang='lat' dir='ltr'>erat</span> <span class='ocrx_word' id='word_1_102' title='bbox 559 1011 737 1062; x_wconf 89' lang='lat' dir='ltr'>propter</span> <span class='ocrx_word' id='word_1_103' title='bbox 753 1002 1009 1056; x_wconf 87' lang='lat' dir='ltr'>morituros,</span> <span class='ocrx_word' id='word_1_104' title='bbox 1039 1010 1083 1046; x_wconf 90' lang='lat' dir='ltr'>et</span> <span class='ocrx_word' id='word_1_105' title='bbox 1111 1000 1427 1058; x_wconf 85' lang='lat' dir='ltr'>resurgendum</span> 
     </span>
     <span class='ocr_line' id='line_1_12' title="bbox 39 1069 1428 1131; baseline 0 -18"><span class='ocrx_word' id='word_1_106' title='bbox 39 1078 218 1129; x_wconf 90' lang='lat' dir='ltr'>propter</span> <span class='ocrx_word' id='word_1_107' title='bbox 237 1083 406 1130; x_wconf 86' lang='lat' dir='ltr'>semper</span> <span class='ocrx_word' id='word_1_108' title='bbox 435 1072 641 1116; x_wconf 83' lang='lat' dir='ltr'>victuros.</span> <span class='ocrx_word' id='word_1_109' title='bbox 676 1075 770 1116; x_wconf 92' lang='lat' dir='ltr'>Hoc</span> <span class='ocrx_word' id='word_1_110' title='bbox 800 1071 864 1115; x_wconf 85' lang='lat' dir='ltr'>illi</span> <span class='ocrx_word' id='word_1_111' title='bbox 891 1072 967 1131; x_wconf 89' lang='lat' dir='ltr'>qui</span> <span class='ocrx_word' id='word_1_112' title='bbox 994 1070 1200 1116; x_wconf 82' lang='lat' dir='ltr'>volebant</span> <span class='ocrx_word' id='word_1_113' title='bbox 1225 1069 1350 1114; x_wconf 89' lang='lat' dir='ltr'>illum</span> <span class='ocrx_word' id='word_1_114' title='bbox 1371 1069 1428 1114; x_wconf 91' lang='lat' dir='ltr'>de</span> 
     </span>
     <span class='ocr_line' id='line_1_13' title="bbox 4 1139 1423 1200; baseline -0.001 -17"><span class='ocrx_word' id='word_1_115' title='bbox 4 1169 9 1200; x_wconf 55' lang='lat'><strong>¹</strong></span> <span class='ocrx_word' id='word_1_116' title='bbox 39 1153 167 1184; x_wconf 87' lang='lat' dir='ltr'>cruce</span> <span class='ocrx_word' id='word_1_117' title='bbox 188 1140 473 1197; x_wconf 83' lang='lat' dir='ltr'>descendere,</span> <span class='ocrx_word' id='word_1_118' title='bbox 498 1157 589 1186; x_wconf 90' lang='lat' dir='ltr'>non</span> <span class='ocrx_word' id='word_1_119' title='bbox 617 1141 922 1200; x_wconf 79' lang='lat' dir='ltr'>intelligebant</span> <span class='ocrx_word' id='word_1_120' title='bbox 949 1160 958 1185; x_wconf 72' lang='grc' dir='ltr'>ε</span> <span class='ocrx_word' id='word_1_121' title='bbox 985 1149 1029 1184; x_wconf 86' lang='lat' dir='ltr'>at</span> <span class='ocrx_word' id='word_1_122' title='bbox 1057 1139 1134 1184; x_wconf 83' lang='lat' dir='ltr'>ubi</span> <span class='ocrx_word' id='word_1_123' title='bbox 1163 1140 1423 1195; x_wconf 75' lang='lat' dir='ltr'>resurrexit,</span> 
     </span>
     <span class='ocr_line' id='line_1_14' title="bbox 5 1205 1427 1288; baseline 0 -34"><span class='ocrx_word' id='word_1_124' title='bbox 5 1205 9 1288; x_wconf 69' lang='grc' dir='ltr'>Ι</span> <span class='ocrx_word' id='word_1_125' title='bbox 38 1219 82 1254; x_wconf 84' lang='lat' dir='ltr'>et</span> <span class='ocrx_word' id='word_1_126' title='bbox 99 1209 360 1269; x_wconf 83' lang='lat' dir='ltr'>glorificatus</span> <span class='ocrx_word' id='word_1_127' title='bbox 378 1211 570 1256; x_wconf 86' lang='lat' dir='ltr'>ascendit</span> <span class='ocrx_word' id='word_1_128' title='bbox 589 1212 633 1255; x_wconf 90' lang='lat' dir='ltr'>in</span> <span class='ocrx_word' id='word_1_129' title='bbox 655 1215 818 1256; x_wconf 90' lang='lat' dir='ltr'>coelum</span> <span class='ocrx_word' id='word_1_130' title='bbox 833 1247 843 1266; x_wconf 91' lang='lat'>,</span> <span class='ocrx_word' id='word_1_131' title='bbox 863 1211 1171 1255; x_wconf 80' lang='lat' dir='ltr'>intellexerunt</span> <span class='ocrx_word' id='word_1_132' title='bbox 1188 1225 1318 1270; x_wconf 87' lang='lat' dir='ltr'>opera</span> <span class='ocrx_word' id='word_1_133' title='bbox 1335 1213 1427 1255; x_wconf 85' lang='lat' dir='ltr'>Do-</span> 
     </span>
     <span class='ocr_line' id='line_1_15' title="bbox 5 1279 1427 1340; baseline -0.002 -13"><span class='ocrx_word' id='word_1_134' title='bbox 5 1295 10 1327; x_wconf 80' lang='grc' dir='ltr'><strong>ι</strong></span> <span class='ocrx_word' id='word_1_135' title='bbox 38 1279 161 1324; x_wconf 90' lang='lat' dir='ltr'>mini.</span> <span class='ocrx_word' id='word_1_136' title='bbox 190 1299 212 1321; x_wconf 71' lang='grc' dir='ltr'>α</span> <span class='ocrx_word' id='word_1_137' title='bbox 230 1282 614 1325; x_wconf 84' lang='lat' dir='ltr'>Annuntiaverunt</span> <span class='ocrx_word' id='word_1_138' title='bbox 643 1296 774 1340; x_wconf 91' lang='lat' dir='ltr'>opera</span> <span class='ocrx_word' id='word_1_139' title='bbox 796 1281 899 1336; x_wconf 90' lang='lat' dir='ltr'>Dei,</span> <span class='ocrx_word' id='word_1_140' title='bbox 927 1289 971 1325; x_wconf 89' lang='lat' dir='ltr'>et</span> <span class='ocrx_word' id='word_1_141' title='bbox 990 1280 1104 1325; x_wconf 88' lang='lat' dir='ltr'>facta</span> <span class='ocrx_word' id='word_1_142' title='bbox 1126 1281 1217 1340; x_wconf 82' lang='lat' dir='ltr'>ejus</span> <span class='ocrx_word' id='word_1_143' title='bbox 1249 1280 1427 1325; x_wconf 85' lang='lat' dir='ltr'>intelle-—</span> 
     </span>
     <span class='ocr_line' id='line_1_16' title="bbox 42 1347 1389 1394; baseline -0.001 -2"><span class='ocrx_word' id='word_1_144' title='bbox 42 1368 64 1392; x_wconf 81' lang='lat'>»</span> <span class='ocrx_word' id='word_1_145' title='bbox 95 1359 267 1394; x_wconf 79' lang='lat' dir='ltr'>xerunt,</span> <span class='ocrx_word' id='word_1_146' title='bbox 294 1367 316 1391; x_wconf 86' lang='lat'>»</span> <span class='ocrx_word' id='word_1_147' title='bbox 1383 1347 1389 1359; x_wconf 58' lang='lat'>²</span> 
     </span>
     <span class='ocr_line' id='line_1_17' title="bbox 7 1422 1427 1481; baseline 0 -16"><span class='ocrx_word' id='word_1_148' title='bbox 7 1434 11 1465; x_wconf 73' lang='lat' dir='ltr'>r</span> <span class='ocrx_word' id='word_1_149' title='bbox 95 1423 238 1466; x_wconf 84' lang='lat' dir='ltr'><strong>XVII.</strong></span> <span class='ocrx_word' id='word_1_150' title='bbox 267 1437 287 1464; x_wconf 72' lang='lat' dir='ltr'>t&lt;</span> <span class='ocrx_word' id='word_1_151' title='bbox 312 1422 553 1466; x_wconf 81' lang='lat' dir='ltr'>Laetabitur</span> <span class='ocrx_word' id='word_1_152' title='bbox 571 1423 712 1481; x_wconf 89' lang='lat' dir='ltr'>justus</span> <span class='ocrx_word' id='word_1_153' title='bbox 738 1422 785 1465; x_wconf 92' lang='lat' dir='ltr'>in</span> <span class='ocrx_word' id='word_1_154' title='bbox 814 1422 1058 1466; x_wconf 54' lang='lat' dir='ltr'>Dominov?</span> <span class='ocrx_word' id='word_1_155' title='bbox 1080 1439 1102 1463; x_wconf 67' lang='lat'>³›</span> <span class='ocrx_word' id='word_1_156' title='bbox 1123 1423 1221 1466; x_wconf 91' lang='lat' dir='ltr'>Jam</span> <span class='ocrx_word' id='word_1_157' title='bbox 1251 1436 1342 1466; x_wconf 87' lang='lat' dir='ltr'>non</span> <span class='ocrx_word' id='word_1_158' title='bbox 1363 1429 1427 1465; x_wconf 90' lang='lat' dir='ltr'>est</span> 
     </span>
     <span class='ocr_line' id='line_1_18' title="bbox 9 1488 1426 1551; baseline -0.001 -15"><span class='ocrx_word' id='word_1_159' title='bbox 9 1488 11 1495; x_wconf 75' lang='lat'>&#39;</span> <span class='ocrx_word' id='word_1_160' title='bbox 37 1491 168 1536; x_wconf 74' lang='lat' dir='ltr'>tristis</span> <span class='ocrx_word' id='word_1_161' title='bbox 185 1492 340 1551; x_wconf 87' lang='lat' dir='ltr'>justus.</span> <span class='ocrx_word' id='word_1_162' title='bbox 370 1492 528 1536; x_wconf 86' lang='lat' dir='ltr'>Tristes</span> <span class='ocrx_word' id='word_1_163' title='bbox 549 1493 666 1536; x_wconf 85' lang='lat' dir='ltr'>enim</span> <span class='ocrx_word' id='word_1_164' title='bbox 681 1501 804 1536; x_wconf 87' lang='lat' dir='ltr'>erant</span> <span class='ocrx_word' id='word_1_165' title='bbox 815 1491 1025 1551; x_wconf 78' lang='lat' dir='ltr'>Discipuli</span> <span class='ocrx_word' id='word_1_166' title='bbox 1047 1492 1253 1536; x_wconf 83' lang='lat' dir='ltr'>crucifixo</span> <span class='ocrx_word' id='word_1_167' title='bbox 1271 1491 1426 1536; x_wconf 87' lang='lat' dir='ltr'>Domi-</span> 
     </span>
     <span class='ocr_line' id='line_1_19' title="bbox 36 1560 1426 1621; baseline -0.001 -16"><span class='ocrx_word' id='word_1_168' title='bbox 36 1564 117 1617; x_wconf 72' lang='lat' dir='ltr'>n&#39;o,</span> <span class='ocrx_word' id='word_1_169' title='bbox 135 1561 393 1617; x_wconf 87' lang='lat' dir='ltr'>contristati,</span> <span class='ocrx_word' id='word_1_170' title='bbox 416 1571 650 1606; x_wconf 89' lang='lat' dir='ltr'>moerentes</span> <span class='ocrx_word' id='word_1_171' title='bbox 672 1561 976 1616; x_wconf 87' lang='lat' dir='ltr'>discesserunt,</span> <span class='ocrx_word' id='word_1_172' title='bbox 990 1560 1226 1621; x_wconf 87' lang='lat' dir='ltr'>perdidisse</span> <span class='ocrx_word' id='word_1_173' title='bbox 1243 1575 1287 1605; x_wconf 88' lang='lat' dir='ltr'>se</span> <span class='ocrx_word' id='word_1_174' title='bbox 1304 1575 1426 1621; x_wconf 85' lang='lat' dir='ltr'>spem</span> 
     </span>
     <span class='ocr_line' id='line_1_20' title="bbox 10 1630 1412 1691; baseline -0.003 -12"><span class='ocrx_word' id='word_1_175' title='bbox 10 1640 314 1691; x_wconf 83' lang='lat' dir='ltr'>1putaverunt.</span> <span class='ocrx_word' id='word_1_176' title='bbox 351 1633 620 1686; x_wconf 83' lang='lat' dir='ltr'>Resurrexit,</span> <span class='ocrx_word' id='word_1_177' title='bbox 658 1632 787 1676; x_wconf 90' lang='lat' dir='ltr'>etiam</span> <span class='ocrx_word' id='word_1_178' title='bbox 817 1646 1028 1691; x_wconf 90' lang='lat' dir='ltr'>apparens</span> <span class='ocrx_word' id='word_1_179' title='bbox 1060 1630 1203 1675; x_wconf 84' lang='lat' dir='ltr'>tristes</span> <span class='ocrx_word' id='word_1_180' title='bbox 1230 1631 1412 1675; x_wconf 80' lang='lat' dir='ltr'>invenit.</span> 
     </span>
     <span class='ocr_line' id='line_1_21' title="bbox 37 1699 1426 1759; baseline -0.001 -14"><span class='ocrx_word' id='word_1_181' title='bbox 37 1700 195 1745; x_wconf 86' lang='lat' dir='ltr'>Tenuit</span> <span class='ocrx_word' id='word_1_182' title='bbox 215 1700 363 1745; x_wconf 89' lang='lat' dir='ltr'>oculos</span> <span class='ocrx_word' id='word_1_183' title='bbox 379 1699 569 1745; x_wconf 89' lang='lat' dir='ltr'>duorum</span> <span class='ocrx_word' id='word_1_184' title='bbox 590 1700 636 1744; x_wconf 92' lang='lat' dir='ltr'>in</span> <span class='ocrx_word' id='word_1_185' title='bbox 657 1701 726 1744; x_wconf 89' lang='lat' dir='ltr'>via</span> <span class='ocrx_word' id='word_1_186' title='bbox 749 1701 1090 1756; x_wconf 82' lang='lat' dir='ltr'>ambulantium,</span> <span class='ocrx_word' id='word_1_187' title='bbox 1116 1715 1172 1745; x_wconf 90' lang='lat' dir='ltr'>ne</span> <span class='ocrx_word' id='word_1_188' title='bbox 1192 1702 1248 1745; x_wconf 89' lang='lat' dir='ltr'>ab</span> <span class='ocrx_word' id='word_1_189' title='bbox 1264 1701 1325 1745; x_wconf 91' lang='lat' dir='ltr'>eis</span> <span class='ocrx_word' id='word_1_190' title='bbox 1349 1715 1426 1759; x_wconf 82' lang='lat' dir='ltr'>ag-</span> 
     </span>
     <span class='ocr_line' id='line_1_22' title="bbox 35 1770 1426 1829; baseline 0 -14"><span class='ocrx_word' id='word_1_191' title='bbox 35 1780 300 1826; x_wconf 88' lang='lat' dir='ltr'>nosceretur,</span> <span class='ocrx_word' id='word_1_192' title='bbox 318 1779 361 1814; x_wconf 91' lang='lat' dir='ltr'>et</span> <span class='ocrx_word' id='word_1_193' title='bbox 382 1770 550 1815; x_wconf 88' lang='lat' dir='ltr'>invenit</span> <span class='ocrx_word' id='word_1_194' title='bbox 570 1785 642 1814; x_wconf 91' lang='lat' dir='ltr'>eos</span> <span class='ocrx_word' id='word_1_195' title='bbox 669 1780 889 1829; x_wconf 83' lang='lat' dir='ltr'>gementes</span> <span class='ocrx_word' id='word_1_196' title='bbox 911 1779 954 1814; x_wconf 85' lang='lat' dir='ltr'>et</span> <span class='ocrx_word' id='word_1_197' title='bbox 975 1772 1264 1829; x_wconf 87' lang='lat' dir='ltr'>suspirantes,</span> <span class='ocrx_word' id='word_1_198' title='bbox 1288 1779 1334 1815; x_wconf 89' lang='lat' dir='ltr'>et</span> <span class='ocrx_word' id='word_1_199' title='bbox 1358 1780 1426 1815; x_wconf 86' lang='lat' dir='ltr'>te·-</span> 
     </span>
     <span class='ocr_line' id='line_1_23' title="bbox 11 1835 1427 1901; baseline 0 -16"><span class='ocrx_word' id='word_1_200' title='bbox 11 1835 16 1871; x_wconf 73' lang='lat' dir='ltr'>i</span> <span class='ocrx_word' id='word_1_201' title='bbox 35 1842 132 1886; x_wconf 90' lang='lat' dir='ltr'>nuit</span> <span class='ocrx_word' id='word_1_202' title='bbox 142 1857 214 1886; x_wconf 90' lang='lat' dir='ltr'>eos</span> <span class='ocrx_word' id='word_1_203' title='bbox 227 1840 368 1886; x_wconf 86' lang='lat' dir='ltr'>donec</span> <span class='ocrx_word' id='word_1_204' title='bbox 382 1850 614 1901; x_wconf 80' lang='lat' dir='ltr'>exponeret</span> <span class='ocrx_word' id='word_1_205' title='bbox 635 1840 891 1900; x_wconf 79' lang='lat' dir='ltr'>Scripturas,</span> <span class='ocrx_word' id='word_1_206' title='bbox 908 1849 952 1884; x_wconf 87' lang='lat' dir='ltr'>et</span> <span class='ocrx_word' id='word_1_207' title='bbox 963 1855 1041 1899; x_wconf 89' lang='lat' dir='ltr'>per</span> <span class='ocrx_word' id='word_1_208' title='bbox 1053 1840 1166 1899; x_wconf 88' lang='lat' dir='ltr'>ipsas</span> <span class='ocrx_word' id='word_1_209' title='bbox 1185 1836 1427 1899; x_wconf 85' lang='lat' dir='ltr'>Scripturas</span> 
     </span>
     <span class='ocr_line' id='line_1_24' title="bbox 34 1909 1425 1972; baseline -0.001 -16"><span class='ocrx_word' id='word_1_210' title='bbox 34 1911 301 1966; x_wconf 88' lang='lat' dir='ltr'>ostenderet,</span> <span class='ocrx_word' id='word_1_211' title='bbox 324 1911 425 1972; x_wconf 87' lang='lat' dir='ltr'>quia</span> <span class='ocrx_word' id='word_1_212' title='bbox 453 1912 511 1954; x_wconf 88' lang='lat' dir='ltr'>ita</span> <span class='ocrx_word' id='word_1_213' title='bbox 533 1911 626 1954; x_wconf 88' lang='lat' dir='ltr'>fieri</span> <span class='ocrx_word' id='word_1_214' title='bbox 647 1911 879 1970; x_wconf 88' lang='lat' dir='ltr'>oportebat</span> <span class='ocrx_word' id='word_1_215' title='bbox 909 1910 1019 1954; x_wconf 89' lang='lat' dir='ltr'>sicut</span> <span class='ocrx_word' id='word_1_216' title='bbox 1044 1909 1211 1954; x_wconf 89' lang='lat' dir='ltr'>factum</span> <span class='ocrx_word' id='word_1_217' title='bbox 1236 1918 1316 1954; x_wconf 90' lang='lat' dir='ltr'>est.</span> <span class='ocrx_word' id='word_1_218' title='bbox 1341 1912 1425 1955; x_wconf 91' lang='lat' dir='ltr'>Os-</span> 
     </span>
     <span class='ocr_line' id='line_1_25' title="bbox 34 1979 1425 2041; baseline -0.001 -16"><span class='ocrx_word' id='word_1_219' title='bbox 34 1981 174 2026; x_wconf 85' lang='lat' dir='ltr'>tendit</span> <span class='ocrx_word' id='word_1_220' title='bbox 196 1982 311 2025; x_wconf 89' lang='lat' dir='ltr'>enim</span> <span class='ocrx_word' id='word_1_221' title='bbox 332 1982 389 2029; x_wconf 76' lang='lat' dir='ltr'>jn</span> <span class='ocrx_word' id='word_1_222' title='bbox 424 1981 675 2040; x_wconf 86' lang='lat' dir='ltr'>Scripturis,</span> <span class='ocrx_word' id='word_1_223' title='bbox 699 1983 802 2041; x_wconf 85' lang='lat' dir='ltr'>quia</span> <span class='ocrx_word' id='word_1_224' title='bbox 823 1990 919 2040; x_wconf 86' lang='lat' dir='ltr'>post</span> <span class='ocrx_word' id='word_1_225' title='bbox 942 1981 1121 2024; x_wconf 89' lang='lat' dir='ltr'>tertium</span> <span class='ocrx_word' id='word_1_226' title='bbox 1138 1979 1253 2024; x_wconf 89' lang='lat' dir='ltr'>diem</span> <span class='ocrx_word' id='word_1_227' title='bbox 1274 1995 1425 2024; x_wconf 69' lang='lat' dir='ltr'>resur-</span> 
     </span>
     <span class='ocr_line' id='line_1_26' title="bbox 37 2049 1425 2112; baseline -0.001 -16"><span class='ocrx_word' id='word_1_228' title='bbox 37 2067 135 2111; x_wconf 82' lang='lat' dir='ltr'>gere</span> <span class='ocrx_word' id='word_1_229' title='bbox 155 2052 385 2112; x_wconf 86' lang='lat' dir='ltr'>oportebat</span> <span class='ocrx_word' id='word_1_230' title='bbox 405 2052 657 2102; x_wconf 89' lang='lat' dir='ltr'>Dominum.</span> <span class='ocrx_word' id='word_1_231' title='bbox 683 2055 741 2096; x_wconf 86' lang='lat' dir='ltr'>Et</span> <span class='ocrx_word' id='word_1_232' title='bbox 759 2050 982 2112; x_wconf 85' lang='lat' dir='ltr'>quomodo</span> <span class='ocrx_word' id='word_1_233' title='bbox 1000 2051 1127 2095; x_wconf 91' lang='lat' dir='ltr'>tertio</span> <span class='ocrx_word' id='word_1_234' title='bbox 1149 2049 1219 2094; x_wconf 89' lang='lat' dir='ltr'>die</span> <span class='ocrx_word' id='word_1_235' title='bbox 1232 2065 1425 2110; x_wconf 83' lang='lat' dir='ltr'>resurge-</span> 
     </span>
     <span class='ocr_line' id='line_1_27' title="bbox 32 2122 1426 2181; baseline -0.001 -14"><span class='ocrx_word' id='word_1_236' title='bbox 32 2131 123 2178; x_wconf 87' lang='lat' dir='ltr'>ret,</span> <span class='ocrx_word' id='word_1_237' title='bbox 148 2123 183 2167; x_wconf 89' lang='lat' dir='ltr'>si</span> <span class='ocrx_word' id='word_1_238' title='bbox 201 2122 256 2167; x_wconf 91' lang='lat' dir='ltr'>de</span> <span class='ocrx_word' id='word_1_239' title='bbox 277 2137 405 2167; x_wconf 87' lang='lat' dir='ltr'>cruce</span> <span class='ocrx_word' id='word_1_240' title='bbox 427 2122 733 2167; x_wconf 82' lang='lat' dir='ltr'>descenderet?</span> <span class='ocrx_word' id='word_1_241' title='bbox 754 2122 888 2167; x_wconf 88' lang='lat' dir='ltr'>Modo</span> <span class='ocrx_word' id='word_1_242' title='bbox 906 2137 982 2166; x_wconf 90' lang='lat' dir='ltr'>vos</span> <span class='ocrx_word' id='word_1_243' title='bbox 1003 2122 1080 2181; x_wconf 84' lang='lat' dir='ltr'>qui</span> <span class='ocrx_word' id='word_1_244' title='bbox 1096 2122 1238 2166; x_wconf 84' lang='lat' dir='ltr'>tristes</span> <span class='ocrx_word' id='word_1_245' title='bbox 1259 2122 1362 2165; x_wconf 89' lang='lat' dir='ltr'>estis</span> <span class='ocrx_word' id='word_1_246' title='bbox 1380 2122 1426 2166; x_wconf 88' lang='lat' dir='ltr'>in</span> 
     </span>
     <span class='ocr_line' id='line_1_28' title="bbox 34 2191 1426 2248; baseline -0.001 -11"><span class='ocrx_word' id='word_1_247' title='bbox 34 2193 126 2248; x_wconf 86' lang='lat' dir='ltr'>via,</span> <span class='ocrx_word' id='word_1_248' title='bbox 151 2192 187 2237; x_wconf 91' lang='lat' dir='ltr'>si</span> <span class='ocrx_word' id='word_1_249' title='bbox 209 2195 234 2237; x_wconf 88' lang='lat' dir='ltr'><strong>J</strong></span> <span class='ocrx_word' id='word_1_250' title='bbox 238 2191 370 2237; x_wconf 82' lang='lat' dir='ltr'>udaeis</span> <span class='ocrx_word' id='word_1_251' title='bbox 392 2192 703 2237; x_wconf 85' lang='lat' dir='ltr'>insultantibus</span> <span class='ocrx_word' id='word_1_252' title='bbox 724 2193 928 2237; x_wconf 83' lang='lat' dir='ltr'>videretis</span> <span class='ocrx_word' id='word_1_253' title='bbox 956 2192 1192 2236; x_wconf 89' lang='lat' dir='ltr'>Dominum</span> <span class='ocrx_word' id='word_1_254' title='bbox 1218 2192 1273 2236; x_wconf 87' lang='lat' dir='ltr'>de</span> <span class='ocrx_word' id='word_1_255' title='bbox 1294 2203 1426 2237; x_wconf 84' lang='lat' dir='ltr'>cruce</span> 
     </span>
     <span class='ocr_line' id='line_1_29' title="bbox 0 2261 1425 2323; baseline 0 -16"><span class='ocrx_word' id='word_1_256' title='bbox 0 2298 2 2302; x_wconf 58' lang='grc'>,</span> <span class='ocrx_word' id='word_1_257' title='bbox 35 2262 303 2307; x_wconf 84' lang='lat' dir='ltr'>descendisse</span> <span class='ocrx_word' id='word_1_258' title='bbox 320 2298 331 2318; x_wconf 86' lang='lat'>‚</span> <span class='ocrx_word' id='word_1_259' title='bbox 351 2272 567 2322; x_wconf 86' lang='lat' dir='ltr'>quantum</span> <span class='ocrx_word' id='word_1_260' title='bbox 589 2263 882 2307; x_wconf 82' lang='lat' dir='ltr'>efferremini?</span> <span class='ocrx_word' id='word_1_261' title='bbox 905 2263 1180 2307; x_wconf 80' lang='lat' dir='ltr'>Laetaremini</span> <span class='ocrx_word' id='word_1_262' title='bbox 1200 2261 1323 2323; x_wconf 89' lang='lat' dir='ltr'>quod</span> <span class='ocrx_word' id='word_1_263' title='bbox 1350 2276 1425 2307; x_wconf 90' lang='lat' dir='ltr'>ora</span> 
     </span>
     <span class='ocr_line' id='line_1_30' title="bbox 0 2332 1421 2393; baseline 0.001 -17"><span class='ocrx_word' id='word_1_264' title='bbox 0 2356 1 2369; x_wconf 52' lang='grc' dir='ltr'>ι</span> <span class='ocrx_word' id='word_1_265' title='bbox 36 2332 291 2378; x_wconf 83' lang='lat' dir='ltr'>Judaeorum</span> <span class='ocrx_word' id='word_1_266' title='bbox 325 2333 383 2377; x_wconf 91' lang='lat' dir='ltr'>sic</span> <span class='ocrx_word' id='word_1_267' title='bbox 405 2334 662 2378; x_wconf 85' lang='lat' dir='ltr'>obturasset.</span> <span class='ocrx_word' id='word_1_268' title='bbox 699 2337 935 2393; x_wconf 77' lang='lat' dir='ltr'>Expectate</span> <span class='ocrx_word' id='word_1_269' title='bbox 967 2332 1197 2377; x_wconf 89' lang='lat' dir='ltr'>consilium</span> <span class='ocrx_word' id='word_1_270' title='bbox 1231 2333 1389 2377; x_wconf 87' lang='lat' dir='ltr'>medici</span> <span class='ocrx_word' id='word_1_271' title='bbox 1411 2351 1421 2377; x_wconf 69' lang='grc' dir='ltr'><strong><em>ι</em></strong></span> 
     </span>
     <span class='ocr_line' id='line_1_31' title="bbox 0 2401 1422 2463; baseline -0.001 -16"><span class='ocrx_word' id='word_1_272' title='bbox 0 2426 2 2441; x_wconf 69' lang='lat'>&gt;</span> <span class='ocrx_word' id='word_1_273' title='bbox 34 2404 154 2462; x_wconf 91' lang='lat' dir='ltr'>quod</span> <span class='ocrx_word' id='word_1_274' title='bbox 175 2418 265 2447; x_wconf 90' lang='lat' dir='ltr'>non</span> <span class='ocrx_word' id='word_1_275' title='bbox 286 2402 534 2458; x_wconf 89' lang='lat' dir='ltr'>descendit,</span> <span class='ocrx_word' id='word_1_276' title='bbox 560 2404 680 2463; x_wconf 84' lang='lat' dir='ltr'>quod</span> <span class='ocrx_word' id='word_1_277' title='bbox 709 2403 848 2448; x_wconf 85' lang='lat' dir='ltr'>occidi</span> <span class='ocrx_word' id='word_1_278' title='bbox 874 2403 990 2458; x_wconf 90' lang='lat' dir='ltr'>vult,</span> <span class='ocrx_word' id='word_1_279' title='bbox 1019 2403 1270 2448; x_wconf 88' lang='lat' dir='ltr'>antidotum</span> <span class='ocrx_word' id='word_1_280' title='bbox 1302 2401 1422 2447; x_wconf 88' lang='lat' dir='ltr'>terit.</span> 
     </span>
     <span class='ocr_line' id='line_1_32' title="bbox 0 2473 1420 2534; baseline 0.001 -20"><span class='ocrx_word' id='word_1_281' title='bbox 0 2486 3 2514; x_wconf 64' lang='grc' dir='ltr'><strong>ι</strong></span> <span class='ocrx_word' id='word_1_282' title='bbox 34 2474 146 2518; x_wconf 87' lang='lat' dir='ltr'>Ecce</span> <span class='ocrx_word' id='word_1_283' title='bbox 159 2474 250 2534; x_wconf 89' lang='lat' dir='ltr'>jam</span> <span class='ocrx_word' id='word_1_284' title='bbox 271 2474 524 2528; x_wconf 79' lang='lat' dir='ltr'>resurrexit,</span> <span class='ocrx_word' id='word_1_285' title='bbox 555 2489 654 2518; x_wconf 88' lang='lat' dir='ltr'>ecce</span> <span class='ocrx_word' id='word_1_286' title='bbox 670 2475 761 2533; x_wconf 83' lang='lat' dir='ltr'>jam</span> <span class='ocrx_word' id='word_1_287' title='bbox 781 2473 977 2534; x_wconf 87' lang='lat' dir='ltr'>loquitur</span> <span class='ocrx_word' id='word_1_288' title='bbox 1000 2493 1010 2518; x_wconf 74' lang='grc' dir='ltr'><strong>ι</strong></span> <span class='ocrx_word' id='word_1_289' title='bbox 1036 2473 1235 2518; x_wconf 87' lang='lat' dir='ltr'>nondum</span> <span class='ocrx_word' id='word_1_290' title='bbox 1259 2487 1420 2532; x_wconf 85' lang='lat' dir='ltr'>agnos-</span> 
     </span>
    </p>
   </div>
   <div class='ocr_carea' id='block_1_3' title="bbox 7 1329 11 1429">
    <p class='ocr_par' dir='ltr' id='par_1_3' title="bbox 7 1329 11 1429">
     <span class='ocr_line' id='line_1_33' title="bbox 7 1329 11 1429; baseline 0 1856"><span class='ocrx_word' id='word_1_291' title='bbox 7 1329 11 1429; x_wconf 95' lang='lat' dir='ltr'> </span> 
     </span>
    </p>
   </div>
   <div class='ocr_carea' id='block_1_4' title="bbox 8 1500 13 1652">
    <p class='ocr_par' dir='ltr' id='par_1_4' title="bbox 8 1500 13 1652">
     <span class='ocr_line' id='line_1_34' title="bbox 8 1500 13 1652; baseline 0 1633"><span class='ocrx_word' id='word_1_292' title='bbox 8 1500 13 1652; x_wconf 95' lang='lat' dir='ltr'> </span> 
     </span>
    </p>
   </div>
   <div class='ocr_carea' id='block_1_5' title="bbox 8 1683 15 1831">
    <p class='ocr_par' dir='ltr' id='par_1_5' title="bbox 8 1683 15 1831">
     <span class='ocr_line' id='line_1_35' title="bbox 8 1683 15 1831; baseline 0 1454"><span class='ocrx_word' id='word_1_293' title='bbox 8 1683 15 1831; x_wconf 95' lang='lat' dir='ltr'> </span> 
     </span>
    </p>
   </div>
   <div class='ocr_carea' id='block_1_6' title="bbox 13 1925 19 2131">
    <p class='ocr_par' dir='ltr' id='par_1_6' title="bbox 13 1925 19 2131">
     <span class='ocr_line' id='line_1_36' title="bbox 13 1925 19 2131; baseline 0 1154"><span class='ocrx_word' id='word_1_294' title='bbox 13 1925 19 2131; x_wconf 95' lang='lat' dir='ltr'> </span> 
     </span>
    </p>
   </div>
   <div class='ocr_carea' id='block_1_7' title="bbox 74 2562 1421 2611">
    <p class='ocr_par' dir='ltr' id='par_1_7' title="bbox 74 2562 1421 2611">
     <span class='ocr_line' id='line_1_37' title="bbox 74 2562 1421 2611; baseline -0.001 -10"><span class='ocrx_word' id='word_1_295' title='bbox 74 2562 92 2592; x_wconf 65' lang='lat'>2,</span> <span class='ocrx_word' id='word_1_296' title='bbox 117 2566 200 2602; x_wconf 87' lang='lat' dir='ltr'>Psal.</span> <span class='ocrx_word' id='word_1_297' title='bbox 220 2581 308 2611; x_wconf 78' lang='lat' dir='ltr'>xmv,</span> <span class='ocrx_word' id='word_1_298' title='bbox 333 2571 363 2603; x_wconf 84' lang='lat'>3.</span> <span class='ocrx_word' id='word_1_299' title='bbox 384 2582 427 2594; x_wconf 92' lang='lat'>—·</span> <span class='ocrx_word' id='word_1_300' title='bbox 448 2577 461 2593; x_wconf 82' lang='lat'>²</span> <span class='ocrx_word' id='word_1_301' title='bbox 481 2571 552 2602; x_wconf 78' lang='lat' dir='ltr'>Isa&#39;f.</span> <span class='ocrx_word' id='word_1_302' title='bbox 572 2576 625 2602; x_wconf 78' lang='lat' dir='ltr'>un</span> <span class='ocrx_word' id='word_1_303' title='bbox 640 2595 648 2611; x_wconf 88' lang='lat'>,</span> <span class='ocrx_word' id='word_1_304' title='bbox 666 2579 699 2610; x_wconf 76' lang='lat'>2,</span> <span class='ocrx_word' id='word_1_305' title='bbox 719 2570 749 2604; x_wconf 85' lang='lat'>3.</span> <span class='ocrx_word' id='word_1_306' title='bbox 774 2588 815 2594; x_wconf 88' lang='lat'>·—-</span> <span class='ocrx_word' id='word_1_307' title='bbox 838 2569 851 2593; x_wconf 78' lang='lat'>3</span> <span class='ocrx_word' id='word_1_308' title='bbox 876 2570 989 2602; x_wconf 74' lang='lat' dir='ltr'>Mauh.</span> <span class='ocrx_word' id='word_1_309' title='bbox 1015 2581 1098 2602; x_wconf 64' lang='lat' dir='ltr'>xtvn</span> <span class='ocrx_word' id='word_1_310' title='bbox 1118 2595 1125 2610; x_wconf 91' lang='lat'>,</span> <span class='ocrx_word' id='word_1_311' title='bbox 1151 2569 1206 2610; x_wconf 75' lang='grc' dir='ltr'>4ο.</span> <span class='ocrx_word' id='word_1_312' title='bbox 1231 2586 1271 2592; x_wconf 89' lang='grc'>--</span> <span class='ocrx_word' id='word_1_313' title='bbox 1299 2567 1315 2597; x_wconf 76' lang='lat'>4</span> <span class='ocrx_word' id='word_1_314' title='bbox 1338 2567 1421 2600; x_wconf 80' lang='lat' dir='ltr'>Psal.</span> 
     </span>
    </p>
   </div>
   <div class='ocr_carea' id='block_1_8' title="bbox 21 2549 26 2646">
    <p class='ocr_par' dir='ltr' id='par_1_8' title="bbox 21 2549 26 2646">
     <span class='ocr_line' id='line_1_38' title="bbox 21 2549 26 2646; baseline 0 639"><span class='ocrx_word' id='word_1_315' title='bbox 21 2549 26 2646; x_wconf 95' lang='lat' dir='ltr'> </span> 
     </span>
    </p>
   </div>
  </div>
 </body>
</html>
