1889 3285
432 330 673 358 ENARRATIO
705 333 749 358 IN
782 330 983 359 PSALMUM
1016 332 1085 358 Lx.
1365 318 1445 356 117

67 399 187 460 quod
201 398 306 443 luna
327 399 531 453 nascitur,
559 398 725 453 crescit,
748 399 985 457 perficitur,
1005 397 1186 441 senescit
1207 406 1250 441 et
1267 396 1440 452 occidit,

67 470 127 514 sic
151 478 252 513 sunt
284 469 580 528 generationes
603 470 694 513 istae
722 469 945 524 mortales3
977 477 1020 511 et
1043 467 1329 526 generationis
1358 483 1446 527 qua

68 556 372 600 regeneramur
395 540 676 600 resurgendo,
704 550 746 584 et
768 540 1116 600 permanebimus
1154 539 1199 581 in
1235 548 1449 581 [eternum

68 627 168 656 cum
198 615 304 667 Deo,
329 611 505 671 quando
526 613 616 671 jam
637 627 726 656 non
749 613 859 656 sicut
879 611 998 666 luna,
1031 609 1106 654 sed
1127 607 1247 669 quod
1278 609 1337 652 ait
1357 611 1448 653 Do-

68 683 209 727 minus
241 703 250 727 :
287 702 306 725 «
335 686 456 727 Tunc
473 684 578 743 justi
606 682 838 740 fulgebunt
858 684 967 727 sicut
995 681 1057 725 sol
1082 682 1126 724 in
1150 696 1282 738 regno
1311 680 1449 724 Patris

70 771 90 794 »
125 753 254 796 sui1.»
277 756 400 796 Luna
423 753 536 796 enim
551 754 733 811 figurate
751 753 795 796 in
817 752 1044 812 Scripturis
1062 767 1140 810 pro
1159 749 1449 793 mutabilitate

67 825 194 884 hujus
217 825 486 868 mortalitatis
519 825 709 884 ponitur.
739 824 842 868 ideo
872 824 925 868 ad
958 823 1130 867 Jericho
1163 821 1451 866 descendebat

66 893 140 939 ille
162 895 216 938 ab
250 894 488 938 Jerusalem
511 896 586 955 qui
607 895 788 939 incurrit
819 895 864 938 in
894 894 1081 938 latrones
1108 913 1117 939 ;
1151 893 1250 953 quia
1277 893 1449 936 ,Iericho

69 965 216 1009 civitas
237 966 421 1009 verbum
445 975 508 1009 est
538 966 777 1020 hebraeum,
799 966 1162 1024 etinterpretatur
1179 963 1311 1007 latine
1325 962 1445 1007 luna.

69 1035 366 1080 Descendebat
400 1051 502 1094 ergo
532 1045 739 1097 tanquam
770 1037 824 1080 ab
848 1034 1172 1079 immortalitate
1200 1034 1255 1077 ad
1284 1042 1448 1077 morta-

67 1107 232 1150 litatem
256 1127 263 1151 :
286 1117 328 1151 et
349 1109 504 1152 merito
521 1108 563 1150 in
584 1109 736 1151 itinere
754 1106 1004 1151 vulneratus
1023 1123 1044 1149 a
1062 1104 1302 1149 latronibus
1325 1113 1367 1147 et
1389 1120 1452 1148 se-

67 1177 250 1221 mivivus
278 1177 471 1222 relictus'2
499 1188 562 1223 est
594 1179 666 1222 ille
686 1180 841 1232 Adam⁷
873 1194 924 1221 ex
953 1194 1042 1238 quo
1065 1186 1127 1220 est
1152 1186 1292 1221 totum
1316 1192 1451 1235 genus

67 1248 326 1291 humanum.
344 1251 457 1306 Ergo
475 1269 493 1290 (ι
507 1249 604 1292 Dies
627 1265 756 1308 super
769 1249 859 1292 dies
878 1249 988 1307 regis
1007 1248 1176 1307 adjicies
1190 1263 1324 1291 annos
1342 1249 1449 1306 ejus,

70 1336 90 1359 »
125 1319 326 1378 usquein
348 1318 462 1361 diem
489 1320 791 1377 generationis,
821 1339 839 1359 »
868 1319 1151 1376 generationis
1169 1317 1360 1362 mortalis
1378 1334 1452 1362 ac-

0 1435 3 1446 ,
67 1388 179 1447 cipio
199 1408 207 1432 :
233 1390 356 1448 cujus
387 1389 672 1447 generationis
695 1389 870 1433 alterius
894 1390 1156 1432 mentionem
1179 1388 1341 1432 fecisti?
1359 1391 1450 1433 Cu-

0 1448 3 1468 ⁹
61 1460 146 1519 jus,
169 1459 270 1504 audi
297 1481 305 1504 ;

126 1533 202 1573 ΙΧ.
229 1549 248 1572 «
274 1529 552 1574 Permanebit
568 1531 612 1574 in
628 1539 841 1574 {eternum
864 1531 909 1573 in
927 1539 1164 1589 conspectu
1181 1530 1281 1574 Dei3
1300 1550 1307 1574 :
1329 1549 1348 1571 »
1377 1533 1453 1575 Se-

67 1599 258 1644 cundum
283 1599 405 1660 quid,
429 1610 503 1644 aut
526 1611 703 1660 propter
725 1601 857 1660 quid?
885 1622 903 1643 «
929 1600 1266 1645 Misericordiam
1287 1610 1328 1645 et
1345 1602 1453 1646 veri-

3 1726 6 1737 ·
69 1688 90 1712 »
124 1680 256 1714 tatem
279 1672 370 1730 ejus
388 1671 484 1730 quis
504 1672 693 1731 requiret
716 1673 754 1715 ei
768 1674 784 1714 ἶ)
798 1672 909 1716 Dicit
925 1681 966 1716 et
984 1672 1066 1716 alio
1088 1672 1183 1716 loco
1203 1692 1211 1716 z
1237 1673 1453 1717 Universae

4 1743 7 1753 '
69 1760 88 1782 n
124 1742 203 1785 viae
234 1742 406 1785 Domini
428 1742 718 1786 misericordia
746 1751 789 1786 et
809 1742 989 1797 veritas,
1024 1743 1344 1802 requirentibus
1366 1753 1452 1788 tes-

70 1830 90 1853 »
124 1821 367 1856 tamentum
394 1813 487 1871 ejus
505 1822 547 1855 et
569 1813 814 1856 testimonia
832 1814 957 1873 ejus4.
987 1832 1006 1853 »
1034 1816 1218 1872 Magnus
1236 1830 1375 1859 sermo
1397 1815 1453 1859 de

68 1883 244 1926 veritate
267 1891 309 1925 et
331 1882 639 1935 misericordia,
660 1881 732 1926 sed
756 1883 1013 1927 brevitatem
1037 1884 1326 1942 promisimus.
1354 1888 1455 1929 Bre-

65 1953 174 1997 viter
196 1952 376 2011 accipite
399 1953 507 2012 quid
535 1952 588 1995 sit
610 1953 764 1996 veritas
796 1962 838 1996 et
860 1953 1153 1998 misericordia
1185 1974 1193 1998 :
1233 1955 1334 2014 quia
1362 1972 1452 2000 non

67 2038 247 2082 parvum
269 2032 332 2067 est
354 2022 473 2083 quod
494 2022 659 2067 dictum
681 2033 743 2066 est
771 2043 778 2067 z
804 2043 823 2065 «
845 2024 1064 2067 Universae
1083 2024 1162 2068 viae
1187 2026 1358 2069 Domini
1377 2027 1454 2070 mi·

69 2112 89 2135 »
124 2094 354 2138 sericordia
383 2104 426 2137 et
451 2094 620 2137 veritas.
654 2112 673 2134 »
699 2094 993 2138 Misericordia
1021 2094 1200 2150 dicitur,
1227 2096 1329 2156 quia
1360 2113 1451 2141 non

67 2165 216 2208 merita
237 2174 383 2208 nostra
405 2164 590 2208 attendit
614 2168 742 2219 Deus,
768 2164 843 2208 sed
863 2165 1100 2209 bonitatem
1124 2183 1261 2222 suam,
1279 2176 1329 2211 ut
1346 2184 1450 2228 pec-

67 2245 159 2280 cata
182 2236 306 2280 nobis
329 2235 474 2280 omnia
496 2235 732 2280 dimitteret
753 2256 762 2280 :
788 2245 831 2280 et
847 2237 979 2280 vitam
998 2247 1203 2282 aeternam
1223 2240 1452 2298 promitte-

67 2318 159 2353 ret:
187 2308 342 2353 veritas
365 2317 532 2362 autem,
569 2308 671 2368 quia
693 2325 782 2353 non
812 2308 922 2352 fallit
949 2308 1130 2353 reddere
1164 2327 1263 2370 quae
1286 2312 1450 2371 promi-

67 2380 456 2437 sitrAgnoscamus
478 2379 550 2423 hic
579 2395 690 2434 eam,
721 2389 763 2424 et
785 2395 873 2424 nos.
889 2379 1112 2436 faciamus,
1145 2391 1196 2425 ut
1226 2383 1450 2443 quomodo

68 2449 211 2503 nobis,
233 2453 346 2494 Deus
380 2449 577 2494 exhibuit
617 2451 951 2494 misericordiam
991 2467 1113 2495 suam
1148 2461 1191 2496 et
1223 2454 1450 2498 veritatem

69 2535 203 2575 suam,
224 2519 560 2564 misericordiam
579 2520 839 2566 dimittendo
856 2531 1031 2581 peccata
1047 2533 1208 2577 nostra,
1227 2524 1452 2568 veritatem

69 2590 315 2635 exhibendo
338 2592 544 2650 promissa
572 2608 673 2650 sua3
705 2592 763 2637 sic
801 2603 844 2637 et
864 2609 942 2637 nos
964 2592 1170 2639 faciamus
1189 2595 1260 2638 hic
1281 2596 1449 2639 miseri-

117 2683 124 2697 ¹
147 2676 258 2709 Mattb.
279 2688 349 2718 xm,
370 2676 421 2718 43.
440 2694 479 2700 --
501 2685 512 2699 2
536 2680 612 2710 Luc.
636 2689 669 2715 x,
693 2678 744 2711 30.
771 2696 810 2701 —-
839 2678 851 2701 3
867 2679 946 2711 Psal.
970 2679 1068 2720 1.x,S.
1091 2697 1131 2702 ·—
1151 2679 1165 2710 4
1186 2681 1230 2712 Id.
1253 2691 1341 2722 xnv,
1361 2693 1412 2714 10.
