1889 3285
380 285 621 313 ENARRATIO
655 287 699 312 IN
731 284 934 312 PSALMUM
967 286 1055 312 LXI.
1335 274 1412 311 121

39 348 136 397 rum
163 353 380 397 dimoveat
403 367 493 406 me,
525 350 757 410 respondet
787 351 856 395 hie
883 370 892 395 ε
921 370 941 393 «
963 353 1062 395 Non
1089 349 1298 394 movebor
1323 365 1417 393 am-

41 442 62 466 »
97 423 254 482 plius.»
280 421 348 466 Ad
363 421 475 466 illud
496 431 642 466 autem
663 421 855 481 quodibi
877 421 1041 465 dictum
1061 429 1124 464 est
1151 440 1158 464 :
1191 440 1210 462 «
1229 423 1326 465 Non
1343 437 1419 464 ve·-

44 513 62 534 »
97 493 187 536 niat
207 492 314 535 mihi
336 507 410 551 pes
427 492 655 551 superbiae,
685 510 704 532 »
732 490 963 552 respondet
983 491 1054 535 hie
1081 510 1089 534 :
1116 510 1135 533 «
1158 493 1312 535 Nonne
1330 493 1419 534 Deo

41 581 62 605 »
97 563 291 622 subjecta
314 563 395 606 erit
416 563 557 606 anima
576 565 697 606 mea?
717 582 736 603 »

98 635 176 677 ΙΙΙ.
198 636 313 692 Ergo
336 633 389 677 de
411 634 630 693 superiore
654 633 752 678 loco
783 633 976 676 munitus
1000 641 1042 676 et
1064 641 1183 675 tutus
1199 667 1209 686 ,
1235 631 1305 675 cui
1329 630 1416 675 fae-

0 701 1 708 ’
39 712 108 748 tus
131 713 193 748 est
221 704 429 748 Dominus
462 704 712 762 refugfflm‘,
744 704 813 748 cui
842 713 905 747 est
930 705 1020 763 ipse
1053 705 1168 747 Deus
1200 702 1245 745 in
1274 702 1420 747 iocum

39 776 275 830 munitum,
297 776 469 835 respicit
486 775 541 820 ad
559 792 630 819 eos
646 791 754 836 quos
770 774 1014 828 transilivit,
1035 783 1078 818 et
1096 773 1334 833 despiciens
1350 788 1421 816 eos

40 844 261 905 loquitur,
292 856 499 906 tanquam
532 846 586 890 de
609 847 717 891 turri
741 845 931 899 excelsa3
956 861 1055 888 nam
1079 854 1122 888 et
1152 846 1235 889 hoe
1255 843 1422 888 dietum

33 926 105 960 est
127 917 182 961 de
203 932 280 962 eo:
309 937 328 959 «
356 918 500 961 Turris
517 916 783 962 fortitudinis
807 933 830 960 a
856 915 966 960 faeie
994 915 1202 959 inimici2:
1231 933 1251 955 »
1278 923 1421 958 atten-

42 987 107 1031 dit
122 1002 224 1046 ergo
245 988 300 1031 ad
322 1004 408 1043 eos,
429 997 471 1032 et
494 988 598 1032 dicit
620 1008 627 1032 :
657 1008 676 1030 «
700 993 934 1046 Quousque
956 986 1168 1045 apponitis
1200 1000 1328 1043 super
1345 985 1424 1028 ho-

43 1075 64 1099 »
99 1057 287 1101 minem?
303 1077 322 1099 »
349 1057 605 1102 Insultando
621 1094 630 1112 ‚
658 1058 887 1117 opprobria
905 1056 1107 1117 jaciendo
1123 1091 1134 1110 ⁷
1159 1054 1419 1109 insidiando,

39 1127 356 1188 persequendo,
388 1129 601 1188 apponitis
629 1143 759 1187 super
780 1127 1004 1171 hominem
1024 1142 1184 1182 onera3
1210 1126 1424 1184 apponitis

0 1254 1 1257 Ἴ
41 1214 170 1257 super
192 1199 411 1243 hominem
434 1209 648 1259 quantum
672 1208 814 1258 potest
831 1199 942 1242 ferre
958 1199 1090 1242 horno
1118 1217 1126 1241 ;
1148 1196 1223 1241 sed
1245 1206 1294 1239 ut
1315 1196 1426 1239 ferat

41 1270 189 1324 homo,
215 1270 296 1314 sub
318 1270 393 1314 illo
421 1280 484 1314 est
506 1269 605 1314 feeit
626 1270 861 1314 hominem.
888 1290 906 1310 «
932 1272 1170 1327 Quousque
1211 1266 1424 1326 apponitis

0 1351 3 1398 ἶγ
45 1357 66 1381 )>
101 1355 230 1399 super
250 1340 499 1384 hominem?
523 1359 542 1381 »
574 1341 615 1384 Si
639 1340 694 1384 ad
718 1341 937 1384 hominem
958 1338 1179 1382 attenditis
1205 1358 1213 1381 :
1244 1357 1263 1378 «
1290 1340 1425 1380 Inter-

4 1461 5 1468 *
46 1429 67 1453 >›
101 1412 215 1455 ficite
238 1427 429 1455 omnes.»
450 1414 562 1455 Eece
585 1412 806 1470 apponite,
833 1411 996 1463 saevite,
1027 1430 1045 1451 α
1073 1409 1310 1453 Interficite
1332 1424 1426 1451 om-

46 1498 67 1523 »
101 1497 191 1525 nes.
216 1484 443 1540 Tanquam
459 1481 611 1539 parieti
632 1481 840 1525 inclinato
863 1490 906 1524 et
927 1480 1124 1524 maceriae
1147 1479 1361 1538 impulsae³
1385 1497 1423 1521 ε»

43 1553 213 1606 instate,
234 1551 458 1611 impellite,
484 1553 605 1612 quasi
628 1552 851 1612 dejecturi.
879 1555 932 1595 Et
959 1551 1033 1594 uhi
1048 1560 1111 1594 est
1130 1543 1261 1594 :⁴Non
1279 1565 1428 1593 move-

45 1621 125 1666 bor
152 1621 360 1681 amplius?
393 1621 476 1667 Sed
504 1638 636 1682 quare
654 1658 664 1676 ,
700 1625 798 1666 Non
828 1621 1037 1665 movebor
1078 1619 1288 1679 amplius?
1317 1620 1428 1672 Quia

44 1692 133 1752 ipse
150 1702 212 1736 est
226 1695 339 1736 Deus
361 1691 556 1736 salutaris
578 1708 714 1746 meus,
742 1702 963 1751 susceptor
988 1707 1122 1735 meus.
1149 1694 1265 1749 Ergo
1283 1691 1427 1734 homi-

45 1777 119 1806 nes
151 1763 328 1822 potestis
357 1777 573 1821 apponere
602 1778 732 1806 onera
765 1778 893 1821 snper
925 1751 1147 1806 hominem
1179 1781 1187 1805 :
1214 1759 1428 1820 numquid

45 1848 174 1892 super
194 1836 335 1877 Deum
357 1833 433 1893 qui
454 1842 601 1877 tuetur
618 1833 872 1876 hominem?

105 1906 181 1947 lv.
211 1922 230 1944 «
258 1903 490 1946 interficite
517 1918 680 1947 omnes.
712 1922 730 1943 »
763 1903 891 1955 Quod
919 1912 1091 1946 tantum
1118 1902 1303 1961 spatium
1333 1917 1430 1945 eor-

47 1975 161 2034 poris
182 1974 227 2018 in
250 1990 339 2018 uno
360 1975 551 2029 homine,
578 1974 652 2017 ubi
674 1974 805 2033 possit
821 1973 1006 2017 interfici
1024 1974 1078 2016 ab
1099 1973 1327 2017 omnibus?
1346 1972 1431 2016 Sed

49 2046 256 2089 debemus
278 2044 518 2104 intelligere
540 2061 767 2105 personam
790 2055 978 2089 nostram
999 2081 1009 2100 ,
1034 2060 1261 2104 personam
1284 2044 1432 2088 Eccle-

49 2116 120 2160 siae
150 2126 307 2161 nostrae
322 2152 333 2171 ‚
360 2132 585 2176 personam
613 2117 802 2175 eorporis
825 2116 998 2161 Christi.
1023 2118 1141 2160 Unus
1164 2116 1278 2159 enim
1300 2117 1431 2159 homo

51 2201 149 2231 cum
171 2187 310 2246 capite
331 2196 374 2230 et
402 2202 582 2246 corpore
604 2203 681 2231 suo
709 2190 831 2230 Jesus
861 2187 1078 2241 Christus,
1114 2186 1299 2230 salvator
1332 2202 1431 2230 cor-

50 2258 164 2316 poris
186 2267 230 2301 et
251 2258 444 2301 membra
465 2258 682 2317 eorporis3
708 2258 796 2302 duo
817 2258 862 2301 in
884 2273 1013 2301 carne
1044 2260 1166 2312 una⁴,
1193 2267 1236 2301 et
1256 2258 1301 2300 in
1327 2273 1433 2301 voce

52 2343 152 2382 una,
174 2337 217 2372 et
237 2329 281 2371 in
300 2329 494 2387 passione
517 2345 603 2372 una
623 2350 632 2384 3
655 2338 697 2372 et
715 2344 813 2372 cum
830 2329 1046 2372 transierit
1062 2328 1284 2388 iniquitas,
1304 2329 1349 2371 in
1372 2345 1433 2372 re-

53 2397 152 2457 quie
175 2414 274 2442 una.
306 2398 525 2442 Passiones
555 2399 702 2458 itaque
726 2399 886 2443 Christi
920 2415 1009 2443 non
1034 2399 1081 2442 in
1115 2398 1206 2443 solo
1234 2399 1430 2453 Christo,

54 2467 141 2512 imo
180 2469 396 2528 passiones
430 2470 589 2513 Christi
612 2470 781 2513 nonnisi
816 2470 861 2513 in
892 2470 1079 2514 Christo.
1109 2471 1151 2514 Si
1175 2469 1291 2512 enim
1312 2469 1434 2513 Chri-

10 1673 15 1686 1

101 2569 111 2585 ¹
131 2563 211 2595 Psal.
227 2574 356 2606 xxxxix,
386 2576 414 2596 1.
435 2581 477 2586 —
497 2571 509 2586 ²
532 2564 578 2597 Id.
602 2562 710 2604 1.z‚4.
743 2583 786 2587 —
806 2563 883 2597 3111.
905 2576 974 2605 mi,
998 2563 1028 2606 4.
1063 2582 1104 2587 -
1125 2563 1139 2594 4
1161 2566 1238 2597 Gen.
1261 2574 1299 2603 ιι,
1322 2562 1360 2604 24
1380 2588 1386 2602 ,
1403 2568 1436 2595 et

57 2618 165 2660 Ephes¹
188 2630 219 2660 v,
240 2620 290 2652 31.
