1889 3285
403 221 644 249 ENAnnAno
674 223 718 248 ΙΝ
752 220 954 249 PsALMUM
985 222 1102 248 vai.
1349 210 1433 248 255

54 296 211 348 potest.
241 285 470 340 Quomodo
493 299 594 343 ergo
622 300 797 329 securus
816 287 889 329 es?
908 283 1158 330 Secundum
1178 283 1291 328 illud
1313 284 1435 345 quod

51 359 141 419 jam
163 357 328 402 dictum
345 364 410 400 est
434 374 444 399 ε
475 373 496 396 α
521 358 632 399 Deus
649 355 695 399 in
716 356 891 400 nominc
907 364 984 400 tuo
1001 354 1167 399 salvum
1189 370 1258 399 me
1276 354 1365 411 fac,
1391 364 1435 400 et

57 446 77 469 »
112 427 159 471 in
174 427 333 472 virtute
344 435 419 470 tua
435 422 582 485 judica
596 439 680 468 me.
696 443 715 466 »
731 425 799 470 Sic
813 434 856 470 et
869 426 939 470 hic
950 460 961 480 ,
981 444 1000 466 α
1011 428 1237 469 Laetentur
1251 434 1294 469 et
1310 424 1435 469 exul-

39 517 76 539 „,
112 505 204 542 tent
227 506 390 556 gentes,
414 494 621 555 quoniam
635 494 806 555 judicas
829 495 1012 556 populos
1034 496 1080 539 in
1102 495 1321 556 aequitate.
1343 515 1362 537 »
1376 497 1434 539 Et

48 580 107 611 ne
126 567 309 611 tim-eant
323 566 463 626 iniqui
477 601 489 622 ,
514 565 725 627 subjecit,
754 585 772 607 «
798 569 855 611 Et
871 575 1021 625 gentes
1037 566 1083 610 in
1099 575 1213 610 terra
1234 565 1427 625 dirigis.»

36 639 201 682 ·Pravae
231 647 353 682 erant
377 645 545 696 gentes,
580 645 624 680 et
645 645 852 681 tortuosae
874 646 998 682 erant
1018 646 1188 696 gentes,
1221 652 1433 696 perversae

38 716 174 752 erant
190 717 339 767 gentes
354 707 544 765 ,merito
564 707 784 767 pravitatis
804 717 847 752 et
867 707 1131 752 distorsionis
1155 715 1198 751 et
1218 706 1431 766 perversi-

48 778 147 823 tatis
188 794 277 823 suae
310 777 503 840 judicem
542 778 790 823 venientem
823 779 1037 823 timebant
1071 796 1081 824 ε
1122 778 1242 822 venit
1277 793 1431 822 manus

49 848 182 908 ipsius
199 884 210 904 ,
235 857 408 893 extenta
429 858 492 893 est
512 848 846 893 misericorditer
873 850 918 893 in
941 848 1150 909 populos,
1185 848 1432 907 diriguntur

0 914 1 918 ¹
27 943 38 948 -’
49 928 100 964 ut
123 918 351 964 ambulent
367 928 529 964 rectam
552 920 665 964 viam
689 939 697 965 ε
723 919 831 980 quid
851 920 1034 963 timeant
1059 929 1293 964 venturum
1309 917 1431 979 judi-

27 1004 142 1035 'cem
158 1025 169 1046 ,
194 991 269 1051 qui
300 991 441 1051 primo
475 999 747 1049 agnoverunt
775 992 1095 1034 correctorem?
1114 989 1317 1034 Manibus
1339 990 1432 1049 ejus

26 1058 35 1089 9
47 1061 154 1105 dent
173 1077 232 1111 se,
254 1062 344 1122 ipse
366 1071 510 1120 gentes
527 1063 572 1106 in
593 1069 705 1105 terra
728 1061 886 1119 dirigit.
914 1061 1097 1105 Directae
1114 1069 1259 1104 autem
1283 1068 1431 1119 gentes

48 1131 320 1176 ambulantes
351 1133 397 1175 in
433 1132 546 1188 fide,
573 1131 814 1176 exultantes
849 1132 896 1175 in
925 1130 1026 1186 illo,
1057 1129 1263 1175 facientes
1301 1146 1431 1190 opera

46 1202 161 1246 bona
181 1224 192 1260 3
227 1211 270 1246 et
300 1202 335 1247 si
358 1219 443 1263 qua
465 1202 602 1258 forte,
635 1202 844 1263 quoniam
865 1217 942 1261 per
962 1217 1081 1246 mare
1102 1202 1331 1260 navigant,
1358 1202 1430 1245 in-

43 1281 130 1316 trat
151 1289 262 1334 aqua
283 1289 361 1332 per
379 1273 683 1316 minutissimas
705 1288 906 1317 cavernas
923 1307 934 1327 ,
960 1288 1037 1332 per
1057 1272 1234 1317 rimulas
1257 1272 1311 1316 ad
1334 1288 1430 1316 sen-

45 1343 197 1398 tinam,
212 1342 509 1388 exhauriendo
531 1359 625 1387 eam
641 1358 719 1402 per
740 1357 870 1402 opera
888 1342 1019 1398 bona,
1035 1358 1090 1386 ne
1108 1342 1205 1402 plus
1223 1341 1429 1387 intrando

26 1410 31 1442 ἕ
45 1413 272 1457 cumulum
296 1412 423 1457 faciat
443 1449 453 1469 ,
489 1422 531 1457 et
554 1429 706 1457 navem
728 1412 943 1472 deprimat
963 1448 974 1467 ,
999 1412 1292 1458 exhauriendo
1316 1429 1430 1474 quo-

44 1483 170 1538 tidie,
186 1483 426 1544 jcjunando
446 1519 457 1538 ,
479 1483 666 1539 orando,
690 1482 985 1541 eleemosynas
1004 1484 1222 1540 faciendo,
1244 1483 1430 1529 dicendo

45 1569 156 1614 puro
185 1553 345 1598 corde:
377 1554 592 1598 «Dimitte
619 1554 745 1598 nobis
772 1553 920 1598 debita
955 1563 1125 1609 nostra,
1155 1554 1266 1599 sicut
1288 1564 1331 1599 et
1352 1571 1430 1600 nos

0 1683 1 1687 Ἰ
47 1643 68 1666 ))
103 1625 360 1669 dimittimus
387 1624 658 1669 debitoribus
681 1625 837 1669 nostris
855 1628 867 1651 ¹
893 1645 901 1670 :
931 1644 950 1666 »
977 1625 1163 1670 dicendo
1194 1625 1273 1670 ista
1291 1661 1302 1681 ,
1335 1641 1428 1670 am-

0 1690 1 1711 ¹
44 1695 149 1740 bula
171 1712 346 1741 securus
365 1732 376 1751 ,
409 1704 452 1740 et
473 1695 619 1740 exulta
640 1696 686 1739 in
709 1696 774 1739 via
790 1731 801 1750 ,
825 1705 951 1740 canta
973 1697 1018 1739 in
1045 1697 1129 1741 via.
1155 1695 1253 1741 Noli
1277 1697 1428 1741 timere

0 1765 264 1827 judicem,
300 1775 534 1826 antequam
571 1781 680 1809 esses
709 1765 875 1821 fidelis,
914 1766 1115 1810 invenisti
1140 1765 1424 1811 Salvatorem.

45 1838 234 1898 Impium
258 1847 300 1882 te
323 1837 523 1898 quaesivit
543 1845 593 1880 ut
617 1835 848 1880 redimeret
864 1836 1176 1897 ,redemptum
1196 1837 1362 1882 deseret
1378 1846 1429 1881 ut

43 1910 230 1969 perdat?
253 1928 272 1951 «
298 1912 353 1953 Et
377 1918 524 1968 gentes
545 1908 591 1951 in
614 1916 726 1951 terra
749 1872 962 1966 dirigis.»

19 2035 22 2038 Ι
101 1983 225 2024 VIII.
248 1978 445 2034 Exultat,
467 1977 645 2037 gaudet,
671 1979 887 2032 hortatur,
912 1978 1068 2037 repetit
1085 1977 1259 2022 eosdem
1280 1994 1426 2024 versus

38 2044 90 2098 vin
116 2051 427 2096 exhortatione.
458 2070 478 2093 «
503 2051 805 2095 Confiteantur
826 2049 905 2093 tibi
928 2048 1094 2108 populi,
1123 2053 1235 2094 Deus
1252 2085 1262 2105 ,
1286 2050 1427 2094 confi-

15 2123 22 2145 ·'
45 2142 68 2166 »
102 2133 276 2169 teantur
292 2123 372 2167 tibi
387 2121 540 2182 populi
557 2136 722 2177 omnes,
742 2130 856 2164 terra
871 2119 993 2164 dedit
1014 2121 1207 2164 fructum
1225 2125 1422 2165 suum2.»

16 2203 20 2205 “
44 2198 184 2249 Quem
207 2194 397 2239 fructum
413 2195 432 2234 Ῡ
451 2193 788 2237 «Confiteantur
807 2190 884 2235 tibi
901 2191 1055 2250 populi
1080 2207 1243 2251 omnes.
1264 2195 1428 2237 »Terra

17 2263 19 2269 ’
44 2276 135 2312 erat
150 2302 161 2323 ,
186 2267 316 2326 spinis
333 2265 462 2325 plena
484 2275 575 2308 erat
596 2283 605 2308 ε
626 2263 802 2308 accessit
823 2262 1077 2307 eradicantis
1100 2277 1268 2318 manus,
1286 2278 1429 2308 acces-

12 2335 22 2355 ³
43 2338 98 2382 sit
123 2336 292 2382 vocatio
326 2334 556 2396 majestatis
588 2334 679 2394 ejus
710 2342 754 2377 et
783 2332 1086 2377 misericordiae
1106 2369 1116 2388 ‚
1147 2334 1282 2393 coepit
1313 2343 1426 2378 terra

19 2404 266 2462 confiteri,
292 2407 382 2467 jam
416 2405 490 2450 dat
522 2414 633 2449 terra
668 2402 861 2448 fructum
894 2418 1035 2447 suum.
1072 2406 1202 2447 Daret
1234 2402 1426 2447 fructum

16 2474 21 2497 ³
44 2495 172 2524 suum
195 2514 206 2534 ,
246 2478 327 2522 nisi
370 2485 472 2522 ante
508 2475 831 2536 complueretur
853 2476 871 2519 Ξ)
916 2474 1037 2519 daret
1081 2484 1194 2520 terra
1232 2474 1426 2519 fructum

93 2572 100 2587 ¹
127 2563 237 2596 Manli,
256 2575 300 2604 vr,
324 2571 372 2595 12.
397 2580 436 2584 —-
458 2568 469 2584 ²
491 2560 571 2593 Psal.
589 2570 672 2602 Lle,
692 2560 723 2592 (3.
