1889 3285
427 273 667 304 ENARRATIO
700 277 742 303 IN
778 275 977 304 PSALML'M
1010 276 1078 302 Lx.
1352 263 1432 300 113

60 360 81 384 »
108 343 314 402 quoniam
327 341 511 386 charitas
528 342 604 386 Dei
622 340 778 385 diffusa
800 351 862 386 est
887 343 932 385 in
953 340 1157 385 cordibus
1185 339 1338 383 nostris
1359 354 1436 398 per

60 431 82 454 »
111 414 316 472 Spiritum
342 421 537 456 sanctum
553 412 628 473 qui
647 412 774 456 datus
810 421 873 456 est
908 412 1077 456 nobis1.
1098 429 1118 452 ³>
1153 413 1270 468 Ergo
1300 410 1437 454 factus

59 493 122 527 est
141 484 231 543 ipse
248 499 342 543 spes
363 492 507 528 nostra
524 519 535 538 ‚
562 483 637 543 qui
671 483 791 527 dedit
821 483 945 527 nobis
976 481 1183 541 Spiritum
1211 490 1435 536 sanctum,

59 562 102 597 et
123 552 395 598 ambulamus
421 553 553 597 modo
577 554 632 597 ad
655 569 796 613 speni3
827 569 915 597 non
946 553 1060 596 enim
1090 551 1410 596 ambularemus
1427 586 1437 605 ‚

60 624 139 668 nisi
155 640 437 683 speraremus.
451 623 566 677 Quid
584 625 642 667 ait
655 624 744 684 ipse
756 624 987 684 Apostolus
1000 622 1176 676 ‘?«Quod
1195 622 1310 666 enim
1322 622 1443 666 videt

65 711 83 736 »
107 695 202 755 quis
217 730 227 749 ‚
253 694 361 755 quid
382 696 549 753 sperat?
580 694 621 739 Si
645 704 789 738 autem
813 693 933 754 quod
955 710 1043 738 non
1075 693 1271 737 videmus
1295 708 1442 752 spera-

64 783 84 806 »
111 780 206 808 mus
221 800 231 819 ,
256 780 333 824 per
354 764 605 824 patientiam
624 774 915 824 expectamus.
939 782 958 805 »
979 767 1034 808 Et
1049 764 1166 807 item.
1189 782 1208 805 «
1229 766 1310 822 Spe
1329 763 1445 806 enim

65 853 85 876 »
104 834 208 879 salvi
229 834 333 879 facti
355 838 543 878 sumus'2.
572 852 592 875 »

120 908 172 949 V.
205 925 223 946 «
249 905 471 949 Deduxisti
493 921 561 949 mc
580 941 590 960 ‚
609 905 708 964 quia
728 905 865 950 sactus
887 922 930 949 es
952 921 1044 965 spes
1063 921 1155 949 rnea
1180 924 1188 950 :
1207 905 1335 948 turris
1358 903 1447 948 for-

64 995 84 1016 »
110 975 304 1020 titudinis
326 991 349 1019 a
373 975 483 1019 facie
505 975 666 1019 inimici
684 977 715 1018 3.
745 994 764 1015 »
792 977 979 1034 Angitur
1001 992 1074 1020 cor
1101 991 1271 1029 meum,
1303 975 1447 1035 inquit

62 1046 140 1090 ista
162 1045 303 1089 unitas
326 1061 348 1089 a
366 1045 528 1088 finibus
550 1054 676 1088 terrae
695 1081 704 1100 ‚
737 1056 781 1089 et
808 1046 959 1090 laboro
990 1046 1102 1089 inter
1125 1045 1384 1088 tentationes
1405 1051 1449 1088 et

63 1115 263 1161 scandala
291 1115 517 1159 :invident
552 1116 738 1175 pagani,
777 1116 879 1175 quia
901 1116 1003 1160 victi
1038 1125 1161 1173 sunt3
1190 1115 1450 1159 insidiantur

0 1199 1 1214 *
65 1187 256 1231 haeretici
285 1185 418 1245 pallio
451 1185 580 1230 velati
617 1186 803 1229 nominis
840 1187 1091 1244 christiani3
1128 1187 1244 1230 intus
1281 1186 1326 1229 in
1358 1186 1450 1245 ipsa

65 1255 253 1301 Ecclesia
271 1256 357 1299 vim
381 1256 542 1314 patitur
563 1255 833 1299 frumentum
853 1273 875 1299 a
898 1256 1020 1315 palea
1047 1276 1056 1301 :
1076 1257 1189 1300 inter
1204 1257 1297 1300 li-aec
1308 1256 1453 1300 omnia

67 1343 166 1371 cum
189 1326 363 1385 angitur
381 1341 455 1370 cor
476 1341 622 1369 meum
636 1361 647 1381 7
668 1326 899 1370 clamaboa
917 1327 1076 1371 finibus
1098 1336 1237 1371 terrae.
1260 1326 1342 1371 Sed
1365 1342 1455 1370 non

67 1413 136 1441 me
159 1396 316 1441 deserit
332 1396 421 1455 ipse
443 1395 518 1455 qui
543 1410 610 1439 me
633 1396 837 1440 exaltavit
857 1412 986 1456 super
1014 1407 1180 1456 petram
1198 1432 1208 1452 ‚
1235 1398 1284 1440 u't
1313 1396 1455 1441 dedu-

68 1477 136 1511 cat
156 1482 225 1510 me
246 1482 385 1526 usque
419 1466 473 1509 ad
495 1481 539 1509 se
555 1501 566 1520 7
592 1466 693 1526 quia
716 1476 759 1509 et
794 1466 828 1510 si
865 1466 1016 1511 laboro
1035 1502 1045 1522 ‚
1079 1467 1254 1511 diabolo
1283 1483 1359 1526 per
1390 1476 1457 1511 tot

67 1537 163 1582 loca
182 1547 225 1581 et
248 1547 440 1596 tempora
461 1545 504 1580 ct
526 1538 768 1581 occasiones
792 1536 1021 1582 insidiante
1044 1538 1246 1582 adversus
1268 1553 1337 1581 me
1353 1573 1363 1593 ,
1384 1538 1456 1581 hic

71 1618 133 1652 est
154 1608 259 1652 mihi
283 1607 413 1651 turris
435 1605 724 1664 fortitudinis3
749 1624 837 1667 quo
863 1624 962 1652 cum
986 1609 1245 1666 confugero,
1272 1624 1360 1652 non
1384 1624 1456 1652 so-

70 1677 160 1722 lum
182 1678 328 1721 vitabo
352 1676 434 1721 tela
462 1676 648 1730 inimici,
679 1677 753 1720 scd
784 1679 911 1722 etiam
933 1679 978 1721 in
1011 1678 1136 1722 illum
1159 1695 1258 1738 quae
1277 1677 1458 1723 voluero

71 1764 244 1793 securus
268 1748 357 1807 ipse
371 1746 613 1808 jaculabor.
636 1750 732 1806 Ipse
753 1749 868 1792 enim
891 1749 1087 1793 Christus
1110 1758 1173 1792 est
1184 1749 1343 1807 turris3
1368 1750 1457 1808 ipse

72 1819 196 1863 nobis
219 1819 357 1862 factus
379 1827 443 1861 est
467 1817 593 1861 turris
616 1833 640 1860 a
662 1815 768 1861 facie
784 1818 968 1872 inimici,
989 1819 1064 1878 qui
1089 1828 1152 1862 est
1175 1828 1219 1862 et
1239 1829 1361 1877 petra
1379 1835 1457 1863 su·-

72 1905 148 1950 per
169 1904 301 1950 quam
322 1887 531 1932 aedificata
562 1896 626 1931 est
657 1887 865 1931 Ecclesia.
890 1890 1022 1933 Caves
1047 1904 1102 1932 ne
1131 1887 1294 1932 feriaris
1318 1905 1340 1933 a
1363 1889 1461 1933 dia-

73 1960 202 2005 bolo?
225 1963 345 2018 Fuge
363 1957 418 2002 ad
440 1967 602 2002 turrem
626 1977 634 2001 z
659 1974 885 2018 nunquam
909 1969 950 2002 te
973 1958 1028 2002 ad
1050 1958 1169 2002 illam
1188 1968 1351 2002 turrem
1367 1960 1460 2003 dia-

75 2031 216 2076 bolica
231 2030 374 2090 jacula
411 2039 611 2074 secutura
635 2040 759 2087 sunt3
794 2030 855 2073 ibi
878 2030 1007 2074 stabis
1035 2031 1230 2075 munitus
1260 2040 1302 2075 et
1332 2031 1455 2075 fixus.

77 2101 306 2156 Quomodo
335 2110 480 2144 autem
513 2100 651 2159 fugies
674 2099 728 2144 ad
755 2103 949 2144 turrem?
978 2104 1040 2145 Ne
1072 2099 1183 2145 forte
1215 2103 1463 2162 quisquein

78 2172 316 2217 tentatione
337 2171 502 2231 positus
524 2169 804 2229 corporaliter
836 2181 1004 2231 quaerat
1032 2181 1195 2215 turrem
1226 2174 1350 2217 istam
1377 2193 1386 2217 ε
1419 2184 1466 2218 et

79 2259 177 2288 cum
200 2258 293 2286 eam
311 2258 399 2286 non
420 2242 632 2285 invenerit
646 2276 656 2295 ‚
688 2241 890 2299 fatigetur
906 2277 916 2296 ‚
956 2252 1032 2286 aut
1060 2243 1231 2287 deficiat
1253 2244 1298 2286 in
1320 2253 1463 2288 tenta—-

80 2315 212 2358 tione.
242 2317 354 2357 Ante
374 2322 417 2356 te
439 2322 502 2356 est
524 2312 652 2356 turris
670 2331 678 2356 ε
705 2312 930 2356 recordare
951 2313 1192 2368 Christum„
1217 2323 1259 2358 et
1285 2315 1394 2358 intra
1416 2315 1465 2361 in

82 2393 258 2429 turrem.
285 2382 512 2436 Quomodo
538 2382 773 2426 recordaris
801 2383 1020 2427 Christum
1038 2419 1048 2438 ,
1076 2392 1126 2427 ut
1143 2385 1275 2428 intres
1297 2385 1343 2428 in
1366 2395 1464 2429 tur-

84 2457 204 2499 rem?
225 2453 449 2514 Quidquid
482 2454 658 2513 pateris,
683 2456 824 2512 cogita
857 2455 957 2514 quia
997 2455 1114 2514 prior
1145 2471 1293 2515 passus
1313 2467 1402 2511 θεῖ,
1424 2467 1467 2502 θῖ

86 2526 223 2584 cogita
250 2541 339 2585 quo
367 2525 453 2567 fine
481 2539 628 2583 passus
655 2533 717 2568 est
737 2559 747 2578 ,
778 2533 827 2568 ut
857 2535 1100 2570 moreretur
1132 2536 1174 2570 et
1204 2538 1460 2586 resurgeret.

133 2618 140 2634 ¹
160 2613 250 2643 Rom.
273 2622 307 2651 v,
327 2610 395 2641 3-5.
422 2627 458 2632 —-
478 2616 488 2631 ²
506 2610 550 2641 m.
576 2620 644 2642 vm.
671 2608 725 2650 24,
744 2608 797 2640 25.
826 2626 864 2631 -—
887 2607 899 2630 3
919 2609 998 2641 Psal.
1022 2622 1072 2649 u,
1096 2610 1127 2649 3,
1149 2611 1178 2651 4,

276 2675 381 2704 cxvi
1258 2670 1282 2706 ὃ
