1889 3285
436 258 682 290 ENARRATIO
710 262 756 289 m
787 259 990 290 rsALMnM
1021 263 1126 291 Lvn.
1425 249 1482 290 43

101 333 299 384 repetant
320 326 644 370 Maximianistae
662 325 879 382 basilicas,
904 326 1056 371 dicunt
1077 325 1255 370 debere.
1280 325 1399 380 Quid
1418 335 1484 371 est

98 409 199 452 ergo
220 395 340 455 quod
361 395 569 440 dicebatis
584 395 813 440 adversum
827 399 931 441 nos?
943 400 1013 441 An
1029 396 1203 440 contriti
1216 405 1318 440 sunt
1331 395 1483 442 dentes

97 465 227 510 vestri
258 465 304 509 in
335 481 410 510 ore
441 467 613 510 vestro?
641 467 759 520 Quid
790 467 914 512 nobis
945 476 988 511 et
1015 466 1208 525 regibUS,
1247 467 1484 527 inquiunt?

97 525 203 594 quid
224 535 347 580 nobis
376 545 419 579 et
440 536 809 596 imperatoribus?
831 540 917 581 Vos
939 536 994 581 de
1015 536 1348 596 imperatoribus
1370 552 1485 596 prae-

97 606 278 651 sumitis.
304 612 461 660 Quaero
479 616 523 651 et
544 622 623 665 ego
645 627 654 651 ε
680 607 797 661 Quid
818 608 941 652 vobis
963 606 1019 651 ad
1044 607 1348 667 proconsule5‚
1373 624 1484 668 quos

98 677 309 721 miserunt
333 679 643 737 imperatores?
665 678 774 738 quid
799 678 923 723 vobis
953 678 1007 722 ad
1031 677 1147 737 leges
1163 714 1174 734 ‚
1203 695 1311 739 quas
1332 688 1484 724 contra

97 762 172 791 vos
213 746 432 791 dederunt
478 748 757 807 imperatores
777 750 795 792 P
838 752 1122 808 Imperatores
1165 749 1484 794 communionis

96 826 253 861 nostrae
275 817 390 876 leges
413 819 617 863 adversus
634 834 783 862 omnes
795 818 1020 863 haereticos
1036 817 1276 863 dederunt:
1300 834 1372 864 eos
1394 819 1485 864 uti-

95 902 182 946 que
207 886 429 946 appellant·
450 888 674 932 haereticos
688 923 699 943 ,
724 889 800 948 qui
823 904 912 932 non
945 896 1047 932 sunt
1068 889 1385 933 communionis
1405 904 1484 934 eo·-

95 972 193 1000 rum
208 991 218 1011 ‚
239 958 352 1000 inter
373 973 482 1017 quos
507 959 661 1018 utique
682 967 725 1002 et
752 973 831 1003 vos
853 959 950 1002 estis
973 974 980 998 :
1006 958 1039 1001 si
1061 973 1187 1006 verae,
1206 967 1308 1002 sunt
1333 957 1449 1016 leges
1468 993 1480 1014 ‚

93 1025 266 1071 valeant
288 1036 331 1071 et
346 1027 392 1071 in
409 1043 483 1072 vos
504 1028 755 1085 haereticos3
775 1028 809 1071 si
824 1026 944 1072 falsae
966 1038 1068 1073 sunt
1084 1028 1220 1086 leges,
1247 1043 1383 1088 quare
1404 1044 1482 1073 va—

93 1095 186 1140 lent
208 1106 358 1141 contra
382 1107 545 1142 vestros
566 1092 821 1142 haereticos?
839 1101 1033 1153 Fratres⁵
1065 1098 1296 1157 paululum
1322 1099 1480 1144 adver-

90 1167 169 1211 'tite
184 1201 195 1222 ‚
220 1177 263 1213 et
284 1167 512 1227 intelligite
545 1168 665 1229 quod
688 1168 894 1214 diximus:
921 1170 1104 1223 Quando
1126 1179 1310 1229 egerunt
1330 1185 1480 1215 causas

94 1252 191 1281 suas
228 1237 431 1282 adversus
461 1238 795 1283 Maximianistas
810 1274 821 1293 ‚
857 1248 907 1283 ut
938 1255 1009 1283 eos
1039 1255 1063 1284 a
1099 1255 1142 1283 se
1177 1239 1404 1284 damnatos
1437 1249 1481 1285 et

94 1307 384 1352 schismaticos
407 1308 493 1352 suis
513 1309 716 1368 ejicerent
739 1308 794 1353 de
812 1309 937 1365 locis,
965 1326 1064 1370 quae
1078 1309 1141 1353 il’li
1158 1309 1253 1355 loca
1272 1311 1481 1354 tenebant

95 1378 350 1438 antiquitus,
365 1388 409 1423 et
424 1389 717 1424 successerant
733 1381 942 1440 episcopis
965 1381 1260 1426 decessoribus
1277 1382 1382 1437 suis,
1400 1397 1482 1426 vo—

93 1448 230 1493 lentes
252 1449 348 1494 illos
370 1450 472 1494 inde
494 1449 722 1495 excludere
749 1487 759 1506 ,
787 1461 972 1510 egerunt
996 1451 1164 1510 legibus
1186 1452 1394 1511 publicis,
1427 1451 1484 1496 ad

88 1519 255 1579 judices
273 1529 486 1564 venerunt
501 1555 512 1575 ‚
549 1520 754 1565 dixerunt
780 1537 823 1565 se
845 1522 1081 1566 catholicos
1098 1558 1108 1578 ‚
1132 1532 1182 1566 ut
1204 1531 1379 1582 possent
1407 1538 1483 1567 ex-

94 1587 269 1633 cludere
288 1590 525 1633 haereticos.
553 1593 696 1643 Quare
719 1600 762 1634 te
783 1590 889 1636 dicis
905 1592 1184 1646 catholicum,
1203 1602 1254 1635 ut
1276 1592 1484 1636 excluda-

94 1667 167 1702 tur
184 1659 412 1703 haereticus
425 1694 436 1714 ‚
461 1668 505 1703 et
525 1675 614 1704 non
632 1661 775 1720 potius
793 1676 835 1704 es
857 1661 1118 1716 catholicus,
1138 1677 1194 1705 ne
1212 1663 1266 1706 sis
1286 1662 1486 1707 exclusus

94 1728 350 1772 haereticus?
373 1728 506 1773 Modo
529 1729 766 1774 catholicus
781 1745 840 1785 es,
861 1739 910 1775 ut
925 1729 1066 1774 valeas
1084 1731 1138 1775 ad
1161 1731 1487 1776 excludendum

94 1798 365 1844 haereticum,
391 1801 416 1842 J
421 1798 535 1842 udex
552 1800 667 1843 enim
690 1815 779 1844 non
796 1809 939 1860 posset
961 1801 1042 1844 nisi
1065 1800 1235 1860 legibus
1257 1802 1348 1846 suis
1364 1802 1487 1862 judi-

96 1883 218 1912 care:
237 1867 440 1912 dixerunt
458 1884 502 1913 se
519 1868 753 1913 catholicos
768 1904 778 1924 ,
798 1869 969 1914 admissi
985 1879 1087 1914 sunt
1108 1886 1234 1929 agere
1252 1890 1261 1916 :
1285 1872 1489 1917 dixerunt

96 1937 192 1990 illos
224 1938 473 1994 haereticos,
505 1939 706 1999 quaesivit
739 1941 857 1983 unde
894 1940 1153 1999 probaretur
1182 1961 1190 1985 :
1222 1940 1388 1986 lectum
1423 1952 1487 1988 est

97 2008 330 2052 concilium
357 2009 668 2067 Bagastanum,
693 2009 771 2053 ubi
793 2009 987 2054 damnati
1005 2020 1106 2055 sunt
1132 2012 1484 2071 Maximianistae3

97 2078 307 2122 insertum
335 2088 398 2123 est
425 2080 543 2124 Actis
574 2079 980 2139 proconsularibus,
1016 2082 1251 2141 probatum
1272 2092 1336 2127 est
1367 2085 1488 2144 quod

97 2148 156 2192 illi
180 2149 374 2194 damnati
395 2166 485 2194 non
506 2150 714 2194 deberent
736 2160 883 2195 tenere
902 2151 1113 2207 basilicas,
1134 2162 1177 2196 et
1189 2155 1488 2213 pronuntiavit

97 2220 333 2278 proconsul
349 2236 400 2264 ex
420 2220 532 2279 lege.
553 2224 617 2264 Ex
643 2237 729 2280 qua
750 2221 872 2281 lege?
899 2227 1003 2276 Quae
1026 2223 1112 2267 lata
1137 2233 1200 2268 est
1219 2234 1371 2269 contra
1391 2226 1487 2269 hae-

98 2291 267 2334 reticos.
292 2291 334 2336 Si
357 2300 508 2335 contra
525 2291 772 2347 haerefficos,
794 2301 837 2336 et
859 2302 1008 2337 contra
1032 2303 1089 2338 te.
1121 2299 1283 2349 Quare,
1308 2295 1453 2356 inquit
1472 2331 1484 2351 ‚

97 2369 248 2404 contra
273 2363 368 2405 me?
389 2364 486 2406 Non
504 2361 620 2404 enim
639 2376 716 2419 ego
738 2362 964 2407 haereticus
988 2379 1101 2408 sum.
1129 2365 1171 2409 Si
1190 2373 1239 2408 tu
1256 2365 1487 2410 haereticus

100 2445 189 2474 non
210 2446 252 2474 es
269 2466 279 2485 ,
304 2430 423 2475 falsae
451 2439 553 2475 sunt
572 2430 658 2474 illae
679 2430 794 2489 leges
816 2448 823 2472 :
849 2432 903 2476 ab
928 2434 993 2478 his
1014 2435 1131 2478 enim
1154 2435 1487 2495 imperatoribus

99 2499 197 2544 latae
219 2511 335 2556 sunt,
352 2502 426 2561 qui
442 2517 532 2545 non
553 2511 655 2546 sunt
672 2504 992 2549 communionis
1008 2513 1117 2549 tuae:
1137 2521 1285 2550 omnes
1303 2507 1378 2566 qui
1395 2522 1487 2551 non

101 2579 200 2614 sunt
222 2571 537 2616 communionis
558 2586 732 2626 eorum,
752 2571 921 2630 legibus
943 2575 1029 2618 suis
1056 2575 1282 2620 haereticos
1306 2585 1478 2621 vocant.
