1889 3285
355 289 593 319 ENARRATIO
626 290 669 316 ΓΝ
702 288 903 316 PSALMIJM
935 289 1052 316 LXVI.
1334 274 1417 313 247

41 356 254 402 damnum
269 371 417 416 passus
438 365 522 410 est,
547 354 623 400 ubi
638 369 680 398 se
698 353 751 398 ad
769 353 916 398 oculos
924 353 1152 420 hominum
1168 353 1223 399 de
1244 352 1418 403 divitia-

41 443 141 472 rum
163 428 449 473 ostentatione
465 425 658 487 jactabat
677 446 688 483 3
703 426 792 485 jam
809 440 852 469 se
867 425 914 469 in
932 423 1068 469 oculis
1087 424 1315 469 hominum
1328 425 1421 485 jac-

40 506 132 545 tare
154 513 244 542 non
264 507 406 557 potest
433 518 441 543 :
467 497 521 544 ad
545 513 588 541 se
610 497 725 541 intro
739 512 828 541 non
849 494 961 540 redit
975 531 987 550 ,
1012 494 1114 555 quia
1138 494 1248 540 nihil
1271 495 1417 540 habet.
1453 537 1462 547 ,

39 571 138 622 Non
159 579 221 613 est
238 569 430 614 imitatus
451 568 676 613 formicam
693 603 703 622 ,
729 584 819 612 non
841 567 922 612 sibi
941 565 1113 624 collegit
1135 581 1267 625 grana
1285 601 1297 621 ,
1321 581 1423 610 cum

0 667 1 681 η
39 649 162 684 aestas
188 651 296 686 esset
312 644 342 685 ¹.
375 641 492 695 Quid
522 639 628 695 dixi,
650 655 747 684 cum
773 650 896 684 aestas
909 639 1047 683 esset?
1065 640 1176 682 Cum
1199 647 1308 682 esset
1322 638 1422 684 vitae

37 710 329 771 tranquillitas
347 747 358 767 ‚
384 727 485 757 cum
505 719 614 756 esset
631 709 777 755 saeculi
798 710 928 770 hujus
941 723 1040 768 erga
1056 707 1181 753 illum
1204 708 1421 768 prosperi-

37 791 125 837 taS,
170 783 348 842 quando
370 784 409 827 ei
430 783 634 849 vacabat,
660 781 837 843 quando
859 779 962 825 felix
982 779 1221 825 vocabatur
1242 780 1296 824 ab
1325 794 1423 829 om-

36 853 166 900 nibus
181 888 192 908 ‚
223 863 346 899 aestas
379 855 511 914 ipsius
542 864 647 898 erat.
665 853 914 897 Imitaretur
927 851 1152 896 formicam
1170 886 1181 908 ,
1197 851 1231 896 si
1253 851 1425 897 audiret

35 924 217 970 verbum
236 925 334 981 Dei,
356 925 578 985 colligeret
600 940 733 983 grana
749 958 761 978 ‚
784 933 827 968 et
839 923 956 967 intus
981 922 1250 968 reconderet.
1276 924 1423 968 Vene-

35 1004 103 1038 rat
125 995 307 1040 tentatio
340 995 656 1050 tribulationis,
690 1003 997 1054 supervenerat
1024 994 1178 1051 hyems
1204 994 1389 1053 torporis
1408 1029 1421 1049 ,

37 1073 267 1125 tempestas
299 1067 493 1122 timoris,
525 1066 660 1125 frigus
692 1066 896 1120 tristitiae,
928 1066 1016 1109 sive
1047 1066 1258 1109 damnum
1286 1074 1420 1121 esset,

35 1135 123 1180 sive
145 1135 322 1196 aliquod
336 1137 482 1181 salutis
500 1136 762 1197 periculum,
779 1136 866 1179 sive
878 1135 1022 1196 aliqua
1040 1134 1202 1179 orbitas
1220 1151 1421 1180 suorum:

35 1207 123 1251 sive
146 1206 290 1268 aliqua
312 1208 594 1253 exhonoratio
616 1217 659 1252 et
686 1206 930 1251 humiliatio
952 1228 963 1264 3
986 1207 1140 1265 hyems
1163 1215 1255 1251 erat
1279 1226 1288 1252 ε
1313 1207 1427 1252 redit
1485 1200 1489 1202 i

35 1274 215 1321 formica
237 1276 292 1322 ad
310 1277 354 1321 id
377 1277 498 1338 quod
519 1287 664 1322 aestate
678 1276 875 1335 collegit,
900 1286 943 1321 et
955 1277 1126 1320 intusin
1140 1286 1304 1321 secreto
1325 1292 1421 1333 suo,

33 1347 113 1395 ubi
134 1363 263 1392 nemo
280 1348 425 1403 videt,
450 1348 606 1392 aestivis
623 1347 844 1392 laboribus
867 1356 1100 1392 recreatur.
1132 1347 1318 1401 Quando
1345 1348 1425 1394 sibi

33 1417 114 1462 ista
139 1417 371 1477 colligebat
392 1429 540 1464 aestate
555 1455 566 1475 ‚
591 1417 800 1463 videbant
823 1433 971 1463 omnes
993 1438 1002 1463 :
1023 1434 1124 1463 cum
1144 1418 1210 1462 his
1233 1419 1424 1478 pascitur

33 1489 213 1546 hyeme,
247 1489 394 1534 nullus
417 1489 550 1535 videt.
578 1489 691 1543 Quid
721 1499 783 1533 est
805 1490 921 1535 hoc?
942 1489 1053 1534 Vide
1067 1487 1291 1534 formicam
1312 1490 1390 1533 Dei
1411 1509 1421 1534 ι

33 1559 171 1618 surgit
191 1559 402 1619 quotidie,
429 1560 563 1604 currit
585 1559 639 1604 ad
661 1559 898 1604 Ecclesiam
914 1561 1012 1615 Dei,
1039 1569 1158 1616 orat,
1187 1560 1309 1604 audit
1333 1558 1424 1605 lec-

0 1638 2 1642 ’
35 1630 200 1685 tionem
216 1665 227 1685 ,
247 1631 464 1688 hymnum
486 1640 658 1684 cantat,
685 1631 875 1675 ruminat
897 1630 1016 1691 quod
1037 1630 1225 1686 audivit,
1252 1631 1370 1691 apud
1380 1647 1424 1676 sc

33 1700 219 1758 cogitat,
255 1701 454 1745 recondit
486 1701 603 1745 intus
634 1716 765 1760 grana
787 1700 964 1746 collecta
986 1702 1040 1746 de
1067 1717 1179 1745 area.
1206 1704 1311 1746 Haec
1331 1702 1423 1763 ipsa

34 1786 133 1831 quae
148 1770 280 1815 modo
303 1770 510 1815 dicuntur
524 1772 601 1832 qui
615 1772 853 1831 prudenter
875 1772 1081 1826 audiunt,
1098 1774 1181 1817 hoc
1203 1782 1360 1832 agunt,
1380 1783 1425 1818 et

35 1841 91 1886 ab
119 1842 322 1886 omnibus
351 1842 556 1887 videntur
583 1843 816 1902 procedere
839 1843 894 1886 ad
914 1843 1152 1888 Ecclesiam
1168 1879 1179 1900 ,
1206 1844 1345 1888 redire
1368 1844 1424 1890 de

34 1912 226 1967 Ecclesia
245 1948 256 1968 ,
283 1913 433 1957 audire
455 1929 696 1958 sermonem
714 1949 725 1968 ,
763 1914 913 1958 audire
937 1914 1166 1959 lectionem
1185 1951 1196 1971 ,
1228 1916 1423 1964 invenire

33 1981 197 2036 librum
219 2018 230 2035 ,
255 1984 420 2043 aperire
443 1994 486 2028 et
498 1985 640 2043 legere
658 1985 825 2029 :omnia
841 1985 920 2029 ista
937 1985 1156 2042 videntur,
1171 2003 1272 2040 cum
1289 1989 1417 2042 fiunt.

35 2053 235 2107 Formica
256 2053 329 2098 illa
350 2064 413 2098 est
443 2065 671 2099 conterens
694 2056 790 2110 iter,
826 2065 1003 2115 portans
1023 2055 1078 2101 ‘et
1104 2058 1342 2105 recondens
1375 2061 1423 2105 in

35 2134 273 2183 conspectu
295 2126 582 2170 cernentium.
602 2127 733 2171 Venit
753 2128 906 2185 hyems
928 2128 1164 2189 aliquando
1178 2166 1189 2186 ,
1217 2132 1288 2176 cui
1305 2133 1423 2178 enim

33 2210 124 2247 non
143 2196 296 2240 venit?
319 2197 488 2240 Accidit
505 2196 736 2253 damnum,
760 2198 913 2242 accidit
935 2199 1096 2244 orbitas
1120 2220 1130 2246 :
1156 2203 1301 2247 caeteri
1332 2207 1417 2248 mi-

34 2274 232 2319 serantur
245 2264 365 2313 forte
378 2275 428 2310 ut
449 2267 654 2311 miserum
666 2303 676 2322 ,
697 2269 774 2329 qui
794 2285 884 2313 non
897 2279 1060 2314 norunt
1076 2271 1184 2331 quid
1202 2273 1319 2318 intus
1339 2275 1419 2319 ba-

34 2334 137 2379 beat
158 2333 337 2380 formica
352 2337 471 2397 quod
492 2338 713 2394 comedat,
739 2349 782 2383 et
799 2339 951 2384 dicunt
970 2360 978 2385 :
999 2342 1131 2386 Miser
1152 2342 1225 2387 ille
1247 2344 1318 2388 cui
1336 2345 1420 2390 hoc

37 2405 212 2461 accidit,
238 2415 313 2450 aut
334 2406 406 2451 ille
428 2408 498 2452 cui
512 2409 594 2453 hoc
609 2409 780 2465 accidit,
801 2410 909 2471 quid
930 2410 992 2455 illi
1007 2413 1145 2457 credis
1157 2414 1289 2459 animi
1306 2417 1421 2460 esse?

1 2486 7 2487 ’
36 2475 257 2535 quomodo
280 2477 505 2522 confectus
528 2481 621 2524 est?
638 2480 818 2525 Metitur
836 2497 887 2525 ex
908 2497 973 2538 se,
1000 2485 1262 2544 compatitur
1284 2501 1334 2529 ex
1353 2486 1433 2545 νὴ

36 2545 156 2591 ribus
173 2547 285 2606 suis3
310 2557 353 2592 et
373 2547 472 2593 ideo
496 2548 686 2608 fallitur,
715 2554 817 2612 quia
850 2568 1097 2599 mensuram
1125 2571 1211 2616 qua
1232 2571 1275 2599 se
1296 2556 1423 2600 meti-

86 2636 91 2649 ¹
114 2631 206 2660 Prov.
228 2641 272 2665 τι,
288 2630 321 2671 6,
342 2636 373 2656 ⁰*
396 2641 470 2664 11³2
491 2632 543 2663 25.
