1889 3285
399 221 481 259 176
807 225 842 254 s.
877 224 1108 255 Auousrmr
1141 229 1323 257 Episcom

395 293 529 339 nostis
554 292 680 336 illum
699 291 852 336 lavisse
876 306 1052 348 manus,
1081 301 1125 337 et
1145 293 1299 338 dixisse
1330 292 1451 354 quod
1478 294 1570 353 ipse
1592 308 1683 339 non
1713 294 1781 339 fe-

393 365 520 409 cisset
533 397 545 419 ‚
570 362 788 407 mundum
808 377 853 405 se
874 377 964 406 esse
985 378 1010 406 a
1030 372 1172 407 morte
1192 363 1309 408 illius
1330 366 1360 419 ¹,
1380 363 1486 409 fecit
1507 373 1670 409 tamen.
1697 364 1784 409 Sed

393 436 428 480 si
446 450 544 480 reus
565 434 668 495 quia
688 432 793 486 fecit
813 433 883 478 vel
901 434 1083 489 invitus,
1106 433 1168 478 illi
1188 434 1441 480 innocentes
1455 436 1531 496 qui
1548 439 1785 495 coegerunt

393 515 445 551 ut
464 505 660 551 faceret?
680 504 812 551 Nullo
825 503 973 549 modo.
1001 505 1087 550 Sed
1107 504 1180 550 ille
1201 505 1309 551 dixit
1325 506 1372 551 in
1390 522 1490 551 eum
1505 506 1781 562 sententiam,

395 587 440 623 et
452 577 581 638 jussit
601 592 701 621 eum
715 576 930 635 crucifigi,
956 585 1001 620 et
1024 577 1147 636 quasi
1171 577 1262 636 ipse
1285 577 1444 623 occidit
1458 599 1469 636 3
1485 587 1528 622 et
1543 593 1636 634 vos,
1653 594 1678 623 o
1701 581 1784 622 Ju-

395 649 495 704 daei,
511 646 741 693 occidistis.
779 646 905 691 Unde
938 646 1180 691 occidistis?
1208 646 1364 693 Gladio
1390 649 1552 707 linguae
1578 668 1587 693 ι
1612 647 1784 693 acuistis

395 719 512 764 enim
523 717 695 777 linguas
719 725 894 761 vestras.
912 718 970 760 Et
983 715 1161 776 quando
1178 718 1445 777 percussistis
1459 753 1470 773 ‚
1502 718 1583 763 nisi
1606 717 1785 779 quando

394 790 609 836 clamastis
631 808 640 834 :
665 807 686 831 «
710 787 949 846 Crucifige‚
973 787 1234 846 crucifige2?
1257 807 1278 830 »

454 863 508 904 V.
539 863 773 919 Propterea
796 857 912 901 enim
929 873 1019 902 non
1038 867 1101 902 est
1117 858 1541 917 praetermittendum
1556 895 1567 915 ,
1592 859 1696 920 quia
1715 874 1790 905 ve-

396 935 462 978 nit
484 932 531 976 in
551 940 743 976 mentem
760 965 770 985 ,
796 945 852 973 ne
870 927 984 974 forte
1002 929 1192 989 aliquem
1215 930 1442 989 perturbet
1462 930 1591 975 lectio
1614 930 1788 975 divino-

396 1019 495 1048 rum
518 1003 748 1047 Librorum
774 1020 782 1045 :
804 999 993 1054 Quidam
1018 999 1290 1058 Evangelista
1307 1000 1411 1046 dicit
1435 1001 1542 1045 hora
1555 1010 1672 1045 sexta
1685 1017 1788 1046 cru-

393 1073 863 1127 cifixun1Dominum³‚
883 1081 927 1116 et
948 1072 1127 1132 quidam
1142 1072 1247 1116 hora
1272 1072 1413 1116 tertia4
1441 1092 1449 1116 :
1469 1073 1549 1116 nisi
1569 1072 1790 1131 intelliga-
1854 1090 1856 1130 g

395 1164 520 1204 mus,
560 1145 882 1207 perturbamur.
911 1147 968 1187 Et
987 1145 1077 1204 jam
1109 1143 1344 1203 incipiente
1372 1153 1491 1188 sexta
1510 1145 1616 1188 hora
1630 1143 1790 1188 dicitur

396 1218 558 1262 Pilatus
576 1217 733 1261 sedisse
753 1231 832 1275 pro
855 1213 1064 1259 tribunali
1087 1233 1095 1258 :
1117 1223 1160 1258 et
1179 1229 1327 1258 revera
1341 1214 1519 1275 quando
1533 1214 1700 1259 levatus
1728 1223 1791 1258 est

397 1286 608 1332 Dominus
638 1287 684 1329 in
707 1285 827 1344 ligno
844 1320 854 1340 ,
871 1286 979 1329 hora
1001 1293 1117 1328 sexta
1140 1293 1246 1328 erat.
1275 1283 1359 1329 Sed
1387 1284 1494 1329 alius
1516 1284 1791 1343 Evangelista

396 1359 570 1402 intuens
602 1356 793 1400 animum
833 1355 1112 1409 Judaeorum,
1151 1355 1253 1412 quia
1272 1353 1480 1396 volebant
1508 1367 1552 1395 se
1575 1355 1790 1397 immunes

397 1427 534 1472 videri
556 1442 579 1470 a
602 1433 740 1469 morte
762 1426 936 1467 Domini
953 1455 963 1475 ,
989 1418 1206 1464 narrando
1219 1436 1289 1464 eos
1308 1420 1497 1465 ostendit
1511 1437 1626 1478 reos,
1643 1422 1791 1467 dicens

398 1498 635 1542 Dominum
663 1496 769 1538 hora
812 1491 938 1534 'tertia
972 1491 1242 1534 crucifixum.
1278 1491 1611 1537 Considerantes
1644 1501 1791 1537 autem

401 1584 575 1615 omnem
605 1561 975 1607 circumstantiam
997 1559 1220 1615 lectionis,
1252 1570 1415 1620 quanta
1442 1563 1511 1620 agi
1536 1563 1759 1622 potuerint
1777 1598 1788 1618 ‚

399 1653 500 1684 cum
522 1635 640 1696 apud
654 1633 841 1678 Pilatum
857 1631 1065 1676 Dominus
1081 1641 1368 1686 accusaretur,
1387 1642 1436 1676 ut
1444 1633 1783 1692 crucifigeretur3

400 1708 645 1754 invenimus
660 1705 813 1749 horam
836 1702 1007 1746 tertiam
1022 1717 1110 1745 esse
1132 1702 1338 1761 potuisse,
1354 1702 1531 1762 quando
1553 1703 1614 1747 illi
1627 1704 1787 1748 clama-

399 1787 560 1825 verunt
581 1797 589 1821 :
619 1796 639 1818 α
659 1774 896 1833 Crucifige‚
921 1773 1142 1831 crucifige.
1166 1791 1185 1813 >›
1212 1775 1328 1831 Ergo
1344 1773 1485 1816 verius
1506 1771 1570 1816 illi
1588 1782 1694 1818 tunc
1710 1790 1789 1820 oc-

400 1850 617 1904 ciderunt,
638 1845 816 1908 quando
833 1845 1144 1889 clamaverunt.
1157 1843 1433 1903 Apparitores
1445 1846 1668 1904 potestatis
1680 1846 1789 1890 hora

400 1931 518 1967 sexta
527 1918 834 1964 crucifixerunt
851 1936 860 1971 3
877 1914 1224 1974 praevaricatores
1242 1912 1349 1973 legis
1366 1915 1472 1959 hora
1486 1915 1613 1959 tertia
1625 1915 1787 1961 clama-

401 2000 560 2038 verunt
581 2010 589 2034 :
616 1986 735 2049 quod
747 1985 811 2030 illi
824 1985 1025 2029 manibus
1038 1985 1142 2028 hora
1162 1994 1302 2037 sexta,
1329 1986 1412 2028 hoc
1433 1985 1496 2028 illi
1516 1986 1664 2043 lingua
1680 1987 1789 2031 hora

402 2061 543 2107 tertia.
564 2059 645 2104 Rei
661 2056 795 2115 magis
817 2055 887 2100 isti
914 2055 991 2115 qui
1015 2053 1243 2098 clamando
1267 2053 1503 2098 saeviebant
1519 2089 1529 2109 ,
1561 2071 1693 2115 quam
1724 2055 1788 2100 illi

401 2133 477 2194 qui
497 2127 840 2189 obtemperando
867 2125 1243 2171 administrabant.
1271 2127 1420 2184 Ipsum
1439 2135 1501 2170 est
1524 2135 1666 2171 totum
1685 2143 1788 2172 acu-

400 2219 504 2249 men
526 2198 912 2254 Judae01·um‚hoe
939 2205 1002 2240 est
1034 2194 1155 2255 quod
1182 2210 1261 2254 pro
1293 2209 1451 2253 magno
1479 2197 1745 2257 quaesierunt
1775 2218 1784 2243 ε

401 2271 684 2325 Occidamus,
723 2278 766 2313 et
792 2283 882 2313 non
917 2264 1163 2311 occidamus
1191 2283 1198 2308 ε
1225 2264 1284 2308 sic
1306 2264 1578 2322 occidamus,
1616 2276 1667 2311 ut
1698 2283 1788 2313 non

402 2344 484 2404 ipsi
505 2341 707 2387 occidisse
728 2339 993 2401 judicemur.
1024 2356 1044 2379 «
1068 2339 1346 2381 Exacuerunt
1367 2345 1575 2398 tanquam
1595 2337 1787 2397 gladium

404 2433 426 2457 »
460 2414 629 2471 linguas
650 2426 760 2455 suas.
785 2429 804 2452 »

452 2519 461 2534 ¹
482 2510 596 2544 Matth.
624 2519 734 2551 xxvii,
764 2506 818 2550 24.
840 2523 881 2531 -
901 2513 912 2530 ²
932 2508 1010 2540 Luc.
1030 2517 1122 2549 xxm,
1140 2514 1194 2540 21.
1211 2521 1253 2529 -
1269 2502 1283 2529 ³
1300 2506 1392 2538 Joan.
1418 2516 1491 2547 xix,
1514 2504 1564 2548 14.
1588 2522 1631 2530 —-
1650 2504 1667 2536 4
1686 2508 1785 2545 Marc.

403 2580 443 2601 xv
459 2593 468 2610 ,
483 2567 537 2600 25.
