1889 3285
425 229 666 258 ENARRA'mo
698 233 742 259 IN
775 231 977 259 PsALMUM
1009 232 1127 258 LXIX.
1354 219 1438 256 355

18 295 19 326 3
67 315 86 336 »
120 292 313 349 faciunt,
342 314 360 336 »
386 309 569 352 agnosce
586 303 628 337 et
644 310 794 338 vocem
808 311 972 349 meam,
996 303 1047 338 ut
1063 295 1116 338 sit
1138 302 1181 337 et
1194 302 1284 337 tua.
1324 291 1443 346 Quid

17 424 19 426 -
62 364 178 409 6111111
199 363 286 408 dixi
307 364 360 408 (16
373 364 555 408 inimicis
575 365 708 408 meis?
726 384 742 405 «
766 364 1124 420 Confundantur,
1148 374 1191 409 et
1213 378 1442 408 reverean-

67 455 84 476 »
118 443 204 478 tur.
231 455 249 476 »
274 437 367 478 Jam
384 433 496 478 facta
514 443 576 478 est
596 434 688 479 talis
701 435 891 480 vindicta
907 435 961 479 de
977 435 1162 479 inimicis
1179 437 1439 493 Martyrum.

15 502 17 555 ᾗ
62 504 217 558 Saulus
237 503 325 559 ille,
341 504 417 564 qui
441 505 708 564 Stephanum
719 515 968 565 persecutus
979 514 1063 560 est,
1088 504 1294 548 confusus
1315 512 1379 547 est
1399 511 1444 546 et

14 621 17 627 ,
61 574 284 619 reveritus,
307 573 554 619 Anhelabat
574 574 713 619 caedes
727 610 737 630 ,
764 576 988 635 quaerebat
1013 590 1121 635 quos
1143 575 1378 618 attraheret
1399 581 1444 616 et

15 698 17 703 ,
61 653 234 689 necaret
261 663 270 689 :
297 644 444 688 audita
466 643 650 704 desuper
666 660 795 690 voce:
824 644 1019 705 «Saule,
1051 643 1204 699 Saule,
1232 642 1338 703 quid
1370 657 1440 686 me

15 726 17 778 ξ
64 732 85 756 »
120 714 418 775 persequeris?
457 735 475 756 »
510 713 715 759 confusus
738 723 780 758 et
809 723 1047 774 prostratus
1077 723 1162 769 est,
1195 725 1239 757 et
1276 721 1442 756 erectus

62 784 118 828 ad
135 783 445 839 obediendum,
461 785 538 844 qui
556 785 849 829 inflammatus
870 794 961 829 erat
981 784 1035 828 ad
1052 782 1439 846 persequendum1.

62 857 156 900 Hoc
176 870 276 913 ergo
294 864 447 914 optant
466 859 679 914 Martyres
696 856 878 900 inimicis
899 856 1005 900 suis:
1031 875 1050 897 «
1075 848 1438 908 Confundantur,

13 918 16 926 '
66 946 83 966 »
118 935 162 970 et
186 935 478 971 revereantur.
502 945 521 967 »
549 927 753 980 Quandiu
780 928 896 970 enim
923 942 1014 971 non
1043 924 1376 972 confunduntur
1399 931 1444 967 et

60 1006 334 1052 reverentur,
354 1012 527 1041 necesse
555 1006 618 1041 est
639 996 752 1041 faeta
773 1013 848 1040 sua
871 995 1112 1041 defendant
1135 1016 1145 1041 :
1167 995 1338 1055 gloriosi
1360 993 1444 1038 sibi

59 1065 281 1122 videntur,
311 1068 414 1128 quia
437 1077 607 1123 tenent,
635 1068 736 1128 quia
757 1068 893 1126 ligant
909 1103 920 1123 ,
941 1068 1042 1127 quia
1058 1067 1290 1112 verberant
1307 1101 1318 1120 ,
1338 1065 1443 1125 quia

59 1138 290 1195 occidunt,
316 1140 418 1199 quia
438 1140 618 1194 saltant,
655 1140 756 1199 quia
786 1138 998 1183 insultant
1025 1158 1032 1182 :
1057 1137 1111 1182 de
1142 1137 1208 1181 his
1240 1136 1442 1181 omnibus

8 1218 9 1221 ’
57 1207 181 1252 factis
214 1209 447 1270 aliquando
481 1208 809 1254 confundantur
837 1218 880 1253 et
915 1217 1208 1253 revereantur.
1245 1207 1287 1251 Si
1327 1205 1445 1250 enim

8 1283 11 1338 J
58 1279 408 1336 confundentur,
434 1290 477 1324 et
508 1290 816 1325 convertentur
841 1301 850 1324 ;
881 1281 984 1340 quia
1013 1279 1207 1324 converti
1227 1294 1318 1323 non
1340 1292 1444 1337 pos—

58 1361 183 1406 sunt,
209 1351 290 1395 nisi
318 1351 487 1396 confusi
510 1350 673 1395 fuerint
695 1361 738 1395 et
767 1351 953 1396 reveriti.
986 1352 1197 1410 Optemus
1225 1365 1327 1408 ergo
1349 1349 1444 1393 haec

7 1415 13 1438 '³
57 1422 240 1466 inimicis
262 1423 442 1480 nostris,
466 1423 604 1467 securi
625 1432 839 1482 optemus.
863 1426 976 1467 Ecce
998 1437 1076 1480 ego
1098 1422 1206 1478 dixi,
1232 1431 1275 1466 et
1296 1421 1444 1467 vobis-

57 1508 156 1536 cum
179 1492 359 1536 dixerim
381 1510 395 1537 :>
416 1508 565 1536 omnes
587 1493 664 1553 qui
686 1491 829 1536 adhuc
851 1492 1011 1536 saltant
1038 1501 1082 1536 et
1102 1502 1281 1536 cantant
1300 1501 1344 1536 et
1371 1492 1444 1536 in-

7 1570 11 1577 “
55 1562 219 1606 sultant
248 1563 537 1620 Martyribus‚
572 1582 592 1604 «
617 1561 956 1607 confundantur
974 1597 984 1617 ,
1009 1572 1054 1606 et
1079 1571 1358 1606 revereantur
1385 1581 1394 1606 2
1416 1580 1438 1603 »

8 1641 13 1645 ·
56 1631 292 1693 aliquando
308 1633 353 1676 in
375 1633 443 1676 his
463 1633 700 1692 parietibus
731 1632 921 1676 tundant
953 1632 1123 1676 confusi
1144 1641 1320 1692 pectora
1342 1647 1433 1676 sua.

5 1694 12 1757 J
112 1705 188 1747 IV.
211 1722 227 1743 α
247 1706 509 1747 Avertantur
526 1712 759 1747 retrorsum
773 1738 783 1757 ‚
802 1712 844 1746 et
862 1703 1140 1757 erubescant,
1159 1703 1235 1762 qui
1248 1702 1442 1761 cogitant

6 1763 12 1790 ³
59 1792 77 1814 n
111 1773 219 1816 mihi
240 1773 353 1817 mala
365 1777 398 1816 2.
416 1791 436 1814 >›
455 1773 600 1817 Primo
616 1772 701 1816 fuit
716 1774 902 1832 impetus
915 1773 1438 1833 persequentium3modo

6 1839 11 1901 f
54 1843 259 1890 remansit
274 1842 579 1887 malevolentia
601 1843 901 1902 cogitantium.
926 1846 1103 1887 Prorsus
1118 1852 1315 1903 tempora
1336 1852 1441 1888 sunt

4 1906 11 1934 '³
52 1915 100 1958 in
134 1914 325 1959 Ecclesia
346 1914 666 1974 ,persecutionis
686 1914 886 1958 distincta
912 1915 1152 1974 sequentia.
1185 1918 1343 1959 Factus
1375 1924 1440 1960 est

6 2012 11 2047 3
53 1984 238 2044 impetus
254 1985 301 2028 in
320 1985 558 2029 Ecclesiam
573 2020 584 2040 ,
607 1984 784 2045 quando
813 2000 933 2043 reges
954 1984 1328 2044 persequebantur
1359 2005 1367 2030 :
1393 1995 1438 2030 et

53 2054 156 2114 quia
172 2054 367 2114 praedicti
389 2064 512 2099 erant
533 2071 654 2114 reges
666 2065 710 2099 et
730 2055 998 2114 persecuturi
1025 2064 1069 2099 et
1095 2055 1324 2109 credituri,
1348 2056 1434 2100 im—

5 2119 10 2157 ⁵=
51 2124 172 2184 pleto
187 2141 293 2180 uno,
308 2126 459 2186 utique
480 2125 667 2169 alterum
681 2126 957 2185 sequebatur.
976 2128 1162 2169 Factum
1184 2134 1248 2169 est
1263 2134 1307 2169 et
1324 2125 1436 2170 illud

7 2219 11 2242 τ
53 2195 174 2254 quod
207 2211 475 2256 consequens
505 2195 615 2253 fuit3
649 2195 928 2240 crediderunt
961 2210 1100 2253 reges,
1139 2196 1240 2241 data
1267 2212 1350 2256 pax
1371 2205 1436 2242 est

5 2323 9 2330 Ι
53 2266 278 2321 Ecclesiae,
302 2267 435 2325 coepit
452 2281 541 2310 esse
562 2267 605 2309 in
629 2267 818 2310 culmine
837 2266 1058 2325 dignitatis
1078 2266 1285 2321 Ecclesia,
1305 2267 1435 2311 etiam

6 2335 8 2364 :
53 2337 100 2381 in
121 2338 202 2381 hac
219 2347 353 2391 terra,
379 2336 508 2381 etiam
530 2338 576 2381 in
606 2338 686 2382 hac
703 2338 789 2382 vita
821 2357 829 2382 :
865 2337 940 2381 sed
976 2354 1065 2381 non
1086 2339 1206 2382 deest
1236 2337 1433 2382 fremitus

4 2407 8 2438 1
54 2417 402 2467 persecutorum,
439 2408 625 2467 impetus
658 2424 757 2452 suos
792 2408 846 2452 ad
877 2407 1158 2466 cogitationes
1186 2417 1427 2452 verterunt.

3 2466 8 2479 ι
57 2481 108 2522 111
135 2477 218 2522 illis
248 2478 580 2536 cogitationibus
598 2487 802 2538 tanquam
824 2478 869 2521 in
891 2478 1047 2536 abysso
1072 2477 1227 2536 ligatus
1242 2486 1306 2522 est
1335 2477 1431 2521 dia-

103 2569 112 2585 ¹
135 2562 212 2596 Act.
234 2573 295 2604 vn,
310 2561 367 2604 57,
386 2567 420 2595 et
435 2573 480 2603 ix,
504 2562 574 2595 1-6.
599 2579 635 2585 —-
655 2569 668 2585 ²
691 2562 771 2594 Psal.
794 2573 878 2601 txix,
897 2561 928 2603 4.

1227 2615 1294 2654 23,
