1889 3285
382 261 467 301 294
804 275 838 305 s.
874 277 956 306 Auo
963 280 1103 307 us'rim
1136 280 1316 306 EPISCOPI

385 356 405 378 »
442 338 533 381 sinc
561 354 670 399 aqua
695 341 814 385 tihi1.
843 361 862 383 n
896 342 1013 386 {llud
1034 359 1211 403 quoque
1231 359 1320 386 non
1343 342 1529 386 absurde
1550 342 1758 400 iutelligi-

385 418 472 463 tur,
499 411 619 469 quod
648 412 811 455 habent
835 413 905 456 alii
930 414 1099 457 codices
1130 434 1138 458 ε
1167 433 1185 454 «
1213 417 1277 457 Ex
1298 416 1435 458 Basan
1465 422 1706 456 convertar.
1734 431 1755 454 »

382 480 662 524 Convertitur
684 484 798 525 enim
821 483 875 527 ad
899 500 976 528 nos
1003 485 1131 527 etiam
1153 484 1243 544 ipse
1263 485 1340 544 qui
1364 484 1469 527 dicit
1491 502 1499 528 ε
1527 502 1546 524 «
1565 485 1761 528 Conver—

385 567 406 591 >›
442 550 580 594 timini
602 551 658 595 ad
687 567 777 607 me,
809 562 851 597 et
873 569 953 612 ego
987 563 1214 598 convertar
1246 554 1300 598 ad
1326 558 1456 598 vos²z
1480 572 1499 595 »
1527 562 1570 597 et
1591 569 1702 608 non,
1727 554 1761 597 si

380 629 500 665 extra
523 621 823 667 confusionem
838 659 849 678 ,
879 639 978 667 cum
1001 634 1228 683 peccatum
1256 632 1453 668 nostrum
1474 632 1575 667 ante
1596 638 1674 667 nos
1699 631 1764 667 est

380 694 600 751 semper33
632 703 675 737 et
705 704 823 738 extra
845 694 1101 749 siccitatem,
1126 710 1213 755 qua
1240 696 1332 754 ejus
1359 693 1651 738 desideramus
1678 693 1763 737 im-

380 760 520 817 brem,
535 763 612 822 qui
626 763 815 821 pluviam
831 764 1118 809 voluntariam
1139 764 1377 823 segregavit
1392 763 1634 808 haereditati
1656 779 1760 808 suae.

381 833 491 876 Nam
513 833 701 877 siccitate
730 835 947 879 infirmata
969 843 1053 889 est,
1077 835 1169 894 ipse
1189 850 1292 879 vero
1323 850 1555 879 conversus
1584 832 1766 893 perfecit

380 917 500 957 cam,
534 904 606 946 cui
638 903 828 949 dicitur:
853 924 873 947 «
898 908 956 949 Et
986 920 1218 949 conversus
1253 905 1478 949 vivificasti
1507 919 1577 948 me
1590 905 1621 948 ⁴.
1652 904 1766 948 Dixit

384 988 405 1012 >›
441 987 541 1030 ergo
563 974 789 1019 Dominus:
806 977 871 1018 Ex
887 977 1023 1019 Basan
1041 983 1289 1019 convertam
1301 1009 1312 1029 ‚
1329 983 1579 1018 convertam
1599 974 1644 1017 in
1665 989 1767 1034 pro-

385 1059 407 1084 »
444 1041 633 1086 fundum
664 1046 805 1089 maris.
833 1064 852 1086 »
883 1045 926 1089 Si
965 1065 985 1087 «
1010 1047 1297 1099 Convertam,
1324 1061 1345 1085 »
1382 1059 1516 1104 quare
1543 1062 1562 1084 «
1586 1045 1638 1086 In
1660 1059 1764 1102 pro-

384 1130 406 1154 »
441 1113 631 1158 fundum
648 1117 802 1159 maris?
815 1136 833 1155 »
848 1120 898 1160 In
912 1132 955 1160 se
972 1117 1114 1175 ipsum
1129 1117 1290 1176 quippe
1304 1115 1518 1159 convertit
1539 1115 1763 1169 Dominus,

383 1198 485 1227 cum
507 1183 737 1228 salubriter
758 1186 994 1239 convertit,
1027 1195 1069 1228 et
1090 1201 1180 1228 non
1207 1194 1270 1228 est
1299 1185 1452 1244 utique
1472 1186 1563 1245 ipse
1583 1182 1768 1243 profun-

385 1254 495 1298 dum
512 1255 654 1299 maris.
686 1258 749 1299 An
774 1255 886 1299 fallit
908 1255 1019 1300 forte
1040 1256 1173 1300 latina
1193 1255 1357 1300 locutio
1375 1291 1385 1308 ,
1412 1264 1454 1299 et
1475 1271 1554 1314 pro
1578 1270 1628 1299 eo
1650 1256 1768 1314 posi-

384 1333 481 1369 tum
503 1334 567 1368 est
591 1345 612 1368 «
634 1329 685 1369 In
700 1325 987 1385 profundum,
1007 1344 1027 1367 η
1046 1325 1167 1386 quod
1189 1334 1253 1370 est
1274 1325 1518 1385 profunde?
1537 1328 1636 1370 Non
1653 1325 1769 1369 enim

383 1393 458 1438 ille
484 1410 529 1438 se
561 1396 803 1440 convertit:
829 1395 904 1439 sed
938 1396 998 1438 ibi
1031 1396 1245 1440 convertit
1271 1411 1342 1439 eos
1374 1395 1451 1455 qui
1479 1396 1521 1438 in
1548 1393 1770 1454 profundo

382 1467 514 1525 hujus
546 1466 691 1510 saeculi
725 1469 873 1526 jacent
906 1466 1091 1510 demersi
1125 1466 1318 1525 pondere
1346 1476 1654 1525 peccatorum,
1695 1465 1770 1509 ubi

383 1552 616 1582 conversus
638 1536 710 1580 ille
739 1536 844 1580 dicit
866 1556 875 1582 ι
901 1556 920 1579 «
946 1540 1007 1581 De
1030 1536 1259 1597 profundis
1280 1537 1463 1582 clamavi
1497 1536 1553 1581 ad
1584 1546 1652 1593 te,
1685 1540 1773 1594 Do-

385 1625 406 1649 »
442 1608 603 1652 mine⁵.
623 1625 643 1647 >›
671 1608 713 1652 Si
729 1617 976 1652 autemnon
994 1617 1058 1652 est
1082 1628 1102 1650 «
1127 1610 1388 1652 Convertam
1405 1640 1415 1659 ,
1443 1625 1464 1645 ³>
1490 1607 1586 1660 sed,·
1617 1626 1637 1647 «
1655 1609 1773 1651 Con-

387 1697 408 1720 »
443 1687 586 1722 vertar
615 1679 661 1721 in
688 1676 958 1737 profundum
986 1678 1140 1733 mari33
1168 1694 1188 1716 »
1219 1676 1303 1719 hoc
1332 1674 1590 1735 intelligitur
1610 1675 1772 1731 >dixisse

305 1776 323 1793 .·
382 1749 619 1794 Dominum
641 1757 839 1792 nostrum
855 1781 866 1800 ,
890 1745 1010 1805 quod
1034 1761 1110 1790 sua
1132 1743 1425 1789 misericordia
1448 1754 1772 1790 converteretur

383 1820 514 1864 etiam
535 1819 581 1861 in
605 1816 879 1877 profundum
909 1817 1037 1860 maris
1055 1851 1066 1870 ,
1102 1815 1157 1860 ad
1188 1831 1259 1860 eos
1291 1831 1468 1876 quoque
1495 1815 1768 1872 liberandos,

382 1889 459 1950 qui
481 1898 623 1932 essent
644 1887 775 1931 etiam
799 1886 1129 1946 desperatissimi
1150 1894 1412 1945 peccatores.
1446 1888 1706 1946 Quanquam
1727 1887 1773 1930 in

383 1961 530 2020 aliquo
564 1974 704 2017 graeco
738 1957 1004 2012 invenerim,
1041 1972 1129 2000 non
1155 1975 1174 1998 «
1200 1959 1252 1999 In
1287 1954 1585 2015 profundum,
1614 1974 1634 1996 »
1667 1955 1769 2011 scd,

388 2051 408 2073 «
442 2034 495 2075 In
511 2028 763 2090 profundis,
785 2048 804 2070 »
830 2029 914 2073 hoc
935 2037 998 2073 est
1014 2064 1024 2083 ,
1051 2038 1079 2069 ε’,
1098 2036 1220 2076 βυθιῖςε
1247 2027 1367 2087 quod
1391 2027 1576 2085 priorem
1598 2042 1770 2071 sensum

382 2103 634 2155 confirmat,
668 2099 787 2160 quod
813 2100 941 2143 etiam
971 2099 1032 2142 ibi
1056 2102 1168 2142 Deus
1201 2106 1426 2144 convertat
1448 2097 1503 2141 ad
1525 2112 1565 2141 se
1593 2097 1648 2141 de
1670 2113 1773 2157 pro-

382 2171 529 2218 fundis
553 2171 801 2215 clamantes.
836 2170 920 2223 Qui
952 2179 994 2214 et
1017 2171 1050 2213 si
1072 2168 1342 2228 intelligatur
1369 2168 1430 2211 ibi
1462 2168 1553 2226 ipse
1576 2168 1772 2212 converti

384 2243 439 2289 ad
462 2242 707 2286 liberandos
725 2241 854 2285 etiam
876 2240 977 2285 tales
991 2276 1001 2295 ,
1026 2256 1115 2285 non
1135 2250 1196 2284 est
1218 2240 1505 2297 incongruum
1524 2257 1532 2283 ε
1555 2247 1597 2282 et
1618 2239 1678 2282 ita
1700 2254 1771 2283 eos

385 2313 614 2367 convertit,
628 2312 694 2357 vel
720 2313 772 2356 ad
787 2328 857 2356 eos
875 2312 1123 2356 liberandos
1144 2311 1203 2355 ita
1227 2310 1509 2364 convertitur,
1527 2318 1577 2353 ut
1595 2309 1772 2368 tingua-

383 2395 456 2429 tur
478 2399 553 2444 pes
575 2384 665 2442 ejus
688 2383 733 2425 in
757 2383 980 2441 sanguine.
1017 2380 1143 2435 Quod
1166 2381 1218 2425 ad
1242 2382 1383 2440 ipsum
1407 2380 1641 2425 Dominum
1665 2383 1772 2424 Pro-

380 2456 513 2515 pheta
535 2453 640 2497 dicit
659 2472 667 2497 2
685 2454 773 2497 «Ut
794 2453 1019 2511 tinguatur
1036 2467 1111 2511 pes
1129 2461 1230 2495 tuus
1251 2451 1297 2494 in
1314 2450 1522 2509 sanguine
1537 2451 1552 2476 ⁶
1568 2469 1576 2494 :
1591 2448 1669 2493 »id
1687 2459 1765 2505 est,

429 2556 438 2572 ¹
459 2549 540 2581 Psal.
559 2559 650 2588 exui,
668 2551 700 2581 6.
729 2564 771 2570 —
799 2554 812 2570 ²
831 2547 968 2589 Zach.1,
1000 2547 1030 2579 3.
1057 2563 1100 2570 -
1122 2545 1136 2571 3
1154 2546 1233 2579 Psal.
1255 2557 1285 2588 L,
1311 2546 1344 2579 5.
1359 2563 1402 2569 —
1428 2544 1445 2570 A
1474 2545 1521 2578 Id.
1543 2555 1617 2586 Lxx,
1641 2552 1696 2577 20.
1724 2560 1766 2568 —-

384 2598 457 2639 ⁵1d.
477 2615 586 2646 cxxix,
610 2615 637 2636 ι.
659 2620 700 2627 -
719 2601 734 2626 6
753 2603 799 2635 Id.
821 2613 919 2644 vau,
940 2603 994 2644 24.

1883 466 1889 508 l
