1889 3285
428 285 481 322 12
857 290 890 319 s.
926 289 1157 320 Atovs'nm
1189 291 1371 319 EPISCOPI

423 358 531 420 quid
560 358 722 401 diceret
750 377 757 402 ;
789 376 809 398 t<
836 360 928 401 Hoc
951 365 1095 400 autem
1113 392 1124 411 ,
1159 355 1322 416 inquit,
1355 354 1529 399 dicebat
1561 352 1616 397 de
1645 352 1809 413 templo

427 447 447 471 »
482 429 670 488 corporis
708 428 818 472 sui1.
848 447 867 468 »
903 426 1036 471 Modo
1070 442 1172 485 ergo
1203 442 1253 469 ex
1275 440 1454 485 persona
1477 424 1720 483 precantis,
1756 439 1810 467 ex
1868 435 1883 480 f

423 515 604 559 persona
624 498 827 552 hominis,
849 513 901 541 ex
923 513 1105 557 persona
1127 497 1265 541 carnis
1283 496 1412 540 dicit:
1430 495 1575 540 «Misit
1597 494 1652 538 de
1675 493 1806 550 coelo,
1880 498 1883 506 ¹

426 588 446 611 >›
483 579 525 614 et
543 569 711 614 salvum
735 568 837 612 fecit
859 584 943 612 me.
973 586 992 609 »

497 642 573 683 lx.
616 658 634 681 «
661 639 788 682 Dedit
816 639 861 681 in
895 637 1180 697 opprobrium
1208 636 1512 681 conculcantes
1545 651 1630 679 me.
1670 654 1690 676 n
1728 636 1810 689 Qui

423 710 546 754 illum
569 708 949 763 conculcaverunt,
972 709 1047 768 qui
1065 717 1238 752 mortuo
1259 707 1594 761 insultaverunt,
1613 706 1689 767 qui
1712 716 1810 750 tan-

424 796 555 841 quam
577 780 796 823 hominem
830 778 1136 822 crucifixerunt
1153 814 1163 833 ,
1196 779 1296 838 quia
1319 782 1458 822 Deum
1479 793 1568 821 non
1585 776 1810 821 intellexe-

423 859 553 904 runt,
576 849 696 892 dedit
719 864 788 892 eos
812 849 856 891 in
879 849 1178 908 opprobrium.
1200 848 1353 892 Videte
1374 848 1408 891 si
1431 864 1520 891 non
1542 856 1604 891 est
1625 846 1805 891 factum.
1864 849 1866 854 '

422 924 519 966 Non
538 921 736 964 futurum
760 919 995 975 credimus,
1027 919 1101 964 sed
1119 919 1385 979 completum
1409 920 1695 978 agnoscimus.
1721 921 1811 963 Sae-

422 992 595 1036 vierunt
626 990 766 1035 Judaei
793 989 838 1033 in
861 991 1107 1045 Christum,
1144 990 1448 1050 superbierunt
1482 990 1526 1032 in
1548 989 1770 1034 Christum
1797 1008 1806 1034 :

422 1062 500 1105 uhi
513 1063 529 1102 ⁸?
562 1064 613 1104 In
635 1061 805 1105 civitate
837 1060 1090 1104 Jerusalem.
1117 1060 1200 1104 Ubi
1223 1060 1337 1103 enim
1363 1059 1626 1118 regnabant,
1651 1058 1713 1102 ibi
1736 1068 1809 1102 tu-

423 1132 629 1186 mebant,
664 1131 725 1174 ihi
762 1131 947 1175 cervices
976 1140 1218 1174 erexerunt.
1248 1134 1348 1174 Post
1370 1131 1612 1189 passionem
1636 1129 1810 1174 Domini

423 1203 627 1248 eradicati
650 1204 751 1247 inde
768 1213 892 1261 sunt,
911 1213 953 1247 et
971 1202 1256 1262 perdiderunt
1273 1219 1472 1261 regnum,
1491 1203 1536 1246 in
1554 1218 1642 1262 quo
1666 1217 1811 1260 regem

423 1275 642 1318 Christum
668 1290 897 1332 agnoscere
915 1273 1166 1318 noluerunt.
1193 1272 1574 1326 Quemadmodum
1599 1273 1687 1316 dati
1709 1281 1811 1316 sunt

423 1345 467 1388 in
491 1345 795 1404 opprobrium,
826 1345 968 1389 videte
996 1365 1003 1389 :
1031 1344 1208 1404 dispersi
1237 1336 1339 1388 sunt
1362 1360 1438 1404 per
1458 1360 1607 1389 omnes
1631 1353 1779 1403 gentes
1795 1379 1806 1399 ,

423 1431 636 1475 nusquam
659 1415 867 1459 habentes
886 1415 1165 1460 stabilitatem
1180 1451 1190 1471 ,
1218 1431 1433 1476 nusquam
1462 1424 1622 1459 certam
1645 1414 1806 1459 sedem.

424 1489 655 1545 Propterea
679 1495 823 1529 autem
847 1486 989 1530 adhuc
1007 1489 1031 1529 J
1036 1485 1149 1529 udaei
1167 1495 1283 1539 sunt,
1297 1495 1348 1529 ut
1366 1486 1516 1529 Libros
1530 1494 1698 1529 nostros
1711 1501 1812 1544 por-

423 1566 518 1601 tent
539 1557 593 1600 ad
618 1557 916 1601 confusionem
939 1572 1075 1600 suam.
1103 1555 1288 1609 Quando
1307 1557 1423 1599 euim
1443 1556 1646 1601 volumus
1669 1565 1812 1600 osten-

424 1628 525 1671 dere
569 1628 878 1686 prophetatum
913 1628 1159 1680 Christum,
1203 1625 1462 1685 proferimus
1497 1627 1678 1685 Paganis
1710 1627 1810 1670 istas

424 1697 620 1740 Litteras.
657 1700 712 1741 Et
740 1712 794 1740 ne
828 1697 939 1740 forte
957 1696 1103 1741 dicant
1121 1697 1220 1739 duri
1243 1696 1299 1739 ad
1333 1695 1463 1739 fidem
1487 1696 1589 1756 quia
1616 1712 1693 1740 nos
1715 1695 1810 1740 illas

424 1767 655 1811 Christiani
677 1767 1018 1826 composuimus,
1059 1775 1108 1809 ut
1130 1781 1228 1810 cum
1253 1765 1488 1823 Evangelio
1511 1766 1632 1826 quod
1655 1764 1810 1825 praedi-

424 1853 570 1881 camus
593 1838 839 1882 finxerimus
863 1839 1118 1897 Prophetas,
1146 1853 1221 1896 per
1239 1853 1347 1897 quos
1365 1836 1624 1896 praedictum
1641 1837 1809 1881 videre·

423 1917 495 1951 tur
517 1907 637 1968 quod
652 1907 960 1966 praedicamus,
985 1908 1086 1952 hinc
1103 1923 1172 1951 eos
1196 1908 1511 1963 convincimus,
1537 1908 1639 1968 quia
1660 1924 1808 1952 omnes

423 1978 709 2036 ipsaeLitterae
725 1978 882 2038 quibus
893 1979 1089 2022 Christus
1104 1979 1388 2037 prophetatus
1403 1989 1481 2033 est,
1497 1978 1614 2038 apud
1632 1981 1655 2022 J
1663 1978 1808 2023 udaeos

423 2057 539 2101 sunt,
563 2063 709 2091 omnes
726 2049 837 2106 ipsas
856 2049 1037 2092 Litteras
1061 2048 1225 2091 habent
1247 2048 1403 2091 Judaei.
1432 2047 1697 2092 Proferimus
1719 2050 1807 2093 Co-
1847 2096 1851 2109 ί

424 2117 538 2162 dices
557 2118 610 2161 ab
635 2118 831 2172 inimicis,
858 2127 906 2162 ut
927 2117 1246 2162 confundamus
1265 2118 1369 2162 alios
1390 2119 1600 2163 inimicos.
1618 2123 1670 2164 In
1689 2120 1808 2180 quali

424 2203 525 2246 ergo
548 2189 778 2246 opprobrio
797 2198 899 2232 sunt
912 2191 934 2231 J
941 2188 1053 2231 udaei
1065 2189 1082 2229 ’ἲ
1096 2187 1299 2233 Codicem
1318 2199 1459 2248 portat
1477 2193 1500 2234 J
1505 2189 1671 2245 udaeus,
1687 2190 1808 2235 unde

424 2257 571 2302 credat
593 2258 876 2302 Christianus.
917 2258 1101 2301 Librarii
1130 2259 1263 2302 nostri
1285 2257 1386 2303 facti
1416 2269 1542 2313 sunt,
1584 2261 1807 2321 quomodo

425 2327 563 2372 solent
585 2329 692 2372 servi
716 2339 811 2387 post
835 2329 1032 2372 dominos
1070 2328 1238 2373 codices
1262 2329 1373 2373 ferre
1391 2366 1401 2385 ,
1426 2340 1477 2374 ut
1498 2330 1561 2374 illi
1590 2332 1806 2391 portando

424 2399 656 2453 deficiant,
681 2398 742 2442 illi
761 2399 943 2456 legendo
963 2400 1205 2458 proficiant.
1229 2404 1279 2444 In
1299 2400 1383 2444 tale
1405 2401 1690 2460 opprobrium
1716 2402 1807 2446 dati
1841 2423 1846 2467 Ι

423 2478 522 2513 sunt
547 2472 569 2512 J
575 2468 687 2512 udaei
709 2489 717 2513 :
744 2479 787 2513 et
807 2470 1033 2528 impletum
1053 2481 1114 2514 est
1135 2471 1255 2531 quod
1281 2480 1399 2515 tanto
1422 2481 1522 2515 ante
1542 2472 1803 2531 praedictum
1840 2472 1844 2529 ἶ

425 2549 513 2584 est:
534 2558 553 2581 «
580 2539 707 2583 Dedit
727 2541 771 2583 in
795 2541 1078 2601 opprobrium
1096 2541 1399 2588 conculcantes
1418 2558 1501 2587 me.
1524 2560 1544 2585 >›
1570 2542 1705 2597 Quale
1722 2559 1803 2588 au-
1839 2535 1844 2611 l

475 2629 483 2645 ¹
507 2625 836 2663 Joaii,ii,iq)(·121.
1840 2626 1841 2630 ’
