1889 3285
381 199 465 238 372
809 206 841 233 s.
879 205 1108 234 Auensrrm
1141 207 1320 235 Emscom

379 277 476 322 cula
498 274 661 318 inimici
682 273 962 333 perveniant:
983 288 1064 331 ego
1081 273 1195 317 enim
1218 288 1290 317 me
1309 281 1534 332 protegere
1558 287 1648 316 non
1667 286 1765 330 pos·
1827 283 1831 289 ·

379 361 490 390 sum,
512 347 569 388 Et
585 359 738 403 parum
759 352 843 397 est,
874 363 894 384 «
916 345 968 387 In
989 352 1280 401 protectorem
1303 362 1311 387 :
1339 361 1359 383 n
1386 342 1575 396 addidit,
1606 361 1625 383 «
1650 342 1766 386 Etin

379 435 401 458 »
436 416 585 460 locum
603 414 822 459 munitum
841 449 850 469 ,
872 423 922 458 ut
948 412 1116 458 salvum
1136 413 1269 458 facias
1286 429 1355 457 me
1374 416 1402 458 ¹.
1433 417 1484 458 In
1505 413 1652 458 locum
1673 428 1767 457 mu-

377 506 401 528 »
437 487 579 530 nitum
605 504 623 526 »
657 485 765 529 mibi
787 494 901 538 esto,
932 493 980 528 tu
1008 493 1098 528 esto
1125 483 1246 529 locus
1279 485 1473 528 munitus
1507 499 1643 528 meus.
1682 483 1765 527 Ubi

377 567 440 603 est
461 556 582 618 quod
604 556 659 600 ab
681 556 758 601 illo
781 555 974 614 fugiebas
997 554 1155 611 Adam,
1180 564 1223 599 et
1243 564 1286 599 te
1310 557 1421 599 inter
1442 554 1629 616 paradisi
1647 554 1767 614 ligna

377 627 704 674 abscondebas?
728 627 810 671 Ubi
837 635 898 670 est
919 625 1041 687 quod
1070 627 1160 686 ejus
1188 624 1341 670 faciem
1377 625 1642 671 formidabas
1659 660 1670 676 ,
1711 625 1767 669 ad

376 715 509 760 quem
531 697 716 756 gaudere
739 698 1079 742 consueveras²?
1098 695 1253 754 Abiisti
1267 732 1277 752 ,
1304 706 1346 740 et
1367 696 1529 756 periisti
1546 715 1554 740 ε
1571 696 1765 756 captiva-

376 781 445 815 tus
467 786 536 824 es,
563 779 606 814 et
633 785 732 813 ecce
753 768 961 824 visitaris,
995 777 1037 812 et
1067 784 1166 813 ecce
1195 784 1285 812 nou
1314 767 1572 825 dimitteris,
1599 776 1642 811 et
1664 783 1764 812 ecce

376 840 659 884 dimittuntur
672 839 1094 897 nonaginta-novem
1116 853 1215 883 oves
1238 839 1283 881 in
1304 838 1528 883 montibus
1544 872 1554 892 ,
1580 846 1624 882 ct
1645 853 1766 898 quae-

376 911 486 955 ritur
503 909 593 954 ovis
612 909 782 969 perdita
805 930 812 952 :
839 918 880 952 et
902 924 1002 953 ecce
1019 907 1179 953 dicitur
1196 907 1251 952 de
1273 908 1450 952 inventa
1471 924 1550 953 ove
1573 928 1580 952 :
1612 926 1632 949 «
1651 910 1768 952 Mor-

379 1000 399 1022 »
436 989 537 1024 tuus
559 989 671 1035 erat,
699 989 741 1023 et
758 979 934 1036 revixit,
958 979 1170 1038 perierat,
1197 987 1239 1022 et
1261 979 1463 1022 inventus
1487 987 1550 1022 est
1565 980 1596 1021 ³.
1617 981 1766 1022 »Ecce

376 1051 466 1110 ipse
489 1054 603 1095 Deus
624 1049 764 1093 factus
787 1058 850 1092 est
872 1049 992 1093 locus
1016 1048 1172 1108 refugii
1196 1049 1275 1101 tui,
1299 1050 1376 1109 qui
1401 1050 1541 1108 primo
1564 1057 1655 1092 crat
1671 1063 1765 1091 me-

377 1131 446 1165 tus
469 1120 582 1178 fugae
600 1130 702 1164 tuae.
734 1139 751 1161 υ
780 1123 831 1163 In
849 1119 994 1163 locum
1017 1120 1255 1173 munitum,
1283 1138 1302 1160 »
1330 1119 1494 1179 inquit,
1521 1119 1628 1162 mihi
1651 1128 1762 1174 esto,

379 1211 401 1234 u
436 1201 486 1235 ut
508 1190 677 1235 salvum
714 1190 846 1235 facias
869 1206 991 1233 me.»
1022 1193 1119 1234 Non
1147 1185 1382 1234 ero‘SalvuS
1405 1190 1484 1233 nisi
1513 1189 1559 1232 in
1584 1198 1623 1233 tc
1647 1208 1654 1233 :
1686 1189 1766 1233 nisi

376 1272 426 1306 tu
447 1260 579 1304 fueris
604 1260 772 1320 requies
801 1275 895 1303 mea
912 1295 922 1314 ,
954 1260 1094 1303 sanari
1116 1276 1204 1303 non
1235 1262 1395 1318 poterit
1417 1259 1630 1317 regritudo
1652 1275 1762 1303 mea.

377 1336 490 1376 Leva
516 1347 582 1374 me
606 1347 628 1373 a
652 1340 790 1387 terra,
814 1330 858 1372 in
884 1339 923 1373 tc
946 1330 1112 1389 jaccam
1130 1365 1140 1384 ,
1167 1339 1216 1373 ut
1238 1345 1408 1388 surgam
1434 1330 1641 1374 inlocum
1665 1345 1766 1373 mu-

376 1403 534 1447 nitum.
565 1401 682 1455 Quid
705 1400 1072 1445 munitiusPCum
1095 1400 1150 1443 ad
1175 1399 1300 1444 illum
1322 1400 1468 1444 locum
1491 1399 1762 1457 confugeris,

376 1472 446 1517 dic
469 1472 576 1516 mihi
598 1487 705 1532 quos
740 1469 1004 1514 adversarios
1037 1469 1324 1514 formidabis?
1349 1471 1444 1530 quis
1466 1470 1762 1525 insidiabitur,

376 1553 420 1587 et
446 1543 669 1603 perveniet
691 1542 746 1585 ad
768 1543 836 1585 te?
858 1541 1011 1585 Nescio
1047 1541 1142 1600 quis
1165 1539 1324 1584 dicitur
1350 1540 1404 1584 de
1426 1541 1586 1585 montis
1607 1542 1766 1585 vertice

377 1613 607 1667 clamasse,
645 1627 745 1655 cum
779 1611 1013 1670 imperator
1045 1611 1247 1654 transiret
1277 1630 1285 1655 :
1309 1614 1407 1655 Non
1430 1610 1483 1654 de
1506 1621 1549 1655 te
1569 1610 1728 1671 loquor
1753 1630 1761 1655 :

377 1683 611 1743 respexisse
634 1681 707 1724 ille
736 1680 895 1724 dicitur
914 1689 957 1723 et
979 1679 1133 1724 dixisse
1155 1700 1162 1724 :
1184 1683 1273 1725 Nec
1296 1696 1374 1738 ego
1398 1681 1452 1724 de
1470 1690 1527 1725 te.
1554 1683 1765 1725 Contem-

377 1763 520 1815 pserat
540 1754 849 1812 imperatorem
872 1766 973 1795 cum
990 1751 1233 1810 insignibus
1247 1752 1390 1807 armis,
1405 1761 1448 1795 et
1471 1752 1662 1796 exercitu
1684 1767 1765 1812 po-

377 1834 512 1870 tente.
530 1824 655 1868 [nde
670 1825 688 1867 Ρ
706 1826 767 1867 De
786 1821 883 1866 loco
906 1822 1090 1865 munito.
1115 1822 1157 1866 Si
1181 1837 1356 1866 securus
1376 1821 1448 1865 ille
1464 1822 1509 1865 in
1531 1821 1616 1865 alta
1633 1831 1762 1877 terra,

377 1893 600 1956 quomodo
616 1894 724 1938 tuin
746 1909 797 1937 eo
814 1910 835 1936 a
859 1909 948 1953 quo
972 1891 1135 1936 factum
1153 1901 1215 1936 est
1230 1891 1391 1936 coelum
1411 1901 1453 1936 et
1468 1901 1580 1936 terra
1595 1894 1612 1935 Ρ
1629 1895 1764 1936 «Esto

382 1985 402 2008 »
438 1981 540 2024 ergo
563 1964 666 2008 mihi
689 1964 733 2007 in
751 1970 885 2007 Deum
906 1971 1212 2022 protectorem,
1231 1971 1273 2006 et
1292 1963 1501 2007 inlocum
1518 1963 1736 2006 munitum
1750 1997 1762 2017 ,

380 2057 399 2080 η
436 2046 486 2081 ut
511 2036 677 2080 salvum
707 2034 838 2079 facias
871 2049 954 2078 me.
983 2053 1002 2075 »
1029 2037 1120 2092 Ego
1150 2033 1183 2077 si
1207 2034 1313 2077 mihi
1336 2033 1468 2077 alium
1495 2033 1641 2078 locum
1676 2033 1766 2077 ele-

377 2124 479 2168 gero
495 2142 505 2162 ,
531 2106 672 2151 salvus
693 2121 782 2150 csse
805 2121 893 2149 non
916 2114 1083 2164 potero.
1118 2104 1243 2164 Elige
1265 2113 1380 2148 certe
1402 2104 1557 2157 homo,
1586 2104 1620 2147 si
1642 2104 1764 2148 inve-

375 2179 488 2223 neris
510 2176 804 2222 munitiorem.
822 2179 919 2221 Non
941 2185 1004 2220 est
1022 2191 1124 2234 ergo
1142 2191 1230 2235 quo
1252 2175 1447 2233 fugiatur
1466 2174 1522 2218 ab
1552 2174 1628 2218 illo
1646 2209 1657 2228 ,
1682 2175 1764 2218 nisi

378 2247 432 2292 ad
451 2247 589 2291 illum.
609 2247 651 2292 Si
672 2248 734 2290 vis
757 2246 938 2291 evadere
960 2247 1132 2300 iratum,
1156 2245 1257 2304 fuge
1280 2245 1335 2288 ad
1353 2244 1588 2304 placatum.
1607 2264 1626 2286 «
1643 2247 1764 2297 Quo-

382 2339 399 2359 »
437 2318 552 2361 niam
586 2319 907 2360 firmamentum
943 2331 1087 2359 meum
1106 2351 1116 2369 ,
1156 2324 1199 2358 ct
1220 2315 1437 2372 refugium
1459 2330 1603 2358 meum
1629 2331 1671 2357 es
1695 2324 1758 2358 tu.

382 2408 401 2429 »
439 2389 780 2431 Firmamentum
807 2402 974 2440 meum,
1003 2405 1022 2426 »
1038 2385 1156 2444 ‚quid
1180 2387 1268 2428 cst?
1291 2389 1372 2428 Per
1400 2395 1441 2429 te
1465 2400 1557 2428 sum
1581 2386 1730 2428 firmus
1748 2419 1758 2439 ,

381 2467 422 2501 et
441 2475 488 2501 ex
515 2467 552 2500 ic
575 2473 667 2500 sum
695 2457 856 2499 firmus.
887 2476 903 2494 «
938 2457 1151 2508 Quoniam
1182 2455 1501 2518 firmamentum
1525 2470 1693 2508 meum,
1721 2464 1763 2498 et

431 2550 438 2565 ¹
467 2543 529 2571 Τπ
561 2541 682 2582 1.xx‚3.
708 2557 745 2561 ——
770 2547 780 2561 ²
799 2543 876 2571 (Len.
897 2551 941 2579 ιιι,
959 2540 988 2569 8.
1012 2556 1046 2560 —-
1073 2537 1166 2569 ²L'w
1205 2549 1258 2578 xv,
1278 2537 1297 2579 ‘5
1316 2542 1346 2568 rt
1369 2537 1419 2578 23.
