1889 3285
421 237 664 269 ENARRATIO
698 243 744 269 IN
776 239 977 270 PsALMUM
1009 243 1127 270 LXIV.
1368 231 1454 270 207

73 315 177 360 tres,
201 306 312 349 bene
333 305 528 349 vivamus
560 324 569 349 ;
595 321 685 350 non
707 306 813 351 retia
835 315 1086 366 rumpentes
1105 304 1219 350 foras
1238 320 1454 351 exeamus.

72 375 202 421 Multi
223 376 338 419 enim
357 384 569 435 ruperunt
591 377 712 431 retia,
733 386 776 421 et
791 377 1020 421 schismata
1039 374 1254 430 fecerunt,
1274 385 1318 420 et
1344 375 1458 421 foras

72 445 284 489 exierunt.
311 445 421 498 Quia
443 445 578 490 malos
603 446 737 505 pisces
762 448 876 491 intra
900 446 1008 491 retia
1028 455 1179 506 captos
1199 446 1384 491 tolerare
1414 461 1459 491 se

69 515 189 560 nolle
208 516 435 572 dixerunt3
458 515 541 575 ipsi
564 515 667 560 mali
689 515 791 561 sacti
808 526 909 561 sunt
933 516 1094 576 potius,
1113 531 1248 576 quam
1263 516 1328 560 illi
1347 532 1457 577 quos

64 601 116 631 se
131 600 221 630 non
242 586 432 645 potuisse
454 584 639 630 tolerare
659 586 877 632 dixerunt.
897 589 1095 646 Namque
1111 586 1184 631 issa
1200 586 1308 631 retia
1329 600 1458 646 cepe-

69 665 175 700 runt
205 655 341 715 pisces
369 665 413 700 et
433 655 573 700 bonos
592 665 638 700 et
657 656 810 702 malos.
847 656 1055 701 Dominus
1076 655 1182 700 dicit
1208 674 1220 702 :
1256 673 1279 699 «
1309 655 1457 701 Simile

72 743 94 767 ι»
127 734 191 770 est
212 740 396 784 regnum
415 725 631 770 coelorum
652 741 821 785 sagenae
841 726 1047 771 missae‘in
1067 739 1202 781 mare,
1222 739 1326 786 quae
1347 740 1456 770 con-

72 815 94 838 »
129 804 280 854 gregat
304 811 357 839 ex
384 795 504 840 omni
530 809 709 855 genere,
733 811 867 856 quam
889 810 990 841 cum
1006 794 1185 856 impleta
1210 805 1321 841 esset
1341 795 1457 840 edu·-

72 883 94 907 ψ
126 874 289 920 centes,
308 874 352 908 et
368 880 490 909 secus
505 864 628 910 littus
645 865 856 921 sedentes,
876 865 1104 924 elegerunt
1119 865 1258 911 bonos
1273 866 1320 910 in
1335 880 1455 922 vasa,

72 952 93 977 ι’
128 934 264 980 malos
286 944 432 980 autem
454 933 569 980 foras
595 936 808 980 miserunt
831 954 843 980 ι
865 934 926 980 sic
947 937 1029 981 erit
1043 971 1054 992 ‚
1076 936 1219 997 inquit
1237 971 1248 992 ,
1283 937 1330 980 in
1350 950 1457 982 con-

71 1024 94 1048 »
128 1006 417 1050 summatione
444 1005 605 1050 saecuh‘.
635 1025 654 1048 »
685 1006 888 1050 Ostendit
919 1005 1069 1062 littus,
1097 1006 1288 1051 ostendit
1322 1007 1457 1050 finem

69 1076 213 1121 maris.
241 1095 263 1118 «
287 1076 482 1120 Exibunt
504 1076 676 1136 Angeli,
719 1086 762 1121 et
789 1076 1053 1135 separabunt
1076 1075 1213 1121 malos
1234 1076 1290 1120 de
1311 1076 1458 1121 medio

71 1163 94 1188 ³>
123 1147 357 1206 justorum,
378 1156 423 1191 et
438 1147 582 1191 mittet
599 1161 670 1191 eos
682 1147 727 1190 in
743 1147 962 1191 caminum
985 1146 1096 1206 ignis
1120 1163 1130 1194 t
1155 1145 1216 1190 ibi
1232 1146 1312 1191 erit
1328 1146 1457 1192 fletus

70 1234 93 1258 »
125 1225 169 1260 et
191 1216 349 1260 stridor
365 1216 627 1261 dentium1.»
646 1216 725 1261 Eia
742 1216 857 1261 cives
879 1215 1135 1272 Jerusalem,
1159 1215 1237 1276 qui
1253 1216 1366 1260 intra
1384 1231 1456 1260 re-

69 1287 128 1331 tia
150 1287 274 1342 estis,
298 1295 344 1330 et
363 1285 500 1346 pisces
521 1285 627 1331 boni
648 1286 770 1342 estis,
790 1285 976 1330 tolerate
996 1284 1154 1341 malos,
1183 1286 1291 1330 retia
1316 1285 1455 1331 nolite

67 1371 298 1417 rumpere:
317 1371 418 1400 cum
431 1355 514 1400 illis
531 1356 631 1400 estis
651 1356 699 1399 in
715 1356 839 1411 mari,
861 1369 952 1401 non
966 1355 1165 1400 cumillis
1182 1355 1301 1400 eritis
1319 1356 1368 1400 in
1381 1371 1455 1401 va-

67 1427 137 1472 sis.
165 1429 269 1486 Spes
290 1427 405 1470 enim
422 1425 494 1470 ille
511 1426 665 1470 finium
683 1434 826 1481 terrae,
851 1426 942 1485 ipse
963 1439 1059 1485 spes
1075 1434 1139 1470 est
1159 1444 1185 1468 «
1203 1428 1261 1471 Et
1280 1425 1326 1470 in
1347 1426 1456 1471 mari

73 1516 93 1539 »
127 1496 272 1555 longe.
301 1514 322 1537 »
348 1499 512 1554 Longe'„
531 1495 640 1555 quia
657 1504 703 1539 et
723 1495 769 1539 in
786 1496 908 1539 mari.

128 1568 184 1610 X.
224 1586 244 1608 «
273 1569 524 1625 Praeparans
548 1574 718 1609 montes
745 1565 792 1608 in
820 1563 1078 1609 fortitudine
1104 1568 1216 1610 sua2.
1243 1583 1265 1607 »
1287 1567 1388 1611 Non
1413 1566 1459 1609 in

68 1635 327 1681 fortitudine
349 1634 538 1680 illorum.
567 1634 830 1693 Praeparavit
860 1635 976 1678 enim
998 1649 1176 1693 magnos
1198 1635 1459 1695 praedicato-

69 1722 152 1762 res,
176 1715 220 1750 et
240 1705 353 1765 ipsos
382 1704 615 1765 appellavit
634 1713 828 1761 montes3
852 1703 1039 1748 humiles
1058 1705 1104 1748 in
1125 1720 1185 1760 se,
1206 1704 1392 1749 excelsos
1413 1705 1460 1749 in

69 1776 161 1821 illo.
190 1794 212 1818 «
231 1779 482 1835 Praeparans
503 1784 673 1819 montes
696 1775 744 1818 in
766 1774 1023 1819 fortitudine
1051 1790 1142 1819 sua.
1172 1793 1193 1817 »
1219 1775 1337 1829 Quid
1354 1775 1459 1820 dicit

69 1861 186 1890 unus
208 1861 259 1889 ex
279 1845 380 1904 ipsis
397 1845 643 1889 montibus?
664 1863 684 1886 «
708 1844 794 1904 Ipsi
811 1844 856 1887 in
871 1843 1188 1904 nobismetipsis
1203 1859 1455 1904 responsum

70 1934 96 1960 ὅ)
129 1916 280 1961 mortis
300 1915 556 1970 habuimus,
582 1924 633 1959 ut
659 1930 749 1959 non
770 1913 953 1959 fidentes
979 1914 1025 1958 in
1047 1915 1174 1959 nobis
1196 1915 1328 1959 simus
1343 1950 1358 1971 ,
1384 1915 1461 1959 sed

70 2005 96 2029 π
125 1987 170 2031 in
203 1990 293 2031 Deo
313 1986 392 2046 qui
417 1986 597 2030 suscitat
623 1986 854 2029 mortuos3.
885 2000 905 2025 »
935 1985 1021 2037 Qui
1044 1985 1092 2028 in
1113 1999 1158 2029 se
1186 1984 1303 2040 fidit,
1342 1995 1386 2030 et
1413 1986 1461 2030 in

70 2059 242 2104 Christo
263 2073 353 2102 non
381 2056 478 2101 fidit
492 2091 504 2112 ‚
527 2071 619 2101 non
633 2064 700 2100 est
720 2054 775 2100 de
794 2055 860 2099 his
876 2055 1100 2099 montibus
1116 2070 1227 2116 quos
1250 2054 1324 2099 ille
1345 2070 1460 2115 pree—

70 2138 196 2190 parat
215 2129 263 2172 in
291 2127 550 2173 fortitudine
575 2140 666 2172 sua.
696 2145 718 2169 «
740 2129 994 2186 Praeparans
1012 2135 1185 2171 ‘montes
1217 2126 1264 2170 in
1282 2125 1459 2172 sortitu-

73 2217 98 2241 »
131 2199 235 2244 dine
251 2213 356 2244 sua:
380 2197 714 2243 circumcinctus
728 2196 775 2241 in
793 2205 1067 2257 potentatu.»
1087 2200 1368 2241 Potentatum
1388 2198 1461 2241 in-

71 2267 224 2328 telligo
259 2285 271 2313 .·
301 2288 326 2311 ¹«
358 2268 704 2314 Circumcinctus
740 2286 761 2309 »
796 2266 907 2327 quid
932 2260 1026 2311 est?
1052 2267 1276 2312 Christum
1309 2268 1386 2327 qui
1415 2268 1461 2311 in

73 2338 219 2384 medio
247 2347 433 2398 ponunt,
469 2338 827 2382 circumcinctum
852 2335 1036 2391 faciunt,
1073 2336 1118 2381 id
1147 2346 1236 2392 est,
1265 2337 1460 2397 undique

70 2409 285 2454 cinctum.
314 2408 533 2451 Habemus
554 2406 679 2451 illum
699 2422 850 2452 omnes
871 2406 1176 2462 communiter,
1195 2407 1296 2452 ideo
1310 2407 1356 2450 in
1377 2422 1463 2450 me-

72 2478 150 2524 dio
177 2487 242 2522 est
272 2495 282 2523 2
312 2477 689 2536 circumcingimus
729 2476 854 2521 illum
879 2491 1036 2521 *omnes
1061 2477 1141 2537 qui
1171 2476 1387 2527 credimus
1417 2476 1463 2521 in

126 2569 135 2585 ¹
156 2562 269 2595 Matth.
288 2573 355 2604 xm,
381 2560 496 2603 47-50.
516 2576 558 2585 -—-
574 2568 591 2585 2
604 2561 687 2593 Psal.
710 2571 798 2602 LXIV,
816 2572 850 2602 7.
869 2577 912 2585 -
933 2558 947 2584 3
969 2568 987 2592 2
1004 2562 1079 2594 Cor.
1095 2572 1121 2601 1,
1140 2572 1171 2603 9.
