1889 3285
401 187 487 227 206
827 195 861 222 s.
895 189 1126 221 Aucus'nm
1157 192 1296 220 musco
1304 193 1345 219 1²1

400 273 445 309 et
464 277 578 307 unus
599 269 677 305 est.
694 262 758 305 Ex
777 258 906 303 unius
926 274 1108 318 persona
1130 256 1238 302 dixit
1262 276 1271 302 ;
1292 256 1509 310 «Exaudi,
1535 258 1665 311 Deus,
1690 269 1783 299 ora·
1846 254 1848 257 ’

403 352 424 375 »
458 333 622 378 tionem
644 345 785 374 meam
810 348 820 373 ι
849 347 869 370 »
894 337 937 372 et
958 328 1060 388 quia
1091 328 1181 387 ipse
1214 342 1327 371 unus
1359 341 1410 370 ex
1443 324 1643 385 pluribus
1675 339 1784 369 con·
1847 338 1849 346 ·

401 412 502 458 stat,
520 401 653 450 modo
673 401 732 445 ait
750 419 790 445 z«
804 397 973 444 Exaudi
995 413 1089 453 nos,
1106 401 1237 452 Deus,
1253 397 1440 442 salvator
1460 405 1654 442 nosterm
1668 394 1785 440 Audi
1847 417 1850 425 ·

401 473 526 521 illum
543 473 632 532 jam
656 470 843 531 apertius
864 467 1088 528 praedicari
1113 487 1122 513 ε
1152 486 1174 512 «
1197 468 1363 512 Exaudi
1383 483 1477 523 nos,
1497 471 1628 522 Deus,
1652 465 1788 511 salva·
1848 484 1849 488 ¹
1887 495 1889 499 «

405 562 427 586 »
461 552 529 588 tor
549 551 711 597 noster,
733 556 829 600 spes
846 539 1044 585 omnium
1059 539 1212 583 finium
1230 548 1356 584 terrae
1369 539 1474 583 etin
1490 537 1599 582 mari
1610 537 1786 595 longe.»

403 617 518 660 Ecce
539 613 657 658 unde
674 611 841 660 dictum
863 620 927 654 est
951 629 960 657 z
989 629 1010 652 «
1032 610 1102 657 Ad
1123 618 1166 654 te
1187 611 1326 655 omnis
1349 625 1449 655 caro
1469 609 1630 654 veniet.
1659 626 1680 650 υ
1701 609 1788 653 Un-

404 684 537 744 dique
562 683 750 727 venitur.
779 701 800 724 «
828 683 932 741 Spes
965 679 1161 725 omnium
1181 680 1336 725 finium
1356 689 1504 735 terrae,
1533 696 1554 721 »
1581 693 1670 724 non
1692 691 1791 738 spes

405 754 535 798 unius
564 751 731 811 anguli,
764 767 850 796 nou
895 766 990 810 spes
1015 749 1146 795 solius
1184 749 1379 806 Judaeae,
1412 765 1503 795 non
1530 764 1625 808 spes
1659 747 1795 795 solius
1850 739 1852 781 ἷ

404 822 579 878 Africae,
612 838 703 867 non
722 837 816 881 spes
844 820 1096 876 Pannoniae,
1130 835 1220 864 non
1241 835 1336 880 spes
1356 819 1546 864 Orientis
1568 827 1644 863 aut
1664 817 1792 863 Occi-

405 894 547 939 dentis
578 913 586 938 :
624 892 724 948 sed,
760 912 781 934 «
819 894 922 951 Spes
956 891 1153 936 omnium
1179 891 1337 935 finium
1375 899 1503 934 terrae
1530 898 1574 933 et
1602 888 1650 933 in
1682 888 1791 932 mari
1852 882 1868 939 ,'

410 982 430 1008 υ
464 963 594 1023 longe
621 982 630 1008 ι
661 982 680 1004 »
707 962 900 1022 ipsorum
927 962 1081 1006 finium
1108 970 1249 1006 terrae.
1275 963 1372 1005 «Et
1392 960 1438 1004 in
1455 960 1563 1003 mari
1582 958 1743 1017 longe:
1767 976 1791 1000 n

407 1044 452 1079 et
471 1035 573 1094 quia
595 1035 640 1077 in
661 1033 784 1087 mari,
816 1032 914 1077 ideo
946 1031 1088 1090 longe.
1118 1035 1239 1076 Mare
1265 1031 1382 1075 enim
1404 1031 1450 1074 in
1475 1030 1615 1089 figura
1635 1028 1794 1073 dicitur

407 1103 614 1148 saeeulum
638 1104 720 1148 hoc
735 1138 746 1158 ‚
767 1102 955 1146 salsitate
986 1117 1182 1147 amarum
1198 1136 1208 1156 ‚
1233 1099 1436 1161 procellis
1458 1099 1789 1157 turbulentum3

408 1174 486 1218 ubi
518 1173 716 1217 homines
747 1171 1060 1231 cupiditatibus
1082 1172 1291 1231 perversis
1319 1180 1361 1215 et
1394 1170 1538 1230 pravis
1558 1168 1661 1214 facti
1693 1174 1797 1214 sunt
1852 1186 1871 1216 ῑ,

408 1242 531 1288 velut
546 1243 661 1302 pices
682 1242 868 1288 invicem
889 1257 933 1287 se
951 1241 1223 1287 devorantes.
1243 1240 1469 1287 Attendite
1482 1255 1599 1284 mare
1611 1238 1792 1294 malum,

410 1329 527 1358 mare
551 1329 770 1368 amarum,
808 1312 1019 1360 fluctibus
1039 1327 1230 1369 saevum3
1253 1310 1464 1356 attendite
1491 1308 1693 1372 qualibus
1717 1311 1799 1354 ho-
1853 1305 1855 1339 ³

409 1384 601 1428 minibus
627 1383 808 1443 plenum
836 1384 905 1429 sit.
940 1383 1046 1437 Quis
1067 1392 1191 1442 optat
1210 1382 1524 1437 haereditatem,
1549 1380 1632 1424 nisi
1657 1388 1798 1424 morte
1854 1384 1856 1421 Q

411 1452 616 1498 alterius?
637 1454 744 1507 Quis
764 1462 885 1514 optat
910 1452 1084 1498 lucrum
1099 1488 1111 1508 ‚
1138 1452 1219 1496 nisi
1244 1452 1405 1496 damno
1428 1449 1629 1495 alterius?
1656 1452 1799 1503 Quam

411 1522 540 1567 mthi
561 1523 746 1568 aliorum
768 1522 1011 1567 defectione
1033 1523 1217 1582 cupiunt
1238 1521 1488 1566 sublimari?
1506 1523 1649 1573 Quam
1671 1518 1799 1563 multi
1854 1537 1857 1568 ι

412 1602 462 1637 ut
490 1603 637 1643 emant
664 1603 818 1653 optant
838 1593 942 1637 alios
962 1592 1152 1637 vendere
1174 1607 1239 1636 res
1260 1593 1386 1636 suas?
1408 1589 1640 1643 Quomodo
1661 1604 1706 1633 se
1726 1589 1799 1633 in-
1855 1590 1857 1612 ÷

411 1664 553 1708 vicem
572 1663 842 1723 opprimunt,
866 1672 908 1708 et
941 1663 1019 1722 qui
1041 1670 1221 1721 possunt
1243 1661 1483 1706 devorant?
1509 1662 1566 1703 Et
1594 1674 1696 1703 cum
1718 1658 1797 1703 de·

414 1734 628 1778 voraverit
649 1750 762 1777 1111113
780 1733 907 1792 piscis
930 1733 1064 1792 major
1084 1732 1298 1776 minorem
1316 1765 1327 1785 ‚
1352 1730 1588 1774 devoratur
1601 1738 1647 1773 et
1666 1729 1756 1789 ipse
1772 1745 1797 1774 a
1856 1783 1858 1788 ,

413 1806 590 1864 majore.
622 1806 659 1848 Ο
681 1804 806 1863 piscis
828 1803 958 1858 male,
981 1801 1175 1862 praedam
1194 1802 1257 1846 vis
1279 1801 1333 1845 de
1353 1816 1502 1861 parvo,
1531 1798 1678 1860 praeda
1699 1801 1798 1844 6111-
1856 1790 1858 1806 '

413 1875 535 1920 cieris
553 1889 726 1932 magno.
748 1873 954 1928 Quotidie
969 1874 1048 1918 ista
1071 1873 1294 1927 eveniunt,
1320 1880 1421 1916 ante
1434 1887 1513 1916 nos
1530 1880 1658 1928 sunt3
1680 1870 1800 1915 vide-
1856 1857 1858 1880 ³

415 1961 512 1990 mus
532 1944 622 2000 illa,
645 1946 898 1990 horreamus
931 1944 1018 1988 illa.
1042 1947 1141 1989 Non
1161 1943 1234 1987 illa
1269 1958 1468 2002 agamus,
1490 1941 1666 1997 fratres,
1693 1942 1796 2002 quia
1856 1937 1859 1992 i

414 2031 509 2076 spes
536 2024 600 2060 est
619 2014 692 2060 1116
714 2015 869 2060 finium
890 2024 1032 2059 terrae.
1054 2013 1134 2058 Ille
1159 2014 1194 2058 si
1223 2029 1315 2057 non
1339 2021 1449 2057 esset
1470 2028 1564 2072 spes
1591 2031 1602 2056 ι
1629 2030 1650 2054 α
1674 2004 1732 2056 Et
1752 2011 1799 2056 in

422 2106 439 2127 »
475 2086 581 2130 mari
601 2085 777 2144 longe,u
797 2100 887 2130 non
907 2084 1070 2128 diceret
1090 2083 1318 2143 Discipulis
1340 2083 1427 2127 suis
1448 2102 1459 2127 :
1482 2101 1502 2124 «
1527 2081 1702 2126 Faciam
1723 2096 1802 2126 vos
1857 2088 1859 2130 ξ

419 2174 441 2198 »
475 2156 705 2215 piscatores
733 2156 997 2203 hominum&
1038 2171 1059 2196 »
1093 2157 1190 2199 Jam
1231 2155 1278 2198 in
1305 2154 1413 2198 mari
1445 2153 1561 2213 capti
1586 2168 1664 2213 per
1693 2152 1798 2196 retia

415 2225 543 2281 fidei,
569 2225 831 2285 gaudeamus
858 2241 937 2270 nos
957 2225 1020 2268 ibi
1046 2234 1194 2268 natare
1223 2223 1370 2268 adhuc
1398 2224 1512 2268 intra
1535 2223 1665 2281 reti33
1694 2222 1798 2283 quia
1858 2276 1859 2282 ¹

416 2296 560 2340 adhuc
587 2311 705 2340 mare
725 2297 809 2341 hoc
842 2297 962 2340 saevit
984 2294 1197 2355 procellis,
1222 2293 1299 2339 sed
1325 2294 1431 2338 retia
1456 2309 1556 2354 quae
1577 2308 1656 2338 nos
1677 2307 1801 2352 cepe·
1858 2311 1860 2314 ·

417 2375 538 2421 runt,
567 2365 861 2425 perducentur
883 2365 938 2410 ad
967 2365 1104 2409 littus.
1134 2365 1274 2408 Littus
1311 2373 1375 2408 est
1394 2364 1492 2408 finis
1513 2364 1656 2408 maris.
1682 2366 1799 2421 Ergo
1858 2374 1859 2382 ¹

416 2436 640 2496 perventio
661 2437 706 2481 in
727 2437 860 2481 finem
890 2435 1053 2482 saequj.
1078 2435 1258 2480 Interim
1286 2436 1398 2480 intra
1440 2435 1531 2495 ipsa
1551 2435 1682 2489 retia,
1709 2431 1797 2477 fra-

465 2527 473 2544 ¹
495 2521 609 2553 Matth.
626 2531 670 2562 iv,
692 2532 741 2562 19.
