1889 3285
427 272 667 302 ENAnnArro
700 275 744 301 m
778 273 979 303 rsALMUM
1012 277 1099 303 th.
1346 263 1428 303 145

50 344 196 402 quaere
217 341 263 384 in
284 338 459 398 Angelis
473 374 484 394 ‚
509 339 675 383 invenis
692 339 737 383 in
758 339 863 396 illis,
888 339 964 384 sed
986 349 1028 384 et
1048 340 1129 399 ipsi
1146 340 1200 384 de
1219 339 1340 385 sonte
1361 342 1432 385 bi-

49 412 177 457 bunt.
212 410 383 455 Justitia
414 409 532 453 enim
557 409 826 468 Angelorum
856 410 902 455 in
925 410 1129 455 omnibus
1154 420 1241 467 est,
1272 412 1347 457 sed
1377 413 1432 457 ab

49 498 139 527 uno
161 481 345 541 capitur.
369 480 549 539 Respice
570 495 675 539 ergo
692 515 703 535 ,
729 480 1006 536 transcende,
1028 480 1138 525 vade
1155 481 1258 526 illuc
1270 483 1347 526 ubi
1366 498 1434 527 se-

49 552 137 597 mel
156 551 328 596 locutus
353 559 418 595 est
443 553 580 605 DeUS,
601 559 644 594 et
658 550 719 594 ibi
737 551 929 596 invenies
950 550 1116 596 fontem
1134 553 1336 611 justitiae,
1356 554 1434 597 ubi

51 631 115 667 est
135 620 232 667 fons
252 621 354 666 vitae
392 640 401 666 ε
431 640 452 664 «
476 620 690 673 Quoniam
733 620 851 680 apud
872 630 914 665 te
943 630 1007 666 est
1042 620 1139 665 fons
1165 622 1306 666 vitael.
1347 641 1367 664 »
1393 623 1436 668 Si

51 692 167 737 enim
193 701 242 737 tu
262 690 317 735 de
340 706 434 736 rore
457 690 612 749 exiguo
630 689 826 750 judicare
848 691 911 736 vis
943 690 1063 752 quod
1084 692 1250 751 justum
1273 702 1358 747 est,
1395 702 1439 738 et

51 763 171 823 quod
186 763 396 822 injustum
413 770 477 805 est
494 781 505 819 3
527 779 547 803 «
572 759 796 821 Numquid
816 762 862 804 in
880 762 1036 821 iquitas
1054 762 1173 821 apud
1193 765 1383 818 Deum²‚
1411 781 1432 805 »

50 831 169 877 unde
191 832 247 876 ad
267 841 310 876 te
332 839 481 876 manat
502 840 711 891 tanquam
731 831 785 875 de
805 831 929 876 fonte
943 832 1132 892 justitia,
1157 832 1202 877 in
1220 842 1438 893 quantum

0 891 1 895 Ἰ
46 903 212 963 justum
237 917 350 962 saps,
374 916 477 946 cum
494 916 544 945 ex
561 900 711 945 multis
729 901 925 960 partibus
938 902 1087 962 inique
1111 901 1321 962 desipias?
1339 906 1430 948 Ha-

52 972 126 1017 bet
157 987 259 1032 ergo
300 970 468 1016 fontem
485 971 666 1031 justitiae
693 974 822 1015 Deus.
848 970 948 1016 Noli
972 971 1033 1015 ibi
1056 988 1251 1032 quaerere
1273 973 1438 1036 iniqui-

52 1052 200 1099 tatem,
227 1043 305 1087 ubi
329 1042 405 1087 lux
426 1043 517 1087 sine
536 1042 692 1087 umbra
716 1051 793 1087 est.
820 1042 904 1087 Sed
928 1042 1054 1102 plane
1076 1042 1212 1089 latere
1234 1055 1277 1090 te
1295 1055 1440 1106 potest

53 1130 195 1160 causa.
219 1115 261 1159 Si
291 1113 397 1158 latet
413 1123 456 1158 te
484 1129 613 1158 causa
629 1148 639 1168 ,
664 1113 828 1173 respice
850 1114 1136 1172 ignorantiam
1156 1126 1299 1174 tuam,
1337 1119 1437 1164 vide

54 1185 129 1246 qui
143 1185 197 1229 sis
215 1204 224 1230 z
242 1183 418 1229 attende
436 1185 530 1228 haec
551 1184 656 1239 duo,
684 1203 703 1226 «
722 1184 938 1237 Quoniam
960 1195 1149 1245 potestas
1172 1189 1243 1232 Dei
1260 1199 1339 1245 est,
1357 1207 1378 1231 »
1398 1200 1442 1236 et

57 1274 79 1298 «
101 1255 214 1310 Tibi,
234 1255 428 1308 Domine,
443 1254 777 1299 misericordia.»
797 1258 829 1298 F
835 1255 992 1300 ortiora
1015 1266 1057 1301 te
1074 1274 1129 1302 ne
1149 1261 1382 1319 quaesieris,
1400 1271 1444 1307 et

56 1343 78 1367 »
113 1325 264 1369 altiora
301 1333 344 1368 te
384 1340 440 1368 ne
468 1333 685 1369 scrutatus
706 1325 867 1381 fueris,
907 1326 982 1370 sed
1005 1344 1104 1387 quae
1126 1331 1334 1390 praecepit
1361 1333 1442 1376 tibi

56 1413 77 1437 »
112 1394 346 1448 Dominus,
378 1392 452 1437 illa
475 1395 616 1451 cogita
637 1408 806 1453 semper
821 1396 852 1437 ³.
874 1411 894 1435 »
913 1395 1024 1448 Quia
1047 1396 1101 1440 ad
1126 1398 1219 1442 heec
1240 1416 1339 1460 quae
1362 1402 1443 1446 tibi

53 1464 261 1525 praecepit
275 1466 390 1507 Deus
412 1463 633 1521 pertinent
650 1463 730 1507 ista
751 1462 862 1518 duo,
893 1483 913 1505 «
939 1467 1154 1518 Quoniam
1168 1478 1356 1527 potestas
1370 1473 1443 1516 Dei

56 1552 77 1577 »
111 1545 196 1589 est,
216 1552 237 1576 »
259 1543 316 1588 et,
337 1533 481 1587 «Tibi,
501 1533 694 1588 Domine,
714 1534 1023 1579 misericordia.
1045 1538 1341 1584 »Nolitimere
1358 1542 1445 1586 ini-

53 1605 215 1649 micum
233 1623 242 1648 ι
259 1611 431 1648 tantum
454 1601 558 1646 facit
574 1611 789 1663 quantum
807 1605 1023 1664 acceperit
1036 1616 1310 1665 potestatem.
1329 1613 1444 1656 Eum

6 1697 9 1735 q
53 1675 156 1720 time
173 1674 249 1735 qui
269 1673 404 1718 habet
418 1688 632 1717 summam
649 1682 909 1733 potestatem
928 1693 936 1718 :
959 1690 1060 1719 eum
1084 1676 1187 1721 time
1210 1679 1287 1739 qui
1310 1697 1446 1740 quan-

7 1758 10 1789 ι
54 1753 149 1790 tum
170 1743 287 1799 vult,
307 1752 479 1788 tantum
496 1741 620 1798 facit,
646 1753 689 1788 et
706 1743 781 1804 qui
799 1744 958 1804 injuste
975 1746 1084 1790 nihil
1097 1746 1221 1804 facit,
1248 1759 1291 1794 et
1312 1753 1444 1811 quid-

8 1810 10 1860 ἰ
55 1814 162 1875 quid
179 1814 352 1869 fecerit,
372 1814 540 1873 justum
561 1822 641 1857 est.
667 1813 932 1858 Putabamus
953 1814 1163 1875 injustum
1185 1833 1275 1864 esse
1296 1824 1442 1869 nescio

9 1896 11 1931 :
55 1884 162 1946 quid
187 1901 196 1926 ι
214 1900 267 1929 ex
285 1885 370 1929 hoc
391 1885 492 1944 quia
509 1882 613 1928 fecit
627 1889 737 1927 Deus
752 1885 879 1928 crede
891 1886 1058 1945 justum
1081 1902 1186 1932 esse.

13 2250 15 2262 ι

13 2266 16 2285 1

14 2295 17 2309 Ι

111 1969 256 2012 XXII.
292 1968 424 2025 Ergo,
449 1966 610 2026 inquis,
634 1966 668 2009 si
689 1966 786 2026 quis
808 1967 1031 2012 hominem
1046 1970 1215 2016 occidat
1235 1973 1446 2023 innocen-

11 2035 12 2038 *
56 2047 169 2093 tem,
195 2038 310 2098 juste
350 2035 454 2081 facit
469 2071 480 2091 ,
528 2052 583 2081 an
623 2037 771 2097 inique
791 2039 810 2081 Ξ)
845 2039 1001 2099 Inique
1036 2055 1151 2085 sane.
1179 2045 1320 2097 Quare
1359 2048 1444 2095 hoc

11 2119 14 2133 ¹
57 2108 268 2168 permittit
288 2106 552 2152 Deus?Vide
567 2107 686 2167 prius
708 2123 763 2151 ne
782 2106 893 2153 illud
912 2108 1070 2155 debeas
1090 2130 1099 2156 ε
1121 2115 1323 2174 «Frange
1346 2134 1445 2164 esu..

13 2178 14 2182 ’
62 2196 84 2220 »
117 2177 245 2222 rienti
261 2192 418 2237 panem
441 2185 568 2221 tuum
585 2212 595 2232 ,
622 2186 662 2221 et
679 2193 865 2236 egenum
882 2179 974 2223 sine
996 2189 1112 2226 tecto
1134 2183 1268 2230 induc
1290 2187 1335 2231 in
1361 2189 1443 2235 do-

63 2265 84 2290 »
118 2263 239 2292 mum
262 2256 407 2304 tuam,
432 2247 467 2291 si
486 2245 643 2291 videris
665 2248 860 2303 nudum,
881 2249 989 2294 vesti
1006 2253 1146 2296 eum4.
1168 2271 1188 2295 »
1216 2258 1319 2301 Haec
1330 2260 1447 2305 enim

58 2319 223 2380 justitia
244 2327 319 2362 tua
334 2326 418 2374 est3
443 2318 526 2362 hoc
543 2318 659 2362 enim
680 2318 761 2362 tibi
783 2320 989 2379 praecepit
1010 2323 1219 2369 Dominus
1237 2346 1244 2371 :
1262 2346 1281 2369 «
1307 2332 1446 2376 Lava-

67 2405 88 2430 »
121 2388 251 2444 mini,
271 2387 426 2432 mundi
447 2397 604 2444 estote,
623 2387 789 2433 auferte
805 2390 1017 2450 nequitias
1034 2408 1057 2437 a
1076 2395 1280 2442 cordibus
1296 2403 1448 2447 vestris

0 2513 1 2519 1
68 2476 89 2500 n
123 2468 254 2520 atque
284 2475 307 2503 a
335 2467 570 2518 conspectu
593 2459 820 2504 oculorum
843 2476 1067 2522 meorum,
1104 2464 1254 2511 discite
1279 2469 1445 2517 bonum

17 2533 19 2538 '
69 2546 90 2570 »
123 2528 264 2574 facere
281 2564 291 2585 ,
310 2528 503 2589 judicate
532 2529 699 2590 pupillo
723 2539 766 2574 et
788 2530 934 2576 viduae
960 2551 968 2577 :
996 2543 1038 2578 et
1059 2536 1203 2580 venite
1229 2548 1271 2583 et
1293 2540 1445 2602 dispu-

115 2620 124 2638 ¹
145 2613 225 2647 Psal.
246 2625 342 2656 xxxv,
373 2625 423 2648 10.
445 2631 487 2639 -
510 2621 523 2638 ²
542 2617 633 2649 Rom.
654 2627 698 2658 ix,
716 2614 765 2657 14.
785 2632 825 2639 -
850 2613 862 2639 3
882 2617 978 2651 Eccli.
1000 2630 1044 2660 m,
1065 2627 1170 2653 22⁵·—
1189 2620 1288 2656 4Isa‘1'.
1310 2637 1396 2670 tvm,
1412 2640 1444 2671 ς.

253 2667 374 2698 cxvi.
1193 2668 1241 2706 50
