1889 3285
373 224 453 263 408
801 233 833 258 s.
871 232 1102 258 AUGUSTINI
1135 234 1315 259 EPISCOPI

370 300 471 360 quia
504 306 546 341 et
569 297 765 341 Christus
788 311 889 340 cum
915 297 1169 351 resurrexit,
1195 312 1273 341 nos
1305 298 1627 341 resurreximus
1658 300 1756 343 Non

368 370 484 414 enim
505 367 700 412 Verbum
723 376 945 410 mortuum
969 375 1054 420 est,
1080 376 1122 411 et
1143 368 1373 412 resurrexit
1398 388 1406 413 :
1433 368 1507 412 sed
1536 368 1581 412 in
1610 369 1756 414 Verbo

367 456 466 486 caro
486 448 745 494 mortuaest,
761 447 804 482 et
824 438 1069 482 resurrexit.
1090 438 1156 482 Ibi
1169 449 1367 484 mortuus
1379 450 1442 484 est
1455 440 1666 495 Christus,
1678 440 1757 484 ubi

366 529 409 558 es
431 522 482 557 tu
500 512 738 556 moriturus
756 519 822 555 :et
843 510 904 554 ibi
923 511 1153 554 resurrexit
1170 512 1380 566 Christus,
1396 513 1474 556 ubi
1492 527 1535 556 es
1551 521 1599 556 tu
1610 527 1756 556 resur-

363 581 794 642 recturus.Exemplo
817 597 895 625 suo
917 580 1066 625 docuit
1088 581 1194 641 quid
1208 598 1297 626 non
1319 582 1506 637 timeres,
1533 582 1642 642 quid
1659 598 1757 642 spe-

364 670 494 699 rares.
517 652 714 698 Timebas
736 661 938 707 mortem,
960 661 1158 696 mortuus
1174 662 1237 696 est
1252 652 1530 712 :desperebas
1544 669 1758 698 resurrec-

364 726 544 780 tionem,
556 724 803 768 resurrexit.
825 723 908 768 Sed
917 723 1021 767 dicis
1033 723 1141 767 mihi
1161 723 1261 768 :Ille
1274 725 1523 779 resurrexit,
1538 724 1757 784 numquid

364 799 472 856 ego?
491 795 575 841 Sed
600 795 830 840 resurrexit
847 795 893 838 in
915 809 966 839 eo
989 794 1110 855 quod
1125 810 1205 855 pro
1227 804 1269 839 te
1287 796 1456 855 accepit
1480 811 1530 839 ex
1547 804 1604 839 te.
1640 798 1756 855 Ergo

363 876 518 912 natura
539 876 613 911 tua
635 867 681 910 in
702 865 778 910 illo
800 865 1018 925 praecessit
1034 875 1077 910 te
1093 886 1104 922 3
1123 875 1166 910 et
1181 865 1300 926 quod
1317 876 1540 926 sumptum
1550 875 1614 910 est
1627 881 1677 910 ex
1694 875 1752 922 te,

361 936 555 982 ascendit
570 945 670 981 ante
683 945 727 980 te
741 955 749 980 z
765 935 826 980 ibi
838 950 939 994 ergo
957 945 1001 980 et
1017 944 1067 979 tu
1084 935 1326 981 ascendisti.
1340 935 1549 981 Ascendit
1560 952 1663 995 ergo
1683 935 1755 980 ille

362 1008 495 1068 prior,
517 1016 560 1051 et
573 1007 619 1050 in
633 1005 708 1050 illo
725 1022 804 1051 nos
825 1026 834 1051 ι
854 1006 956 1066 quia
971 1022 1071 1051 caro
1081 1005 1154 1050 illa
1172 1006 1227 1050 dc
1241 1022 1397 1066 genere
1410 1007 1621 1050 humano.
1638 1009 1755 1065 Ergo

363 1088 408 1123 et
433 1077 509 1123 iflo
531 1086 800 1136 resurgente,
831 1077 1001 1121 reducti
1023 1093 1174 1122 sumus
1197 1093 1248 1121 ex
1275 1077 1437 1135 abyssis
1470 1086 1614 1121 terrae.
1643 1079 1756 1122 Cum

362 1149 511 1209 itaque
539 1148 771 1193 resurrexit
792 1148 989 1193 Christus
1012 1183 1023 1203 ,
1058 1151 1162 1192 «De
1185 1148 1350 1205 abyssis
1383 1156 1510 1191 terrae
1544 1146 1756 1192 reduxisti

369 1240 387 1262 »
422 1236 508 1264 me.
537 1238 559 1261 »
597 1222 712 1265 Cum
732 1235 837 1264 vero
866 1218 1081 1263 credimus
1105 1219 1151 1262 in
1189 1219 1434 1274 Christum,
1473 1225 1572 1263 «De
1594 1219 1755 1277 abyssis

361 1308 382 1332 >›
418 1300 544 1335 terrae
574 1292 735 1336 iterum
761 1289 974 1334 reduxisti
996 1305 1081 1334 me.
1111 1307 1132 1330 »
1169 1292 1282 1334 Ecce
1305 1304 1444 1334 unum
1484 1309 1504 1332 «
1530 1289 1702 1333 iterum.
1732 1308 1752 1332 »

359 1360 475 1406 Audi
496 1361 669 1421 impleri
695 1361 748 1405 ab
782 1359 990 1420 Apostolo
1008 1378 1017 1403 :
1055 1377 1073 1399 «
1103 1359 1145 1403 Si
1184 1374 1286 1418 ergo
1325 1360 1613 1404 resurrexistis
1655 1375 1757 1403 cum

361 1450 382 1473 >›
419 1432 607 1486 Christo,
633 1448 733 1491 quae
756 1445 928 1475 sursum
951 1438 1054 1473 sunt
1077 1429 1275 1489 quaerite,
1305 1430 1383 1473 ubi
1411 1430 1609 1474 Christus
1631 1439 1694 1473 est
1711 1430 1757 1474 in

362 1521 382 1544 »
418 1502 596 1546 dextera
618 1503 695 1546 Dei
717 1501 893 1559 sedens3
919 1517 1019 1561 quae
1039 1516 1211 1545 sursum
1235 1509 1336 1544 sunt
1370 1500 1528 1560 sapite,
1548 1516 1639 1545 non
1656 1516 1756 1561 quae

364 1589 494 1633 super
520 1575 745 1618 terram1.»
773 1573 995 1617 Praecessit
1015 1587 1115 1630 ergo
1139 1571 1213 1615 ille
1237 1591 1246 1616 t
1272 1573 1362 1631 jam
1380 1572 1690 1616 resurreximus
1713 1581 1756 1616 et

357 1659 452 1699 nos,
473 1643 549 1687 sed
566 1643 710 1688 adhuc
729 1642 775 1686 in
793 1658 883 1702 spe.
907 1641 1024 1686 Audi
1048 1643 1132 1686 hoc
1159 1642 1275 1686 idem
1296 1641 1544 1702 apostolum
1565 1641 1754 1686 Paulum

359 1715 579 1760 dicentem
606 1735 615 1760 2
640 1734 660 1756 «
678 1717 736 1758 Et
757 1714 838 1772 ipsi
859 1714 905 1756 in
923 1712 1243 1771 nobismetipsis
1260 1712 1600 1771 ingemiscimus,
1616 1711 1755 1772 adop-

363 1804 384 1827 »
420 1786 587 1829 tionem
624 1792 898 1843 expectantes
947 1781 1294 1842 redemptionem
1336 1784 1529 1843 corporis
1570 1784 1752 1828 nostri.»

357 1857 515 1902 Adhuc
532 1855 794 1914 ingemiscis,
817 1854 960 1899 adhuc
972 1863 1184 1914 expectas,
1204 1854 1318 1907 Quid
1331 1870 1434 1913 ergo
1456 1864 1518 1899 est
1536 1854 1657 1915 quod
1673 1855 1755 1900 tibi

357 1926 558 1987 praestitit
583 1925 806 1970 Christus?
831 1923 948 1969 Audi
969 1924 1090 1985 quod
1107 1924 1303 1984 sequitur
1324 1943 1333 1969 ι
1358 1944 1378 1966 «
1406 1927 1489 1984 Spe
1512 1926 1628 1969 enim
1645 1923 1755 1970 salvi

361 2016 381 2038 »
417 1997 517 2040 facti
540 2011 719 2040 sumus:
756 2010 850 2055 spes
883 2004 1028 2038 autem
1062 2010 1161 2054 quae
1192 1994 1366 2039 videtur
1387 2031 1397 2050 ,
1427 2011 1517 2040 non
1549 2005 1614 2039 est
1639 2011 1751 2055 spes.

361 2085 382 2109 »
418 2065 549 2120 Quod
566 2066 681 2109 enim
702 2065 822 2110 videt
836 2064 949 2125 quis,
972 2064 1079 2125 quid
1102 2067 1270 2123 sperat?
1294 2064 1335 2109 Si
1354 2074 1501 2109 autem
1525 2066 1644 2124 quod
1666 2081 1757 2110 non

361 2155 382 2179 »
417 2136 617 2181 videmus
640 2152 878 2196 speramus,
903 2151 981 2195 per
1002 2136 1255 2195 patientiam
1271 2140 1594 2195 expectamus&
1618 2154 1638 2177 »
1664 2139 1754 2181 Re-

358 2208 479 2253 ducti
503 2224 603 2266 ergo
632 2224 780 2252 sumus
802 2208 961 2252 iterum
993 2207 1047 2251 ab
1071 2207 1232 2265 abyssis
1257 2223 1345 2266 spe.
1374 2211 1530 2262 Quare,
1557 2207 1753 2252 iterum?

357 2280 469 2334 Quia
485 2280 575 2339 jam
598 2279 793 2324 Christus
820 2287 1110 2338 praecesserat.
1153 2278 1237 2322 Sed
1271 2278 1372 2338 quia
1400 2293 1673 2336 resurgemus
1704 2279 1750 2323 in

351 2366 425 2408 re,
451 2350 583 2395 modo
607 2350 723 2394 enim
746 2365 820 2409 spe
849 2350 1049 2405 vivimus,
1075 2348 1207 2393 modo
1229 2350 1471 2393 secundum
1495 2350 1628 2393 fidem
1655 2364 1751 2393 am-

348 2420 577 2479 bulamus3
601 2420 770 2465 reducti
810 2436 958 2465 sumus
980 2420 1035 2464 ab
1058 2419 1221 2477 abyssis
1253 2429 1395 2475 terrae,
1436 2418 1656 2464 credendo
1701 2420 1751 2464 in

347 2507 448 2536 eum
470 2492 545 2552 qui
567 2500 667 2536 ante
688 2506 766 2536 nos
789 2491 1017 2535 resurrexit
1038 2490 1092 2534 ab
1120 2490 1282 2548 abyssis
1304 2500 1430 2536 terr‘ee
1453 2509 1462 2536 ε
1489 2490 1746 2535 resuscitata

395 2595 403 2611 ¹
424 2587 542 2620 Coloss.
560 2598 610 2627 ιιι,
642 2599 670 2620 ι.
698 2605 738 2611 —-
756 2594 767 2610 ²
788 2589 877 2620 Rom.
901 2598 970 2628 vm,
998 2587 1122 2620 23-25.
