1889 3285
429 221 513 263 194
854 230 888 258 S.
924 229 1155 260 AUGUSTINI
1186 234 1368 261 Enscom

422 297 562 353 Abel,
583 296 783 354 Babylon
803 310 880 356 per
903 298 1014 341 Ca'i'n
1037 315 1046 341 ι
1074 296 1260 341 aedificia
1281 297 1445 357 quippe
1466 296 1644 341 urbium
1663 306 1814 357 postea
1865 294 1869 339 i

425 368 538 413 facta
568 376 685 412 sunt.
722 366 803 411 Illa
835 366 1076 410 Jerusalem
1108 367 1156 411 in
1180 376 1296 411 terra
1331 367 1633 411 Jebuzaeorum
1662 386 1672 412 2
1711 383 1815 412 nam
1868 374 1872 393 ⁵

425 439 566 498 primo
578 437 713 481 Jebus
730 436 957 481 dicebatur
969 438 1001 491 1,
1020 435 1123 480 inde
1140 451 1245 495 gens
1261 439 1285 481 J
1290 437 1566 481 ebuzaeorum
1582 438 1719 497 ejecta
1727 446 1811 492 est,
1868 462 1871 478 -,

424 509 604 569 quando
634 507 823 568 populus
852 507 932 551 Dei
952 506 1162 551 liberatus
1185 516 1250 551 est
1277 506 1332 551 de
1361 510 1580 566 AEgypto,
1612 517 1656 551 et
1683 508 1815 552 intro-
1839 499 1867 573 Ξ

425 578 583 623 ductus
605 587 670 622 est
685 579 899 622 interram
921 578 1229 637 promissionis.
1246 576 1446 635 Babylon
1467 587 1615 622 autem
1637 577 1815 624 condita

424 660 488 695 est
512 650 559 694 in
578 650 739 693 intimis
761 648 945 693 Persidis
972 649 1244 708 regionibus,
1265 666 1364 710 quae
1386 650 1597 698 diuturno
1619 659 1814 709 tempore

423 729 557 780 caput
583 720 736 764 extulit
763 735 892 779 super
907 728 1084 763 caeteras
1109 729 1272 778 gentes.
1306 723 1414 764 Duae
1436 735 1541 778 ergo
1569 720 1662 764 istae
1684 721 1815 765 urbes
1861 711 1865 768 Ῐ

423 791 549 835 certis
571 790 838 849 temporibus
859 788 1048 834 conditae
1071 799 1197 844 sunt,
1232 799 1282 834 ut
1303 789 1658 835 manifestaretur
1676 792 1815 849 figura
1860 783 1867 836 ᾖ

425 859 612 905 duarum
631 860 857 905 civitatum
878 859 986 904 olim
1014 869 1259 919 coeptarum
1275 895 1286 915 ,
1311 869 1355 904 et
1375 875 1517 921 usque
1542 861 1588 904 in
1609 861 1742 905 finem
1769 861 1815 905 in
1860 896 1867 922 ,¹

423 931 506 975 isto
523 929 683 974 saeculo
699 945 1017 985 mansurarum,
1041 930 1118 974 sed
1138 930 1184 973 in
1201 930 1288 973 fine
1312 930 1667 990 separandarum,
1690 929 1815 975 Unde
1860 922 1865 952 '³

424 1016 527 1059 ergo
549 1015 775 1059 possumus
796 1014 868 1044 eas
890 1000 1024 1044 modo
1048 1000 1298 1055 ostendere,
1319 1016 1418 1060 quae
1439 1001 1664 1060 permixtae
1685 1001 1815 1045 sunt?
1858 1002 1861 1054 j

423 1071 635 1116 Ostendet
657 1081 762 1115 tunc
795 1072 1028 1126 Dominus,
1062 1086 1164 1116 cum
1199 1071 1303 1115 alios
1327 1080 1463 1131 ponet
1486 1071 1541 1116 ad
1567 1072 1811 1126 dexteram,
1858 1111 1859 1117 ,

423 1140 527 1185 alios
550 1140 606 1184 ad
627 1141 857 1185 sinistram.
882 1141 1124 1185 Jerusalem
1148 1140 1204 1185 ad
1226 1141 1450 1185 dexteram
1479 1141 1586 1196 erit,
1617 1140 1816 1198 Babylon
1856 1142 1863 1199 ᾖ

423 1210 480 1256 ad
497 1212 727 1256 sinistram.
753 1211 994 1256 Jerusalem
1015 1211 1218 1256 auditura
1235 1221 1300 1256 est
1319 1233 1327 1257 :
1356 1231 1376 1254 «
1397 1213 1571 1267 Venite,
1595 1211 1815 1256 benedicti

422 1300 448 1325 τ»
482 1283 620 1328 Patris
647 1283 759 1338 mei,
789 1283 999 1342 percipite
1019 1298 1204 1342 regnum
1224 1282 1346 1343 quod
1366 1283 1490 1328 vobis
1518 1292 1719 1343 paratum
1749 1291 1816 1328 est
1854 1274 1861 1336 ,’

426 1372 448 1395 »
484 1354 539 1398 ab
575 1353 740 1411 origine
769 1352 941 1397 mundi.
971 1371 992 1394 »
1018 1353 1217 1410 Babylon
1249 1353 1455 1398 auditura
1482 1362 1546 1398 est
1580 1373 1590 1398 :
1629 1372 1650 1396 «
1673 1356 1738 1398 Ite
1768 1353 1816 1398 in

426 1441 447 1464 »
480 1423 628 1481 ignem
644 1432 874 1478 aeternum,
887 1423 963 1483 qui
978 1431 1151 1482 paratus
1163 1431 1227 1467 est
1244 1421 1417 1467 diabolo
1427 1432 1472 1466 et
1484 1422 1643 1481 angelis
1655 1424 1811 1483 ejus2.»
1858 1473 1860 1479 .

425 1496 658 1538 Possumus
690 1503 838 1538 tamen
864 1503 909 1538 et
941 1493 1108 1553 aliquid
1142 1494 1320 1549 afferre,
1355 1502 1572 1554 quantum
1603 1492 1814 1538 Dominus
1856 1503 1867 1558 s

424 1564 575 1618 donat,
596 1562 715 1606 unde
736 1562 1060 1621 distinguantur
1074 1563 1134 1622 pii
1151 1562 1318 1619 fideles,
1341 1564 1471 1607 etiam
1493 1564 1577 1607 hoc
1598 1572 1810 1622 tempore,
1856 1565 1858 1570 ’
1888 1581 1889 1589 ¹

425 1634 539 1678 cives
566 1632 803 1676 Jerusalem
823 1648 846 1676 a
864 1633 1030 1677 civibus
1056 1633 1326 1689 Babyloniae.
1353 1636 1469 1676 Duas
1500 1633 1600 1676 istas
1621 1623 1814 1677 civitates

427 1702 594 1747 faciunt
621 1701 711 1746 duo
735 1717 900 1746 amores
928 1721 937 1745 ε
963 1701 1203 1746 Jerusalem
1230 1702 1333 1746 facit
1354 1717 1475 1746 amor
1495 1703 1601 1759 Dei,
1626 1702 1815 1760 Babylo·-

427 1773 545 1817 niam
569 1772 672 1817 facit
693 1787 814 1816 amor
835 1771 997 1816 saeculi.
1029 1774 1270 1830 Interroget
1297 1786 1400 1830 ergo
1425 1787 1469 1816 se
1499 1772 1685 1832 quisque
1706 1771 1814 1832 quid

427 1851 563 1897 amet,
589 1852 633 1886 et
653 1842 844 1886 inveniet
871 1843 988 1885 unde
1009 1842 1063 1885 sit
1091 1842 1194 1886 civis
1217 1861 1224 1886 :
1251 1851 1296 1886 et
1317 1842 1351 1886 si
1373 1857 1417 1886 se
1443 1842 1657 1886 invenerit
1677 1843 1814 1886 civem
1854 1853 1869 1898 11

427 1912 680 1970 Babyloniae
697 1947 707 1967 ,
738 1912 922 1970 extirpet
940 1911 1245 1971 cupiditatem,
1270 1911 1440 1971 plantet
1465 1912 1720 1956 charitatem
1745 1903 1753 1956 ὲ
1778 1911 1813 1956 si
1852 1915 1889 1975 'ae

427 1992 573 2028 autem
593 1998 636 2027 se
652 1983 867 2027 invenerit
887 1983 1027 2027 civem
1049 1982 1307 2037 Jerusalem,
1328 1983 1483 2028 toleret
1500 1983 1809 2043 captivitatem,
1851 1975 1889 2037 [ll

426 2062 569 2114 speret
589 2053 850 2097 libertatem.
872 2052 1002 2098 Multi
1022 2053 1139 2096 enim
1160 2053 1273 2097 cives
1295 2062 1454 2098 sanctae
1476 2054 1623 2098 matris
1644 2056 1812 2098 Jerusa-
1844 2037 1889 2103 {1²2

425 2124 512 2168 lem
529 2123 841 2183 cupiditatibus
859 2123 1112 2181 Babyloniae
1135 2124 1328 2183 corrupti
1349 2126 1626 2180 tenebantur,
1639 2133 1696 2183 ret
1716 2125 1809 2184 ipsa*
1843 2110 1889 2171 ΞΜ

429 2194 708 2254 corruptione
730 2193 1022 2253 cupiditatum
1043 2202 1253 2253 tanquam
1275 2195 1386 2239 cives
1407 2194 1510 2238 inde
1537 2194 1641 2239 facti
1662 2203 1808 2250 erant,
1851 2196 1889 2246 Ν

431 2274 475 2310 et
494 2265 625 2310 multi
658 2264 802 2309 adhuc
830 2265 889 2308 ita
918 2273 1044 2319 sunt,
1078 2273 1123 2308 et
1144 2264 1272 2309 multi
1301 2274 1398 2324 post
1425 2281 1504 2309 nos
1525 2265 1572 2309 in
1591 2266 1673 2310 hac
1699 2273 1812 2309 terra
1841 2254 1888 2325 1¹⁵?

430 2335 568 2381 futuri
589 2336 647 2380 ita
670 2344 824 2379 erunt:
850 2335 924 2379 sed
947 2335 1067 2379 novit
1085 2335 1309 2390 Dominus,
1327 2335 1528 2380 conditor
1549 2334 1810 2392 Jerusalem,
1839 2269 1889 2415 (ἰῶ

429 2421 538 2466 quos
568 2405 681 2450 cives
709 2406 801 2464 ejus
822 2404 1213 2463 praedestinaverit,
1242 2420 1350 2464 quos
1378 2404 1524 2449 videat
1550 2405 1693 2449 adhuc
1730 2405 1814 2449 sub
1838 2393 1883 2546 :³¹

431 2476 659 2521 dominatu
680 2474 842 2519 diaboli
860 2473 1132 2518 redimendos
1150 2475 1358 2532 sanguine
1381 2475 1539 2519 Christi
1556 2495 1564 2519 :
1580 2475 1701 2520 novit
1716 2475 1810 2520 illos
1837 2475 1841 2525 ξ
1875 2478 1889 2508 ί(

480 2569 487 2586 ¹
510 2572 528 2595 2
547 2564 623 2603 Ηυξ.
645 2573 678 2603 V,
695 2562 728 2601 6,
749 2566 780 2592 et
803 2561 896 2592 Josu'e
915 2570 1004 2600 ΠΜ,
1026 2560 1076 2591 23.
1100 2577 1140 2582 -—
1167 2566 1179 2581 2
1200 2558 1311 2590 Mztth.
1334 2570 1407 2599 xxv,
1434 2558 1540 2601 34-41.
1858 2548 1861 2590 i

1857 2604 1860 2618 Ι

1852 2619 1862 2678 Ἰ

1858 2687 1861 2719 l

1836 2549 1840 2609 ι

1833 2665 1838 2763 ἒ
