1889 3285
445 238 685 268 ENARRATIO
715 241 761 267 nv
792 239 993 269 PsALMUM
1025 242 1138 270 Lxx1.
1401 232 1485 272 423

111 307 304 367 pluviam
325 305 572 360 detinebat,
595 321 727 366 quam
749 305 926 351 nolebat
946 308 1160 366 praeputio
1175 307 1420 368 praedicari,
1441 310 1487 354 id

111 386 172 422 est
187 411 198 432 ,
223 375 528 421 incircumcisis
550 376 763 421 Gentibus
784 376 978 421 revelari.

168 451 225 493 X.
251 467 271 490 «
286 447 458 491 Orietur
474 447 520 491 in
536 446 689 491 diebus
709 450 801 508 ejus
819 448 984 508 justitia
1000 456 1044 491 et
1064 448 1333 493 abundantia
1354 450 1486 508 pacis,

112 537 134 561 »
169 518 308 563 donec
326 517 502 562 tollatur
518 518 665 563 luna1.
685 537 704 560 »
721 518 771 563 Id
793 518 911 579 quod
927 518 1092 563 dictum
1115 528 1194 574 est,
1213 538 1232 561 «
1245 519 1484 576 Tollatur‚»

111 589 182 634 alii
216 590 486 648 interpretati
506 599 607 633 sunt
636 609 644 634 :
675 609 695 632 «
722 589 980 645 Auferatun
1010 608 1029 630 »
1056 589 1126 633 alii
1147 606 1250 635 vero
1266 625 1276 645 ,
1301 610 1321 633 «
1340 593 1492 637 Extol-

113 677 134 701 »
167 659 304 715 latur,
332 678 352 701 n
391 675 529 703 unum
562 660 745 704 verbum
775 676 990 719 graecum,
1015 661 1127 705 sicut
1164 660 1329 721 unique
1350 662 1491 707 visum

109 739 196 784 est,
222 729 546 784 transferentes,
567 731 688 790 quod
703 731 762 774 ibi
783 731 972 790 positum
995 740 1058 775 est
1078 739 1290 785 ἀνταναιρεθῆ.
1316 732 1399 776 Sed
1416 734 1490 793 qui

108 799 312 844 dixerunt
338 819 357 842 «
381 799 576 844 Tollatur
592 836 602 856 ‚
625 819 645 842 n
673 811 716 845 et
731 801 807 861 qui
825 802 1028 846 dixerunt
1046 821 1066 844 «
1088 801 1339 858 Auferatur‚
1363 821 1383 844 »
1402 819 1493 848 non

110 886 249 931 usque
284 870 392 915 adeo
425 871 664 915 dissonant.
703 890 723 914 «
759 872 975 928 Tollatur‚
1010 890 1031 913 »
1060 873 1177 916 enim
1208 873 1344 932 magis
1363 873 1496 919 habet

114 940 389 986 consuetudo
410 942 469 985 ita
492 941 598 997 dici,
625 951 675 986 ut
694 941 916 986 auferatur
937 952 980 987 et
1000 959 1090 988 non
1111 944 1189 998 sit,
1215 959 1346 1003 quam
1369 943 1427 988 ita
1446 953 1496 988 ut

107 1012 237 1056 altius
259 1011 453 1056 elevetur
479 1032 488 1056 :
513 1031 534 1054 «
561 1012 792 1056 Aufer-atur
807 1030 828 1054 n
853 1029 956 1057 vero
977 1029 1152 1072 prorsus
1174 1013 1297 1057 aliter
1313 1013 1496 1072 intelligi

108 1098 199 1127 non
215 1091 373 1142 potest,
397 1083 479 1126 nisi
502 1092 552 1127 ut
572 1084 800 1142 perdatur,
825 1084 908 1128 hoc
932 1093 1010 1139 est,
1037 1093 1087 1128 ut
1107 1099 1198 1127 non
1215 1084 1288 1128 sit:
1312 1083 1494 1128 «Extol-

111 1170 132 1195 »
167 1151 283 1197 latur
306 1171 326 1195 »
354 1162 501 1197 autem
533 1153 644 1197 nihil
666 1154 746 1198 nisi
775 1164 825 1198 ut
856 1153 983 1197 altius
1005 1153 1213 1198 elevetur.
1246 1153 1372 1206 Quod
1394 1155 1495 1214 qui-

110 1224 213 1269 dem
235 1240 336 1269 cum
364 1224 410 1268 in
442 1224 558 1269 malo
597 1224 798 1284 ponitur,
824 1225 1072 1284 superbiam
1092 1224 1200 1269 solet
1221 1225 1493 1283 significare:

112 1295 239 1339 sicuti
257 1304 321 1338 est
348 1314 356 1339 z
388 1314 409 1338 «
435 1298 486 1339 In
507 1304 582 1339 tua
599 1296 807 1355 sapientia
830 1295 920 1339 noli
943 1295 1090 1340 extolli
1105 1298 1137 1338 2.
1161 1314 1182 1336 »
1207 1298 1258 1339 In
1276 1296 1392 1340 bono
1415 1312 1495 1339 au-

108 1375 197 1410 tem
218 1365 274 1409 ad
295 1366 504 1410 honorem
527 1367 716 1425 pertinet
749 1365 1003 1425 ampliorem
1019 1402 1030 1421 ,
1059 1365 1182 1410 velut
1208 1381 1309 1410 cum
1331 1365 1495 1427 aliquid

107 1436 328 1493 elevatur3
353 1436 477 1480 sicuti
495 1446 558 1480 est
579 1455 588 1480 :
615 1455 632 1476 «
653 1439 704 1479 In
725 1437 927 1480 noctibus
950 1436 1141 1480 extollite
1162 1452 1317 1481 manus
1332 1446 1494 1481 vestras

110 1525 132 1548 »
165 1507 213 1551 in
233 1515 378 1551 sancta
396 1542 406 1562 ,
427 1516 471 1551 et
492 1508 735 1552 benedicite
754 1508 988 1551 Dominum
1005 1509 1037 1550 ³.
1059 1525 1080 1548 »
1099 1508 1178 1551 Hic
1200 1522 1301 1565 ergo
1322 1507 1356 1551 si
1371 1510 1494 1552 «Au-

111 1595 132 1619 »
166 1576 332 1621 feratur
356 1595 376 1618 »
402 1576 566 1621 dictum
589 1576 926 1621 intellexerimus
941 1612 952 1633 ,
976 1576 1085 1638 quid
1106 1577 1187 1620 erit
1206 1595 1227 1618 «
1249 1580 1396 1621 Donec
1416 1593 1495 1621 au·-

111 1666 132 1689 »
166 1646 332 1692 feratur
352 1647 473 1703 luna,
498 1648 613 1692 »nisi
635 1648 849 1692 efficiatur
868 1658 918 1691 ut
940 1663 1030 1692 non
1052 1648 1135 1691 sit?
1153 1648 1361 1692 Fortassis
1381 1649 1495 1692 enim

109 1719 194 1763 hoc
232 1717 417 1775 intelligi
452 1718 621 1773 voluit,
658 1733 714 1762 ne
742 1718 925 1762 ulterius
956 1719 1011 1762 sit
1030 1718 1294 1773 mortalitas,
1318 1718 1497 1778 quando

115 1807 136 1832 «
170 1789 410 1833 Novissima
429 1789 603 1833 inimica
631 1788 880 1833 destruetur
900 1790 1046 1833 mors4
1071 1808 1080 1833 z
1109 1807 1129 1829 »
1155 1797 1206 1833 ut
1226 1789 1342 1848 pacis
1364 1790 1501 1833 abun-

115 1858 263 1903 dantia
285 1873 423 1919 usque
445 1858 500 1902 ad
518 1859 602 1902 hoc
639 1858 903 1919 perducatur
919 1895 930 1915 ,
963 1874 1017 1902 ne
1046 1859 1154 1920 quid
1175 1859 1343 1903 resistat
1363 1858 1501 1903 felici-

112 1929 193 1974 tati
209 1929 437 1974 beatorum
462 1946 513 1973 ex
537 1931 784 1974 infirmitate
805 1929 1101 1987 mortalitatis3
1127 1929 1246 1989 quod
1268 1930 1349 1973 erit
1363 1931 1408 1975 in
1426 1931 1503 1978 illo

109 2000 291 2055 saeculo,
318 2003 441 2061 cujus
468 2010 667 2045 tenemus
689 2001 863 2046 fidelem
886 2001 1213 2061 promissionem
1240 2003 1314 2046 Dei
1337 2018 1414 2062 per
1431 2006 1504 2048 Je-

110 2087 209 2116 sum
231 2072 456 2117 Christum
475 2072 711 2116 Dominum
732 2082 945 2128 nostrum,
962 2073 1017 2117 de
1039 2089 1127 2133 quo
1150 2073 1328 2118 dicitur:
1348 2094 1368 2116 «
1383 2075 1501 2119 Orie-

114 2160 135 2184 »
171 2151 244 2186 tur
265 2143 312 2186 in
333 2142 491 2186 diebus
512 2145 603 2204 ejus
620 2143 786 2204 justitia
803 2153 846 2188 et
868 2143 1134 2188 abundantia
1152 2144 1266 2204 pacis
1288 2164 1297 2190 :
1321 2162 1341 2186 »
1362 2145 1502 2190 donec

109 2222 251 2258 morte
272 2214 452 2258 omnino
473 2213 643 2259 devicta
672 2223 803 2276 atque
836 2214 1057 2260 destructa
1087 2216 1227 2260 omnis
1262 2216 1501 2261 mortalitas

108 2285 471 2330 absumatur.-Sin
493 2301 595 2331 vero
611 2286 826 2331 vocabulo
842 2286 975 2340 lunae,
989 2301 1080 2330 non
1096 2285 1333 2331 mortalitas
1355 2288 1494 2332 carnis

105 2371 184 2415 per
199 2370 332 2415 quam
353 2371 470 2400 nunc
492 2357 645 2400 transit
660 2355 871 2412 Ecclesia,
887 2355 964 2401 sed
983 2357 1074 2417 ipsa
1094 2358 1273 2402 omnino
1294 2357 1488 2401 Ecclesia

106 2426 342 2485 significata
358 2435 442 2483 est,
465 2443 565 2487 quae
586 2437 838 2488 permaneat
853 2429 900 2472 in
922 2437 1134 2473 aeternum
1152 2464 1164 2485 ,
1189 2428 1245 2473 ab
1266 2429 1347 2473 hac
1365 2443 1486 2473 mor-

157 2527 168 2544 ¹
194 2521 275 2554 Psal.
294 2532 382 2564 an,
405 2533 436 2564 7.
463 2539 505 2546 --
524 2530 539 2547 ²
557 2523 656 2558 Eccli.
675 2534 776 2565 xxxu,
792 2523 826 2556 6.
858 2541 900 2548 -
933 2520 947 2548 3
964 2524 1045 2558 Psal.
1066 2535 1197 2566 cxxxm,
1216 2533 1248 2557 2.
1269 2541 1311 2547 ·-
1328 2522 1346 2553 4
1371 2535 1384 2556 1
1419 2525 1489 2557 Cor.

112 2587 165 2618 xv,
185 2577 241 2610 26.

1832 1547 1886 1563 *a*
