1889 3285
370 231 451 269 120
793 244 826 270 s.
863 242 1093 272 Aucus‘nm
1126 245 1308 272 Emscom

366 306 546 366 spiritali
563 306 755 366 quodam
773 317 816 352 et
833 323 983 353 securo
1001 308 1098 354 loco
1117 311 1337 354 intueatur
1357 310 1459 364 ima,
1479 324 1570 354 non
1589 309 1651 353 ita
1665 323 1751 352 res-

363 377 526 436 piciens
548 385 598 421 ut
630 377 777 433 cadat,
810 378 884 422 sed
907 387 954 422 ut
986 389 1158 424 moveat
1182 381 1258 440 qui
1277 380 1506 424 transilivit
1528 380 1674 439 pigros
1700 388 1752 422 ut

365 457 619 507 sequantur,
646 459 690 493 et
705 449 855 494 laudet
875 449 1021 493 locum
1044 466 1132 510 quo
1150 450 1429 495 transiliendo
1452 450 1664 509 pervenit.
1685 452 1750 493 Ita

366 519 480 562 enim
500 520 577 564 iste
599 520 842 564 transiliens
865 536 992 580 super
1015 520 1180 581 aliquid
1207 531 1286 577 est,
1313 531 1363 566 ut
1383 521 1465 565 sub
1488 520 1635 580 aliquo
1657 521 1713 564 sit
1739 539 1748 564 ε

366 589 485 633 unde
512 591 632 650 prius
661 591 786 635 nobis
817 592 1035 635 insinuare
1055 591 1195 636 voluit
1228 593 1309 636 sub
1337 608 1426 653 quo
1457 601 1578 635 tutus
1600 591 1670 645 sit,
1703 599 1754 634 ut

365 658 478 705 illud
495 660 615 721 quod
639 660 888 717 transilivit3
913 677 1002 705 non
1024 662 1077 706 sit
1094 662 1326 721 superbiae,
1348 661 1422 706 sed
1444 669 1692 721 provectus.

430 735 488 775 ΙΙ.
518 735 569 774 In
603 731 795 791 quodam
815 747 914 789 ergo
933 731 1029 776 loco
1052 734 1223 777 munito
1244 733 1408 793 positus
1433 732 1493 776 ait
1518 752 1526 776 :
1555 751 1574 773 «
1599 734 1754 776 Nonne

370 821 393 843 »
429 805 518 846 Deo
547 803 801 862 subjicietur
824 803 966 847 anima
993 805 1133 847 mea¹i³
1163 823 1182 845 »
1215 804 1425 850 Audierat
1448 804 1562 847 enim
1590 822 1600 847 ι
1629 823 1648 844 «
1673 802 1756 855 Qui

373 892 393 914 »
429 889 473 917 se
501 872 679 928 exaltat,
707 873 1036 932 humiliabitur,
1072 884 1116 918 et
1136 875 1212 935 qui
1234 891 1277 919 se
1304 873 1521 929 humiliat,
1554 872 1757 917 exaltabi-

376 961 396 983 »
435 947 532 986 tur²
559 963 567 987 :
589 963 608 984 »
635 953 677 987 et
699 944 893 1003 trepidus
915 961 970 988 ne
992 945 1272 990 transiliendo
1293 945 1550 1005 superbiret,
1569 959 1658 987 non
1672 942 1759 986 ela-

378 1022 446 1058 tus
465 1029 514 1057 ex
535 1013 601 1056 his
629 1030 727 1074 quse
752 1014 863 1058 infra
894 1024 1049 1069 essent,
1075 1015 1149 1059 sed
1180 1015 1356 1059 humilis
1384 1031 1433 1059 ex
1457 1030 1507 1059 eo
1533 1015 1609 1074 qui
1631 1029 1759 1072 supra

372 1095 505 1140 csset3
535 1093 743 1144 tanquam
780 1085 1048 1128 minantibus
1091 1086 1130 1128 ei
1162 1086 1332 1129 ruinam
1363 1083 1519 1128 invidis
1553 1084 1631 1144 qui
1660 1099 1760 1126 cum

373 1154 649 1198 transilivisse
671 1154 917 1209 doluerant,
944 1155 1169 1215 respondit
1195 1175 1203 1200 ε
1235 1176 1255 1197 (ι
1277 1158 1432 1201 Nonne
1450 1158 1540 1199 Deo
1562 1154 1762 1214 subjicie-
1822 1182 1823 1185 =
1872 1169 1877 1230 ζ

379 1244 396 1264 >³
434 1235 505 1267 tur
528 1225 668 1267 anima
688 1240 796 1267 mea.
828 1244 847 1265 n
875 1224 991 1278 Quid
1009 1236 1071 1269 est
1089 1226 1207 1285 quod
1232 1226 1339 1269 mihi
1355 1224 1491 1270 veluti
1506 1223 1762 1268 transilienti

373 1295 564 1354 quaeritis
587 1295 806 1354 laq-uscos?
838 1295 1124 1340 Insultatione
1146 1296 1329 1356 dejicere
1348 1311 1416 1339 me
1437 1294 1583 1349 vultis,
1605 1304 1680 1338 aut
1697 1310 1764 1338 se-

373 1366 580 1410 ductione
600 1366 813 1424 decipere.
839 1367 1065 1426 Numquid
1082 1368 1140 1410 ita
1163 1367 1338 1410 memini
1356 1382 1483 1425 supra
1508 1365 1628 1425 quod
1645 1380 1759 1419 sum,

373 1446 423 1479 ut
444 1436 606 1480 oblitus
635 1436 714 1479 sim
736 1451 824 1495 quo
847 1438 968 1479 sum?
986 1457 1006 1478 «
1026 1439 1181 1481 Nonne
1199 1440 1287 1480 Deo
1302 1437 1497 1497 subjecta
1519 1436 1601 1479 erit
1622 1435 1764 1478 anima

377 1524 396 1545 »
432 1507 557 1549 mea?
589 1525 608 1546 »
644 1510 1057 1566 Quantumcumque
1092 1506 1294 1550 accedam
1311 1542 1322 1561 ,
1358 1515 1765 1566 quantumcumque

374 1576 621 1630 ascendam,
648 1585 1056 1636 quantumcumque
1075 1576 1329 1631 transiliam,
1350 1577 1432 1620 sub
1451 1579 1542 1620 Deo
1561 1592 1650 1630 ero,
1675 1591 1765 1619 non

375 1657 528 1692 contra
551 1650 706 1690 Deum.
742 1650 923 1692 Securus
953 1664 1055 1707 ergo
1090 1647 1347 1692 transcendo
1381 1657 1550 1701 caetera,
1587 1646 1764 1707 quando

378 1718 452 1761 ille
474 1733 544 1762 me
567 1718 648 1761 sub
677 1733 720 1761 se
749 1726 869 1761 tenet
900 1719 976 1778 qui
1005 1727 1067 1762 est
1101 1734 1230 1777 super
1258 1718 1417 1762 omnia.
1451 1720 1645 1763 «Nonne
1676 1720 1765 1762 Deo

381 1806 401 1828 »
436 1789 630 1848 subjecta
652 1789 733 1831 erit
748 1788 889 1831 anima
911 1790 1034 1832 mea?
1054 1789 1123 1832 Ab
1146 1789 1238 1847 ipso
1257 1790 1372 1832 enim
1389 1788 1575 1832 salutare
1597 1804 1760 1832 meum.

382 1878 405 1898 υ
440 1859 614 1902 Etenim
635 1858 725 1917 ipse
743 1867 806 1901 est
828 1861 942 1901 Deus
962 1874 1084 1902 meus
1105 1867 1146 1901 et
1160 1858 1358 1902 salutaris
1384 1874 1519 1910 meus,
1545 1869 1770 1919 susceptor

385 1948 404 1969 n
442 1944 579 1982 meus,
606 1945 695 1973 non
712 1929 921 1973 movebor
943 1928 1191 1987 amplius3.»
1217 1929 1312 1973 Scio
1336 1930 1432 1989 quis
1455 1945 1584 1988 supra
1607 1945 1676 1974 me
1698 1930 1766 1984 sit,

383 1999 471 2043 scio
491 1999 588 2059 quis
606 1998 849 2058 praetendat
860 1999 1190 2043 misericordiam
1207 2015 1327 2042 suam
1351 1999 1586 2043 scientibus
1600 2015 1660 2054 se,
1681 2001 1769 2044 scio

386 2069 468 2113 sub
495 2071 617 2130 cujus
649 2069 814 2113 alarum
840 2070 1029 2127 tegmine
1050 2085 1217 2129 sperem
1245 2088 1255 2114 2
1285 2089 1304 2110 α
1327 2072 1422 2114 Non
1445 2069 1653 2114 movebor
1674 2086 1768 2115 am-

387 2158 408 2181 »
444 2139 570 2198 plius.
598 2158 616 2179 »
644 2140 778 2197 Agitis
800 2139 978 2199 quidem
1007 2155 1104 2194 vos,
1129 2139 1188 2182 ait
1210 2138 1494 2199 quibusdam,
1526 2139 1769 2185 transiliens

387 2224 458 2253 eos
476 2210 588 2268 ipsos
611 2210 768 2269 quibus
786 2209 891 2253 dicit
915 2229 923 2252 ;
946 2208 1081 2267 Agitis
1101 2209 1280 2269 quidem
1304 2225 1380 2253 vos
1405 2219 1455 2253 ut
1482 2225 1673 2265 movear,
1694 2210 1770 2254 sed

385 2296 475 2324 non
496 2280 640 2323 veniat
657 2280 761 2324 mihi
785 2296 856 2339 pes
874 2281 1101 2339 superbiae.
1128 2283 1192 2324 Ex
1213 2281 1296 2324 hoc
1317 2279 1432 2323 enim
1455 2280 1505 2324 fit
1522 2281 1643 2341 quod
1664 2290 1707 2325 et
1723 2281 1771 2325 in

386 2351 480 2410 ipso
509 2350 678 2394 Psalmo
707 2351 901 2410 sequitur
939 2370 948 2394 2
989 2371 1007 2393 «
1028 2353 1116 2395 Nec
1146 2366 1298 2394 manus
1327 2359 1603 2409 peccatorum
1630 2351 1771 2396 dimo-

389 2439 409 2461 »
444 2429 542 2464 veat
561 2421 647 2463 me⁴
673 2439 680 2463 :
716 2438 735 2460 »
761 2421 830 2464 cui
851 2431 1060 2465 consonat
1085 2441 1092 2465 ι
1120 2441 1139 2462 α
1165 2424 1260 2465 Non
1286 2420 1495 2465 movebor
1518 2421 1716 2480 amplius.
1746 2440 1766 2463 »

387 2489 455 2535 Ad
474 2489 583 2534 illud
612 2490 727 2534 enini
748 2491 869 2550 quod
898 2491 957 2534 ibi
980 2491 1146 2535 dictum
1169 2500 1232 2535 est
1257 2493 1368 2536 :Nec
1391 2507 1545 2536 manus
1567 2501 1770 2551 peceato-

441 2582 446 2595 ¹
471 2574 743 2615 P÷:.!.1.x1‚2.·—
765 2581 776 2596 ²
800 2573 910 2606 Manli.
932 2585 1024 2615 xxm,
1048 2583 1096 2606 1‘2.
1116 2592 1154 2596 —
1178 2573 1281 2606 3Psal.
1305 2586 1365 2611 in,
1388 2575 1417 2607 3.
1440 2574 1510 2599 -Ᾰ
1536 2576 1581 2608 ld.
1598 2586 1693 2617 xxxv,
1716 2584 1766 2608 12.

1863 3163 1866 3221 ἰ
