1889 3285
396 273 636 300 namnum
669 274 712 300 ΙΝ
746 272 947 301 PsALMUM
979 274 1095 301 Lxxr.
1353 263 1435 302 425

62 355 81 377 »
117 346 180 381 est
202 338 335 382 Filius
356 353 477 382 meus
500 337 721 382 dilectus¹.
745 356 765 379 »
791 339 901 382 Hinc
924 352 1026 397 ergo
1048 337 1244 383 doctrina
1267 340 1357 399 ejus
1373 341 1439 384 in-

59 408 220 467 cipiens
242 419 285 452 et
306 408 539 467 magisterii
574 408 758 452 coelestis
789 409 1040 461 auctoritas,
1074 408 1279 453 dilatatur
1300 426 1438 470 usque

59 478 115 522 ad
151 479 356 523 terminos
388 479 502 523 orbis
536 489 687 534 terrae,
725 495 826 523 cum
858 479 1120 538 praedicatur
1152 481 1438 537 Evangelium

58 551 179 609 regni
199 551 243 593 in
261 551 460 595 universo
476 552 596 607 orbe,
614 552 658 594 in
676 552 970 596 testimonium
994 551 1193 596 omnibus
1211 553 1434 610 gentibus:

58 629 101 664 ct
122 628 227 665 tunc
248 621 393 665 veniet
414 622 524 665 finis.

116 691 218 734 XII.
250 710 269 732 «
293 693 448 736 Coram
473 691 546 735 illo
575 690 778 735 decident
811 691 1060 751 AEthiopes,
1086 700 1128 735 et
1160 691 1321 734 inimici
1349 693 1439 752 ejus

60 778 80 802 >›
116 769 275 804 terram
316 760 482 819 lingent
507 765 538 805 ².
579 781 598 803 »
636 765 718 805 Per
752 762 1007 821 AEthiopeS,
1059 778 1082 806 a
1114 771 1236 821 parte
1267 771 1436 818 totum,

57 846 205 875 omnes
223 841 370 889 gentes
394 832 670 890 significavit,
697 848 790 876 eam
807 831 967 890 eligens
990 841 1162 890 gentem
1177 868 1187 888 ,
1214 848 1343 893 quam
1360 849 1442 892 po-

56 902 266 945 tissimum
288 902 532 946 nominaret
548 938 558 957 ,
595 918 694 962 quae
724 903 770 946 in
791 902 952 946 finibus
974 912 1099 946 terrae
1129 912 1207 947 est.
1239 922 1258 945 «
1284 905 1440 947 Coram

58 989 79 1013 »
113 970 188 1015 illo
210 971 463 1030 procident,
492 991 511 1013 >›
541 971 706 1016 dictum
735 982 825 1027 est,
851 972 1099 1016 adorabunt
1119 988 1234 1016 eum,
1259 975 1317 1017 Et
1339 974 1439 1033 quia

56 1041 283 1084 schismata
317 1041 463 1085 futura
504 1052 627 1086 erant
653 1058 731 1101 per
753 1042 920 1086 diversa
944 1051 1158 1086 terrarum
1195 1043 1289 1087 loca
1307 1078 1317 1096 ,
1343 1059 1442 1103 quae

55 1109 301 1154 inviderent
310 1110 515 1155 Ecclesiae
533 1112 758 1156 catholicae
776 1121 868 1156 toto
891 1122 1102 1156 terrarum
1127 1112 1233 1156 orbe
1250 1111 1438 1169 diffusae,

56 1179 206 1224 eadem
229 1196 358 1240 porro
382 1182 608 1226 schismata
633 1198 710 1241 per
734 1183 963 1227 hominum
997 1183 1174 1226 nomina
1198 1198 1241 1226 se
1269 1182 1442 1227 fuerant

48 1249 272 1309 divisura3
299 1261 341 1295 et
362 1252 558 1297 homines
590 1251 799 1307 amando,
832 1252 993 1313 quibus
1025 1253 1275 1297 auctoribus
1316 1254 1442 1298 scissa

55 1330 158 1366 sunt
174 1356 185 1377 ,
213 1321 361 1381 gloriae
383 1322 543 1367 Christi
561 1358 571 1377 ,
599 1339 698 1383 quae
712 1337 789 1381 per
810 1337 959 1366 omnes
981 1332 1114 1367 terras
1136 1332 1200 1367 est
1216 1358 1226 1378 ,
1252 1323 1443 1367 inimica-

55 1401 152 1438 tura
177 1412 186 1437 z
211 1393 310 1439 ideo
343 1409 445 1438 cum
469 1393 671 1439 dixisset:
701 1413 722 1436 «
755 1396 911 1438 Coram
946 1393 1021 1438 illo
1043 1393 1247 1438 decident
1267 1395 1442 1439 AEthio-

57 1480 79 1505 »
113 1479 216 1523 pes3
250 1482 269 1504 »
296 1464 522 1524 adjunxit:
552 1483 572 1506 «
597 1467 649 1508 Et
678 1464 842 1507 inimici
866 1466 959 1524 ejus
992 1473 1151 1507 terram
1184 1464 1377 1522 lingent:
1397 1464 1443 1509 id

55 1543 139 1589 est,
179 1535 378 1579 homines
406 1535 637 1590 amabunt,
669 1544 720 1578 ut
746 1534 971 1578 invideant
993 1533 1141 1593 gloriae
1163 1535 1347 1590 Christi,
1373 1536 1443 1580 cui

55 1605 223 1649 dictum
244 1613 306 1649 est
327 1624 334 1649 :
366 1624 386 1647 «
409 1605 608 1649 Exaltare
630 1620 760 1664 super
781 1604 932 1658 coelos,
959 1608 1089 1660 Deus,
1118 1614 1163 1649 et
1194 1621 1323 1665 super
1346 1621 1442 1650 om-

57 1693 78 1717 »
113 1690 214 1719 nem
236 1685 392 1720 terram
418 1676 552 1734 gloria
574 1677 692 1719 tua3.
714 1694 733 1716 »
753 1678 895 1719 Homo
914 1675 1076 1734 quippe
1098 1674 1248 1721 audire
1265 1676 1440 1732 meruit,

10 1791 11 1794 ,
59 1765 80 1788 «
116 1748 245 1789 Terra
268 1760 333 1799 es,
368 1755 411 1790 et
433 1746 478 1788 in
500 1755 659 1790 terram
682 1745 763 1788 ibis
777 1746 808 1788 4.
838 1763 857 1785 n
895 1748 1015 1789 Hanc
1033 1757 1187 1789 terram
1205 1745 1414 1805 lingendo
1429 1782 1440 1802 ,

55 1816 101 1860 id
122 1825 210 1871 est,
243 1816 396 1860 talium
420 1817 678 1860 auctoritate
699 1815 932 1875 vaniloqua
954 1815 1180 1872 delectati,
1206 1833 1277 1861 eos
1300 1832 1444 1861 aman-

56 1886 113 1930 do
130 1922 141 1940 ,
167 1895 210 1930 et
233 1887 277 1929 in
300 1886 570 1931 suavissimos
592 1884 812 1939 habendo,
839 1885 1146 1931 contradicunt
1166 1886 1322 1931 divinis
1340 1887 1445 1932 Elo-

57 1957 170 2017 quiis
187 1992 198 2012 ,
223 1956 380 2017 quibus
403 1957 615 2001 catholica
638 1956 829 2001 Ecclesia
860 1958 1153 2016 praenuntiata
1177 1968 1240 2002 est
1257 1993 1267 2011 ‚
1288 1973 1378 2002 non
1398 1959 1444 2002 in

57 2026 202 2087 aliqua
231 2036 353 2086 parte
374 2035 587 2071 terrarum
615 2025 786 2082 futura,
825 2027 934 2071 sicut
955 2027 1164 2088 quaelibet
1186 2029 1411 2073 schismata
1431 2050 1441 2087 3

57 2097 132 2141 sed
154 2099 199 2141 in
222 2098 423 2142 universo
446 2098 612 2142 mundo
637 2097 942 2143 fructificando
965 2107 1096 2158 atque
1118 2099 1350 2144 crescendo
1371 2115 1446 2144 us-

58 2184 144 2229 que
176 2168 227 2213 ad
260 2168 374 2228 ipsos
408 2170 633 2229 AEthiopes
652 2205 662 2224 ,
686 2179 895 2214 extremos
916 2170 1119 2215 videlicet
1141 2181 1184 2216 et
1204 2172 1445 2216 teterrimos

58 2239 287 2284 hominum
309 2250 587 2299 perventura.

116 2311 241 2353 XIII.
264 2329 284 2352 «
309 2313 448 2369 Reges
468 2310 637 2354 Tharsis
660 2319 703 2354 et
722 2310 876 2355 insulae
902 2326 1082 2355 munera
1101 2311 1307 2366 offerent,
1325 2327 1444 2370 reges

62 2397 83 2420 »
118 2379 312 2423 Arabum
350 2388 393 2423 et
417 2380 526 2424 Saba
554 2380 669 2425 dona
706 2380 940 2425 adducent.
977 2384 1034 2424 Et
1068 2381 1316 2425 adorabunt
1344 2397 1444 2425 eum

18 2470 19 2490 1
63 2467 84 2491 »
119 2464 267 2494 omnes
299 2465 420 2509 reges
449 2460 574 2494 terrae
592 2485 603 2506 ‚
639 2466 788 2495 omnes
811 2460 960 2510 gentes
982 2452 1170 2496 servient
1201 2452 1280 2496 ei⁵.
1307 2472 1324 2492 »
1352 2454 1444 2495 Hoc

109 2552 118 2568 ¹
137 2546 250 2578 Matth.
271 2556 319 2587 ui,
343 2556 394 2589 17.
415 2563 456 2570 —-
476 2554 488 2570 ²
509 2547 587 2580 rsal.
605 2558 689 2584 mxl,
708 2559 740 2589 ς).
761 2563 803 2570 ——
825 2546 898 2579 31‹1.
920 2558 992 2588 cvn,
1016 2550 1049 2580 6.
1070 2565 1111 2571 -—-
1129 2547 1144 2577 4
1164 2550 1244 2580 Gen.
1263 2559 1311 2584 nr,
1332 2558 1383 2589 19.
1404 2563 1445 2570 —-

64 2599 78 2625 5
100 2601 177 2633 Psal.
198 2612 280 2644 Lxxi,
304 2614 355 2644 10,
381 2614 430 2635 ιιΔ
