1889 3285
416 232 498 272 146
873 241 906 268 S.
941 241 1169 269 Aueusrim
1200 243 1379 269 EPISCOPI

415 327 435 349 »
471 317 637 362 temus,
677 306 783 350 dicit
818 306 1026 350 Dominus
1046 307 1077 348 1.
1113 324 1132 347 »
1164 306 1393 365 Disputare
1424 307 1488 350 vis
1509 340 1519 360 ,
1560 316 1794 364 antequam
1854 329 1859 338 ψ

410 377 539 422 facias
560 375 679 420 unde
696 375 851 433 dignus
867 375 921 419 sis
948 374 1188 434 disputare,
1214 391 1349 435 quare
1360 377 1444 421 1100
1458 375 1650 435 permisit
1661 378 1790 419 Deus.
1856 402 1858 410 ι

410 447 651 492 Consilium
681 446 758 490 Dei
794 446 870 490 tibi
903 444 1068 500 dicere,
1097 461 1123 489 o
1143 445 1298 501 homo,
1338 461 1427 490 non
1454 460 1659 506 possum:
1684 443 1796 489 illud

411 526 558 561 tamen
579 515 678 561 dico
693 551 704 572 ‚
744 516 847 576 quia
870 525 913 559 et
946 515 1093 575 inique
1114 516 1217 560 fecit
1238 517 1370 561 homo
1392 517 1467 577 qui
1492 515 1651 561 occidit
1665 515 1797 560 inno-

407 595 593 641 centem,
613 596 657 631 et
677 601 766 630 non
777 586 901 629 fieret
912 585 992 629 nisi
1009 585 1402 645 permitteretDeus
1424 606 1434 631 2
1454 595 1498 630 et
1518 585 1714 646 quamvis
1723 583 1797 628 ille

406 657 555 718 inique
574 656 740 713 fecerit,
765 673 855 701 non
872 666 1017 701 tamen
1027 657 1111 701 hoc
1125 657 1272 717 inique
1286 658 1478 717 permisit
1493 661 1623 702 Deus.
1645 660 1798 701 Lateat

409 744 537 772 causa
549 728 593 772 in
606 727 688 772 isto
701 727 845 771 nescio
861 743 965 787 quo,
978 726 1032 770 de
1047 742 1135 787 quo
1144 728 1343 783 moveris,
1362 729 1485 788 cujus
1499 726 1747 771 innocentia
1754 734 1798 770 te

409 806 647 856 permovet.
665 800 839 842 Possem
854 796 970 840 enim
983 796 1064 841 tibi
1078 797 1165 841 cito
1177 797 1437 857 respondere
1451 800 1569 843 :Non
1581 796 1800 841 occidere-

409 877 482 912 tur
495 867 577 913 nisi
588 883 748 912 nocens
762 876 870 911 esset
884 886 893 912 ι
912 867 989 911 sed
1001 876 1050 911 tu
1064 883 1166 912 eum
1177 867 1454 912 innocentem
1467 877 1608 928 putas.
1626 870 1800 911 Possem

409 938 491 982 tibi
504 938 587 983 hoc
599 938 685 983 cito
701 937 861 982 dicere.
882 940 980 984 Non
993 938 1109 982 enim
1130 947 1179 982 tu
1192 939 1439 983 scrutareris
1452 954 1526 983 cor
1534 939 1640 998 ejus,
1655 937 1801 982 discu-

409 1018 520 1053 teres
531 1006 644 1053 facta
654 1009 760 1068 ejus,
777 1009 1043 1052 examinares
1057 1008 1340 1068 cogitationes
1354 1010 1460 1069 ejus,
1482 1018 1532 1053 ut
1543 1008 1677 1068 possis
1693 1007 1801 1051 mihi

411 1079 753 1140 dicere21njuste
770 1080 936 1124 occisus
951 1089 1028 1124 est.
1045 1083 1216 1124 Possem
1236 1095 1338 1139 ergo
1360 1078 1487 1124 facile
1510 1077 1771 1138 respondere
1789 1097 1798 1123 :

410 1150 487 1194 sed
506 1150 743 1209 opponitur
759 1150 866 1194 mihi
887 1149 1063 1209 quidam
1088 1153 1112 1194 J
1117 1160 1260 1205 ustus,
1291 1150 1383 1194 sine
1407 1150 1698 1194 controversia
1715 1150 1804 1209 jus·

407 1229 477 1264 tus
492 1255 503 1275 ,
528 1221 619 1264 sine
641 1220 916 1265 dubitatione
933 1221 1077 1281 justus
1092 1255 1103 1272 ,
1128 1219 1204 1281 qui
1227 1235 1317 1265 non
1339 1220 1533 1264 habebat
1553 1228 1799 1279 peccatum,

410 1290 575 1334 occisus
598 1306 622 1334 a
642 1290 944 1350 peccatoribus
957 1325 968 1345 ,
994 1290 1178 1334 traditus
1202 1306 1225 1334 a
1242 1299 1484 1350 peccatore,
1500 1290 1591 1349 ipse
1607 1289 1805 1334 Christus

412 1360 632 1416 Dominus,
645 1359 699 1404 de
712 1376 800 1420 quo
815 1376 903 1404 non
917 1376 1145 1419 possumus
1158 1361 1301 1404 dicere
1314 1360 1436 1420 quod
1448 1360 1602 1404 habuit
1613 1359 1805 1419 aliquam

411 1431 711 1492 iniquitatem,
734 1431 837 1492 quia
854 1446 903 1474 ea
917 1446 1017 1490 quae
1034 1445 1125 1475 non
1144 1431 1290 1490 rapuit
1303 1430 1574 1486 exolvebat2,
1601 1430 1805 1490 objicitur

412 1502 535 1546 mihi.
561 1504 618 1546 Et
638 1501 746 1562 quid
767 1501 911 1545 dicam
930 1501 985 1546 de
1005 1502 1210 1546 Christo?
1234 1504 1395 1545 Tecum
1418 1517 1498 1560 ago
1514 1536 1525 1556 ,
1557 1501 1716 1561 inquis.
1747 1504 1807 1546 Et

413 1587 494 1631 ego
517 1580 678 1616 tecum.
713 1574 775 1615 De
804 1570 880 1615 illo
909 1571 1116 1631 proponis
1145 1571 1452 1631 quaestionem,
1485 1570 1540 1615 de
1574 1571 1649 1616 illo
1685 1571 1805 1616 solvo

415 1641 716 1703 quaestionem.
747 1640 816 1684 Ibi
836 1641 953 1684 enim
970 1640 1200 1685 consilium
1223 1642 1302 1685 Dei
1323 1641 1548 1697 novimus,
1565 1641 1806 1702 quodnon-

417 1713 499 1757 nisi
522 1713 615 1772 ipso
636 1710 855 1756 revelante
875 1727 1098 1757 nossemus
1126 1731 1135 1757 2
1160 1721 1210 1756 ut
1232 1728 1332 1757 cum
1356 1721 1405 1757 tu
1426 1713 1640 1758 inveneris
1664 1714 1807 1759 consi-

417 1782 528 1829 lium
554 1782 653 1838 Dei,
679 1798 767 1843 quo
789 1784 983 1842 permisit
1009 1783 1287 1828 innocentem
1309 1782 1474 1828 Filium
1500 1784 1638 1829 occidi
1661 1785 1715 1829 ab
1738 1785 1808 1829 in-

413 1856 561 1917 justis,
587 1865 631 1900 et
653 1854 738 1900 tale
761 1855 989 1900 consilium
1013 1859 1142 1916 quale
1166 1856 1245 1900 tibi
1268 1855 1438 1915 placeat
1456 1891 1466 1910 ,
1492 1864 1536 1900 et
1551 1855 1679 1915 quale
1695 1855 1776 1900 tibi
1792 1891 1805 1911 ,

420 1929 454 1973 si
472 1929 613 1988 justus
631 1942 674 1970 es
689 1961 701 1981 ,
731 1926 957 1986 displicere
977 1943 1068 1971 non
1093 1928 1226 1986 possit
1240 1962 1251 1982 ,
1279 1926 1428 1971 credas
1456 1927 1558 1986 quia
1579 1936 1622 1971 et
1642 1927 1690 1971 in
1714 1927 1807 1971 aliis

421 1998 601 2043 consilio
615 1997 659 2042 id
677 2007 775 2057 agat
791 2001 906 2042 Deus
923 2033 934 2053 ,
962 1997 1037 2042 sed
1052 1997 1160 2042 latet
1181 2008 1237 2042 te.
1259 1999 1354 2052 Eia,
1380 1996 1556 2052 iratres,
1583 2013 1691 2057 opus
1717 2008 1808 2043 erat

422 2068 631 2127 sanguine
653 2070 677 2112 J
682 2068 766 2112 usti
794 2068 850 2112 ad
884 2067 1122 2112 delendum
1143 2067 1482 2126 chirographum
1498 2077 1805 2126 peccatorum3
1845 2075 1849 2095 ³

424 2154 532 2199 opus
555 2147 645 2183 erat
676 2137 872 2198 exemplo
894 2137 1115 2197 patientiae
1131 2173 1143 2193 ,
1169 2137 1368 2197 exemplo
1387 2136 1665 2196 humilitatis3
1698 2153 1808 2198 opus

425 2219 515 2253 erat
529 2209 650 2268 signo
663 2208 801 2254 crucis
815 2207 869 2252 ad
881 2207 1105 2252 diabolum
1126 2217 1168 2252 et
1186 2209 1274 2268 ejus
1286 2207 1462 2267 angelos
1478 2207 1778 2253 debellandos3
1793 2231 1805 2267 3

426 2295 533 2340 opus
570 2279 695 2324 nobis
723 2288 814 2323 erat
840 2279 1037 2338 passione
1067 2278 1239 2322 Domini
1268 2278 1404 2322 nostri
1441 2297 1450 2322 ε
1483 2294 1582 2322 113111
1611 2279 1809 2338 passione
1844 2323 1847 2329 ,

426 2349 598 2396 Domini
621 2348 869 2408 redemptus
890 2358 955 2393 est
976 2348 1106 2393 orbis.
1130 2353 1299 2402 Quanta
1323 2348 1439 2393 bona
1461 2349 1547 2406 egit
1568 2349 1707 2408 passio
1727 2353 1810 2394 Do-

426 2419 628 2465 miniPEt
641 2428 785 2463 tamen
798 2420 935 2478 passio
947 2420 1075 2479 hujus
1085 2422 1109 2463 J
1114 2420 1198 2463 usti
1218 2435 1308 2464 non
1325 2428 1448 2473 esset,
1471 2419 1552 2463 nisi
1572 2422 1810 2464 Dominum
1843 2413 1846 2457 ἶ

428 2490 566 2552 iniqui
599 2488 866 2534 occidissent.
906 2489 1020 2542 Quid
1058 2492 1190 2549 ergo?
1216 2490 1382 2534 1101111111
1414 2490 1497 2534 1100
1530 2491 1650 2550 quod
1680 2491 1807 2536 nobis
1842 2504 1845 2516 ·

479 2584 488 2600 ¹
509 2577 579 2609 lsai.
598 2587 621 2617 1,
645 2574 753 2607 16-18.
783 2592 822 2597 —
843 2582 855 2597 2
875 2574 953 2606 Psal.
976 2586 1080 2616 vam,
1109 2575 1140 2607 5.
1162 2592 1202 2599 -
1224 2574 1236 2598 3
1259 2575 1375 2608 Coloss.
1393 2587 1414 2617 1,
1437 2575 1488 2618 14,
1512 2575 1561 2607 15.
