1889 3285
236 236 477 268 ENARRATIO
510 241 542 266 11
574 239 620 266 m
651 236 855 267 PsALMUM
886 239 1021 276 Lvm,
1054 235 1194 266 SERMO
1226 239 1275 266 11.
1400 229 1456 267 79

76 303 160 348 illis
188 304 396 349 virtutem
416 338 427 357 ,
452 302 557 348 tolle
578 304 661 348 illis
682 302 985 349 fortitudinem
1017 317 1183 346 eorum.
1203 306 1299 347 «Et
1318 301 1461 348 deduc

81 393 99 416 »
125 389 196 419 eos
221 383 440 434 protector
458 390 578 419 meus
595 410 606 430 ,
631 374 828 419 Domine.
862 372 1029 417 Delicta
1057 372 1140 416 oris
1169 387 1342 428 eorum,
1376 389 1459 418 ser-

78 459 295 489 »monem
324 444 543 488 labiorum
583 460 734 489 eorum
769 463 777 488 :
809 452 851 487 et
873 442 1298 502 comprehendantur
1326 444 1371 487 in
1392 460 1461 488 su-

76 531 98 556 »
123 514 272 573 perbia
293 529 370 558 sua
391 533 399 559 :
425 523 469 558 et
489 530 541 558 ex
562 513 792 559 maledicto
813 521 857 558 et
880 512 1110 557 mendacio
1128 513 1460 558 annuntiabun-

77 601 99 626 »
123 593 196 628 tur
230 585 649 640 consummationes,
687 584 733 628 in
764 584 829 628 ira
859 583 1267 638 consummationis,
1304 593 1347 628 et
1370 600 1462 629 non

77 673 99 697 »
123 658 293 700 erunt1.
321 673 341 697 n
367 656 565 700 Obscura
587 664 708 711 sunt,
738 664 782 699 et
809 655 941 699 timeo
973 669 1028 698 ne
1061 669 1153 698 non
1186 654 1462 700 insinuentur

74 726 201 770 bene.
219 729 318 771 Jam
332 726 550 772 audiendo
563 725 729 785 fatigati
756 727 853 771 estis
876 745 887 772 :
910 726 1056 786 itaque
1085 726 1120 770 si
1139 725 1280 785 placet
1310 727 1464 772 Chari-

74 797 153 841 tati
174 799 361 853 Vestrae,
388 813 488 858 quse
512 808 675 843 restant
704 799 749 842 in
777 799 1011 842 erastinum
1033 797 1301 842 differamus.
1327 798 1463 859 Adju-

75 867 195 911 vabit
215 867 447 923 Dominus,
481 877 532 912 ut
558 869 682 913 vobis
704 868 902 913 debitum
926 867 1221 927 persolvamus
1246 887 1256 913 :
1283 869 1387 929 quia
1406 867 1463 913 de

74 935 150 981 isso
174 937 308 995 magis
330 952 464 997 quam
485 937 540 982 de
568 938 695 983 nobis
721 939 1029 998 promittimus.

74 1079 526 1097 mwvwwvxwmwvwmnmm
530 1081 1310 1098 mrmwuwmmmmmmmm
1323 1081 1464 1098 mmm

520 1202 904 1251 ENARRATIO
943 1206 992 1251 II

386 1350 435 1388 IN
478 1350 686 1389 EUMDEM
723 1349 960 1390 PSALMUM
1000 1350 1136 1390 LVIII.

653 1491 824 1528 SERMO
850 1492 903 1527 ΙΙ.

457 1640 519 1682 1)6
542 1638 732 1683 secunda
758 1647 880 1698 parte
903 1638 1076 1683 Psalmi.

135 1773 169 1813 I.
184 1772 435 1815 HEsTEnsz
447 1785 588 1815 sermo
599 1780 857 1831 protractus,
874 1772 1117 1816 debitorem
1133 1786 1202 1816 me
1216 1772 1261 1816 in
1283 1772 1461 1818 hodier-

75 1856 182 1885 num
198 1829 375 1900 reliquit
402 1861 411 1885 ;
436 1841 539 1901 quia
565 1857 668 1900 ergo
689 1842 899 1886 Dominus
927 1841 1091 1897 voluit,
1116 1842 1328 1887 reddendi
1350 1853 1462 1889 tem-

75 1927 156 1972 pus
178 1912 369 1956 advenit.
391 1915 531 1966 Quam
555 1928 658 1958 vero
682 1928 829 1957 sumus
858 1928 937 1957 nos
973 1913 1118 1958 devoti
1141 1913 1428 1960 redhibitores
1445 1950 1457 1971 ,

76 1992 163 2028 tam
186 1982 352 2028 debetis
376 1999 451 2028 vos
483 1999 573 2028 esse
609 1983 724 2028 avidi
744 1993 960 2028 exactores
989 2003 998 2028 :
1026 1984 1111 2029 hoc
1141 1994 1231 2040 est,
1262 1995 1309 2030 ut
1342 1985 1463 2046 quod

76 2052 150 2097 ifle
188 2053 344 2109 donat,
385 2063 429 2098 et
461 2069 539 2099 nos
567 2054 814 2109 reddimus,
840 2053 950 2112 (ille
978 2054 1094 2098 enim
1117 2055 1350 2111 Dominus,
1384 2072 1463 2101 nos

75 2124 185 2169 servi
200 2139 365 2180 sumus,
382 2124 459 2182 >sic
474 2125 705 2185 accipiatis,
721 2134 770 2169 ut
778 2125 832 2169 sit
843 2124 1010 2169 fructus
1023 2125 1069 2169 in
1082 2124 1306 2173 auditione
1318 2137 1460 2173 vestra

77 2193 131 2239 de
142 2195 231 2239 vita
243 2195 557 2240 vestra.Cultus
568 2196 684 2239 enim
697 2210 797 2254 ager
811 2194 1003 2240 fructum
1016 2212 1105 2240 non
1115 2195 1315 2253 reddens,
1333 2207 1377 2242 et
1395 2198 1461 2243 in-

75 2273 219 2323 gratus
240 2264 436 2322 agricolae
448 2265 739 2325 profrugibus
761 2264 903 2325 spinas
913 2265 1112 2322 afferens,
1132 2282 1221 2311 non
1232 2267 1455 2324 horreum,

77 2334 151 2379 sed
183 2335 327 2392 ignem
359 2334 531 2395 quaerit.
563 2335 774 2380 Dominus
812 2345 959 2380 autem
989 2339 1104 2381 Deus
1141 2346 1309 2394 noster,
1351 2338 1463 2383 sicut

77 2419 178 2448 eum
200 2403 355 2449 videtis
387 2405 499 2449 hanc
530 2413 690 2449 terram
716 2404 886 2450 visitare
912 2405 1128 2451 imbribus
1170 2407 1460 2464 solemnibus,

77 2473 138 2519 ita
152 2490 226 2520 cor
242 2483 441 2520 nostrum
466 2475 602 2522 verbo
618 2490 698 2521 suo
726 2483 937 2536 tanquam
958 2492 1112 2536 agrum
1142 2493 1272 2524 suum
1294 2478 1464 2525 visitare

127 2576 137 2593 ¹
159 2569 239 2604 Psal.
255 2580 345 2613 tvm,
360 2570 413 2612 13,
430 2568 481 2612 14.
