1889 3285
419 232 502 270 352
857 238 890 266 S.
928 238 1157 268 AUGUSTINI
1190 240 1371 267 Erlscom

421 326 441 348 »
477 321 565 350 non
582 313 763 365 possunt
783 304 978 349 occidere
998 308 1036 363 13
1055 324 1075 346 »
1098 308 1293 364 exemplo
1312 340 1323 360 ‚
1345 305 1506 349 faciens
1531 304 1652 364 quod
1665 303 1799 348 verbo
1853 305 1862 352 j}

416 375 644 435 praecepit‚
667 383 718 419 ut
739 385 819 420 nec
842 391 991 420 eorum
1008 375 1332 419 verberantium
1352 389 1505 418 manus
1525 373 1656 418 vellet
1676 372 1801 417 devi-
1853 399 1859 432 .'

417 455 522 501 tare,
552 462 633 490 nec
650 445 792 506 alapas
810 446 1144 506 percutientium
1156 480 1167 501 ,
1183 460 1264 489 nec
1282 444 1432 490 salivas
1445 444 1795 504 conspuentium,

414 532 495 560 nec
517 531 721 561 coronam
741 516 795 560 de
810 516 941 576 spinis
963 515 1308 576 imponentium,
1331 531 1411 560 nec
1435 529 1610 559 crucem
1631 514 1799 558 interfi-

414 586 623 631 cientium
650 605 658 631 :
684 585 795 630 nihil
815 587 974 630 horum
993 587 1129 630 vitare
1144 585 1286 631 voluit
1301 621 1311 641 ,
1335 586 1405 630 cui
1427 584 1538 629 nihil
1554 600 1662 644 opus
1680 593 1772 627 erat
1784 618 1796 638 ,

413 666 591 717 propter
614 672 685 701 eos
720 657 878 717 quibus
906 657 988 701 hoc
1012 672 1119 716 opus
1153 665 1272 713 erat3
1306 656 1464 700 faciens
1492 656 1663 714 aegrotis
1684 652 1739 698 de
1755 668 1800 697 se
1855 677 1858 715 ζ

412 728 505 786 ipso
522 726 904 771 medicamentum.
933 726 1264 771 Laboraverunt
1279 742 1381 785 ergo
1404 729 1616 783 Martyres
1635 744 1644 769 ι
1662 733 1706 768 et
1718 724 1801 768 nisi
1855 732 1858 787 j

411 796 484 841 ille
515 813 682 857 semper
717 797 881 842 adesset
913 798 989 857 qui
1018 797 1077 841 ait
1110 816 1118 842 :
1155 816 1175 839 «
1198 800 1311 842 Ecce
1339 812 1417 855 ego
1446 795 1670 840 vobiscum
1704 809 1801 839 sum

417 886 436 909 »
472 883 610 929 usque
638 868 693 912 ad
726 867 1145 913 consummationem
1169 867 1358 923 saeculi2,
1386 885 1406 908 »
1439 866 1592 926 utique
1615 863 1801 910 defecis-

415 947 524 983 sent.

474 1011 531 1052 II.
567 1011 644 1053 Est
675 1023 776 1066 ergo
805 1009 852 1052 in
883 1009 966 1053 hoc
1002 1008 1173 1053 Psalmo
1200 1023 1283 1053 vox
1306 1007 1726 1062 contribulatorum,
1759 1015 1802 1051 et
1856 1038 1857 1059 ἢ

412 1078 510 1123 ideo
533 1079 686 1139 utique
707 1082 952 1136 Martyrum
970 1079 1084 1123 inter
1105 1080 1322 1139 passiones
1338 1078 1699 1138 periclitantium,
1725 1076 1801 1121 sed

413 1148 468 1192 de
485 1164 562 1193 suo
587 1149 725 1208 capite
743 1150 1117 1208 przesumentium.
1137 1149 1377 1194 Audiamus
1399 1164 1491 1203 eos,
1513 1157 1555 1192 et
1569 1148 1802 1208 loquamur

416 1235 516 1263 cum
539 1219 597 1263 eis
620 1235 671 1263 ex
693 1220 854 1263 affectu
877 1219 1018 1264 cordis
1038 1254 1049 1274 ,
1085 1219 1252 1263 etiamsi
1279 1235 1366 1264 non
1401 1218 1683 1263 similitudine
1704 1233 1802 1278 pas-

415 1290 559 1334 sionis.
587 1289 657 1333 Illi
680 1290 899 1349 enimjam
922 1290 1116 1333 coronati
1138 1299 1238 1333 sunt
1255 1324 1265 1338 ,
1301 1305 1379 1333 nos
1407 1288 1551 1333 adhuc
1581 1287 1800 1348 periclita-

416 1376 516 1404 mur
543 1379 551 1404 :
576 1376 665 1404 non
689 1360 790 1419 quia
814 1359 919 1403 tales
937 1375 1014 1404 nos
1032 1359 1353 1419 persecutiones
1373 1368 1554 1417 urgent,
1572 1358 1720 1418 quales
1732 1359 1801 1418 ip-

416 1445 483 1475 sos
504 1439 730 1483 urserunt,
757 1428 831 1473 sed
850 1428 1028 1473 fortasse
1050 1430 1216 1489 pejores
1237 1429 1283 1473 in
1298 1428 1557 1474 omnimodis
1571 1428 1801 1487 generibus

416 1509 637 1545 tantorum
660 1498 979 1543 scandalorum.
1001 1501 1154 1543 Nostra
1176 1499 1291 1542 enim
1303 1508 1498 1558 tempora
1510 1499 1645 1557 magis
1659 1498 1802 1542 abun-

415 1571 545 1625 dant,
566 1569 641 1613 illo
665 1572 764 1623 Yae,
797 1568 919 1628 quod
938 1568 1140 1612 clamavit
1157 1569 1394 1613 Dominus?
1419 1589 1439 1609 «
1464 1572 1540 1612 Yae
1559 1568 1725 1612 mundo
1747 1567 1801 1612 ab

418 1658 438 1681 »
474 1639 701 1684 scandalis.
724 1642 780 1682 Et
807 1638 1013 1697 quoniam
1031 1638 1272 1682 abundavit
1297 1638 1501 1698 iniquitas
1518 1673 1529 1691 ,
1556 1636 1802 1696 refrigescet

417 1727 437 1750 »
473 1710 658 1754 charitas
680 1708 966 1753 multorum3.
994 1726 1014 1748 »
1041 1711 1192 1767 Neque
1219 1708 1335 1751 enim
1359 1717 1402 1751 et
1429 1711 1511 1751 Lot
1532 1706 1605 1751 ille
1627 1716 1800 1751 sanctus

415 1780 461 1823 in
485 1779 682 1824 Sodomis
705 1779 759 1822 ab
784 1777 929 1838 aliquo
951 1776 1219 1837 corporalem
1239 1777 1580 1837 persecutionem
1604 1777 1800 1836 patieba-

415 1859 486 1893 tur
501 1849 534 1903 4,
562 1857 637 1892 aut
657 1848 825 1892 dictum
847 1847 910 1891 illi
927 1856 1039 1902 erat,
1066 1847 1286 1891 utnonibi
1298 1847 1512 1891 habitaret
1530 1866 1538 1890 :
1558 1847 1798 1906 persecutio

414 1920 527 1979 ejus,
552 1917 789 1963 factamala
809 1917 1130 1962 Sodomitarum
1148 1925 1285 1961 erant.
1300 1920 1397 1962 Non
1409 1923 1509 1975 ergo
1523 1918 1612 1976 jam
1628 1917 1799 1961 Christo

414 1989 460 2032 in
482 1987 595 2032 coelo
614 1987 812 2042 sedente,
835 1988 924 2047 jam
949 1987 1209 2046 glorificato,
1226 1988 1316 2047 jam
1339 1987 1541 2046 subjectis
1558 1987 1797 2031 cervicibus

415 2074 567 2117 regum
584 2059 692 2118 jugo
715 2059 806 2117 ejus
820 2093 830 2112 ,
852 2067 894 2101 et
906 2057 1136 2116 suppositis
1153 2072 1305 2101 eorum
1318 2056 1537 2101 frontibus
1554 2057 1675 2114 signo
1687 2058 1795 2116 ejus,
1856 2072 1859 2099 1

409 2130 498 2189 jam
516 2129 638 2173 nullo
663 2139 913 2173 remanente
935 2128 1011 2188 qui
1032 2127 1173 2187 palam
1201 2128 1450 2172 Christianis
1478 2126 1634 2171 audeat
1660 2128 1798 2172 insul-
1857 2144 1859 2153 ²

415 2208 521 2254 tare,
541 2200 684 2243 adhuc
699 2209 842 2243 tamen
857 2200 970 2243 inter
984 2214 1142 2257 organa
1159 2208 1201 2243 et
1219 2199 1550 2259 symphoniacos
1567 2199 1794 2257 gemimus,
1856 2207 1859 2239 ἓ

416 2269 560 2313 adhuc
592 2269 655 2312 illi
688 2269 848 2312 inimici
874 2272 1116 2326 Martyrum
1138 2304 1148 2323 ,
1185 2270 1286 2329 quia
1308 2269 1489 2313 vocibus
1511 2278 1554 2312 et
1570 2267 1687 2313 ferro
1707 2284 1798 2313 non

415 2350 598 2400 possunt
612 2376 623 2396 ‚
650 2356 720 2385 eos
736 2356 811 2384 sua
833 2340 1000 2384 luxuria
1019 2350 1355 2400 persequuntur.
1376 2344 1521 2401 Atque
1532 2341 1699 2384 utinam
1716 2344 1797 2384 Pa-

417 2426 547 2470 ganos
569 2411 874 2456 tantummodo
902 2410 1147 2456 doleremus
1180 2431 1188 2455 z
1215 2421 1323 2456 esset
1344 2411 1663 2472 qualecumque
1681 2409 1795 2455 sola-

465 2519 474 2534 ¹
503 2512 617 2544 Matth.
638 2523 671 2553 x,
691 2512 744 2545 28.
776 2529 816 2534 -—
844 2518 857 2534 ²
888 2511 933 2544 Id.
954 2522 1064 2553 xxviii,
1090 2519 1142 2544 20.
1171 2528 1213 2533 -
1233 2508 1245 2534 3
1270 2511 1318 2543 Id.
1338 2522 1430 2553 xviri,
1449 2522 1481 2553 7,
1507 2515 1541 2543 et
1565 2521 1656 2551 xxiv,
1680 2518 1732 2542 12.
1752 2526 1794 2532 —

414 2565 430 2596 4
451 2570 527 2600 Gen.
549 2579 617 2610 nx,
637 2567 690 2610 39.
