<?xml version="1.0" encoding="UTF-8"?>
<!DOCTYPE html PUBLIC "-//W3C//DTD XHTML 1.0 Transitional//EN"
    "http://www.w3.org/TR/xhtml1/DTD/xhtml1-transitional.dtd">
<html xmlns="http://www.w3.org/1999/xhtml" xml:lang="en" lang="en">
 <head>
  <title>
</title>
<meta http-equiv="Content-Type" content="text/html;charset=utf-8" />
  <meta name='ocr-system' content='tesseract 3.04.00' />
  <meta name='ocr-capabilities' content='ocr_page ocr_carea ocr_par ocr_line ocrx_word'/>
</head>
<body>
  <div class='ocr_page' id='page_1' title='image "./operaomniaaccura09auguuoft_0227.png"; bbox 0 0 1889 3285; ppageno 0'>
   <div class='ocr_carea' id='block_1_1' title="bbox 0 0 35 3285">
    <p class='ocr_par' dir='ltr' id='par_1_1' title="bbox 0 0 35 3285">
     <span class='ocr_line' id='line_1_1' title="bbox 0 0 35 3285; baseline 0 0"><span class='ocrx_word' id='word_1_1' title='bbox 0 0 35 3285; x_wconf 95' lang='lat' dir='ltr'> </span> 
     </span>
    </p>
   </div>
   <div class='ocr_carea' id='block_1_2' title="bbox 399 245 1436 288">
    <p class='ocr_par' dir='ltr' id='par_1_2' title="bbox 399 245 1436 288">
     <span class='ocr_line' id='line_1_2' title="bbox 399 245 1436 288; baseline -0.003 -1"><span class='ocrx_word' id='word_1_2' title='bbox 399 257 640 288; x_wconf 69' lang='lat' dir='ltr'>ENARRA‘no</span> <span class='ocrx_word' id='word_1_3' title='bbox 671 261 717 287; x_wconf 77' lang='lat' dir='ltr'>m</span> <span class='ocrx_word' id='word_1_4' title='bbox 748 257 951 288; x_wconf 75' lang='lat' dir='ltr'>rsALMUM</span> <span class='ocrx_word' id='word_1_5' title='bbox 982 261 1083 288; x_wconf 81' lang='lat' dir='ltr'>va.</span> <span class='ocrx_word' id='word_1_6' title='bbox 1353 245 1436 285; x_wconf 80' lang='lat'>215</span> 
     </span>
    </p>
   </div>
   <div class='ocr_carea' id='block_1_3' title="bbox 0 323 1440 2566">
    <p class='ocr_par' dir='ltr' id='par_1_3' title="bbox 17 323 1437 458">
     <span class='ocr_line' id='line_1_3' title="bbox 61 323 1433 388; baseline -0.003 -16"><span class='ocrx_word' id='word_1_7' title='bbox 61 328 237 388; x_wconf 88' lang='lat' dir='ltr'>quando</span> <span class='ocrx_word' id='word_1_8' title='bbox 266 327 424 371; x_wconf 84' lang='lat' dir='ltr'>Psalmi</span> <span class='ocrx_word' id='word_1_9' title='bbox 448 326 786 386; x_wconf 78' lang='lat' dir='ltr'>pronuntiantur</span> <span class='ocrx_word' id='word_1_10' title='bbox 807 345 816 371; x_wconf 74' lang='grc' dir='ltr'>ε</span> <span class='ocrx_word' id='word_1_11' title='bbox 849 329 902 370; x_wconf 94' lang='lat' dir='ltr'>In</span> <span class='ocrx_word' id='word_1_12' title='bbox 922 326 1142 371; x_wconf 80' lang='lat' dir='ltr'>Christum</span> <span class='ocrx_word' id='word_1_13' title='bbox 1172 323 1402 383; x_wconf 84' lang='lat' dir='ltr'>intelligite</span> <span class='ocrx_word' id='word_1_14' title='bbox 1423 343 1433 368; x_wconf 79' lang='lat' dir='ltr'><strong><em>z</em></strong></span> 
     </span>
     <span class='ocr_line' id='line_1_4' title="bbox 17 393 1437 458; baseline -0.004 -16"><span class='ocrx_word' id='word_1_15' title='bbox 17 450 21 458; x_wconf 33' lang='grc' dir='ltr'>Ι</span> <span class='ocrx_word' id='word_1_16' title='bbox 59 398 228 442; x_wconf 82' lang='lat' dir='ltr'>dicente</span> <span class='ocrx_word' id='word_1_17' title='bbox 248 397 455 457; x_wconf 86' lang='lat' dir='ltr'>Apostolo</span> <span class='ocrx_word' id='word_1_18' title='bbox 473 416 482 442; x_wconf 92' lang='lat'>:</span> <span class='ocrx_word' id='word_1_19' title='bbox 506 396 659 440; x_wconf 88' lang='lat' dir='ltr'>«Finis</span> <span class='ocrx_word' id='word_1_20' title='bbox 680 396 795 440; x_wconf 87' lang='lat' dir='ltr'>enim</span> <span class='ocrx_word' id='word_1_21' title='bbox 812 395 935 453; x_wconf 83' lang='lat' dir='ltr'>Legis</span> <span class='ocrx_word' id='word_1_22' title='bbox 950 395 1144 440; x_wconf 88' lang='lat' dir='ltr'>Christus</span> <span class='ocrx_word' id='word_1_23' title='bbox 1159 393 1214 438; x_wconf 90' lang='lat' dir='ltr'>ad</span> <span class='ocrx_word' id='word_1_24' title='bbox 1223 395 1437 455; x_wconf 87' lang='lat' dir='ltr'>justitiam</span> 
     </span>
    </p>

    <p class='ocr_par' dir='ltr' id='par_1_4' title="bbox 3 466 1440 1164">
     <span class='ocr_line' id='line_1_5' title="bbox 60 466 1433 523; baseline -0.001 -14"><span class='ocrx_word' id='word_1_25' title='bbox 60 485 83 509; x_wconf 66' lang='grc' dir='ltr'>υ</span> <span class='ocrx_word' id='word_1_26' title='bbox 116 468 233 512; x_wconf 88' lang='lat' dir='ltr'>omni</span> <span class='ocrx_word' id='word_1_27' title='bbox 265 467 506 511; x_wconf 83' lang='lat' dir='ltr'>credenti1.</span> <span class='ocrx_word' id='word_1_28' title='bbox 535 485 556 508; x_wconf 85' lang='lat'>»</span> <span class='ocrx_word' id='word_1_29' title='bbox 582 466 812 519; x_wconf 85' lang='lat' dir='ltr'>Quomodo</span> <span class='ocrx_word' id='word_1_30' title='bbox 839 480 940 523; x_wconf 85' lang='lat' dir='ltr'>ergo</span> <span class='ocrx_word' id='word_1_31' title='bbox 974 466 1044 509; x_wconf 87' lang='lat' dir='ltr'>hic</span> <span class='ocrx_word' id='word_1_32' title='bbox 1070 473 1268 509; x_wconf 84' lang='lat' dir='ltr'>cantetur</span> <span class='ocrx_word' id='word_1_33' title='bbox 1288 479 1433 509; x_wconf 88' lang='lat' dir='ltr'>resur-</span> 
     </span>
     <span class='ocr_line' id='line_1_6' title="bbox 18 536 1438 598; baseline -0.001 -15"><span class='ocrx_word' id='word_1_34' title='bbox 18 570 21 578; x_wconf 83' lang='lat'>·</span> <span class='ocrx_word' id='word_1_35' title='bbox 57 540 206 593; x_wconf 86' lang='lat' dir='ltr'>rectio,</span> <span class='ocrx_word' id='word_1_36' title='bbox 226 547 270 582; x_wconf 89' lang='lat' dir='ltr'>et</span> <span class='ocrx_word' id='word_1_37' title='bbox 287 540 408 598; x_wconf 88' lang='lat' dir='ltr'>cujus</span> <span class='ocrx_word' id='word_1_38' title='bbox 430 537 684 582; x_wconf 87' lang='lat' dir='ltr'>resurrectio</span> <span class='ocrx_word' id='word_1_39' title='bbox 705 546 919 597; x_wconf 87' lang='lat' dir='ltr'>quantum</span> <span class='ocrx_word' id='word_1_40' title='bbox 934 537 1024 596; x_wconf 89' lang='lat' dir='ltr'>ipse</span> <span class='ocrx_word' id='word_1_41' title='bbox 1040 536 1201 580; x_wconf 87' lang='lat' dir='ltr'>donare</span> <span class='ocrx_word' id='word_1_42' title='bbox 1214 543 1257 580; x_wconf 87' lang='lat' dir='ltr'>et</span> <span class='ocrx_word' id='word_1_43' title='bbox 1273 536 1438 595; x_wconf 80' lang='lat' dir='ltr'>aperire</span> 
     </span>
     <span class='ocr_line' id='line_1_7' title="bbox 20 605 1438 668; baseline -0.002 -15"><span class='ocrx_word' id='word_1_44' title='bbox 20 622 21 628; x_wconf 61' lang='lat'>¹</span> <span class='ocrx_word' id='word_1_45' title='bbox 56 609 277 668; x_wconf 80' lang='lat' dir='ltr'>dignatur,</span> <span class='ocrx_word' id='word_1_46' title='bbox 303 608 498 652; x_wconf 79' lang='lat' dir='ltr'>audietis.</span> <span class='ocrx_word' id='word_1_47' title='bbox 524 608 899 652; x_wconf 77' lang='lat' dir='ltr'>Resurrectionem</span> <span class='ocrx_word' id='word_1_48' title='bbox 923 607 1039 650; x_wconf 87' lang='lat' dir='ltr'>enim</span> <span class='ocrx_word' id='word_1_49' title='bbox 1064 605 1296 652; x_wconf 81' lang='lat' dir='ltr'>Christiani</span> <span class='ocrx_word' id='word_1_50' title='bbox 1317 606 1438 652; x_wconf 82' lang='lat' dir='ltr'>novi-</span> 
     </span>
     <span class='ocr_line' id='line_1_8' title="bbox 56 671 1434 737; baseline -0.001 -15"><span class='ocrx_word' id='word_1_51' title='bbox 56 693 152 722; x_wconf 90' lang='lat' dir='ltr'>mus</span> <span class='ocrx_word' id='word_1_52' title='bbox 172 679 219 722; x_wconf 86' lang='lat' dir='ltr'>in</span> <span class='ocrx_word' id='word_1_53' title='bbox 238 679 379 737; x_wconf 88' lang='lat' dir='ltr'>capite</span> <span class='ocrx_word' id='word_1_54' title='bbox 399 687 547 722; x_wconf 85' lang='lat' dir='ltr'>nostro</span> <span class='ocrx_word' id='word_1_55' title='bbox 565 679 655 737; x_wconf 82' lang='lat' dir='ltr'>jam</span> <span class='ocrx_word' id='word_1_56' title='bbox 677 671 853 732; x_wconf 80' lang='lat' dir='ltr'>factam⁷</span> <span class='ocrx_word' id='word_1_57' title='bbox 872 686 916 721; x_wconf 86' lang='lat' dir='ltr'>et</span> <span class='ocrx_word' id='word_1_58' title='bbox 935 677 983 721; x_wconf 90' lang='lat' dir='ltr'>in</span> <span class='ocrx_word' id='word_1_59' title='bbox 1002 676 1207 721; x_wconf 85' lang='lat' dir='ltr'>memhris</span> <span class='ocrx_word' id='word_1_60' title='bbox 1223 674 1434 721; x_wconf 83' lang='lat' dir='ltr'>futuram.</span> 
     </span>
     <span class='ocr_line' id='line_1_9' title="bbox 60 746 1434 808; baseline -0.002 -16"><span class='ocrx_word' id='word_1_61' title='bbox 60 768 80 792; x_wconf 85' lang='grc'><strong>«</strong></span> <span class='ocrx_word' id='word_1_62' title='bbox 114 751 257 808; x_wconf 87' lang='lat' dir='ltr'>Caput</span> <span class='ocrx_word' id='word_1_63' title='bbox 269 749 472 793; x_wconf 86' lang='lat' dir='ltr'>Ecclesiae</span> <span class='ocrx_word' id='word_1_64' title='bbox 485 749 680 794; x_wconf 87' lang='lat' dir='ltr'>Christus</span> <span class='ocrx_word' id='word_1_65' title='bbox 701 758 779 804; x_wconf 77' lang='lat' dir='ltr'>est,</span> <span class='ocrx_word' id='word_1_66' title='bbox 796 748 992 792; x_wconf 82' lang='lat' dir='ltr'>membra</span> <span class='ocrx_word' id='word_1_67' title='bbox 1005 747 1164 799; x_wconf 80' lang='lat' dir='ltr'>Christi</span> <span class='ocrx_word' id='word_1_68' title='bbox 1176 746 1401 792; x_wconf 55' lang='lat' dir='ltr'>Ecclesiff.</span> <span class='ocrx_word' id='word_1_69' title='bbox 1412 766 1434 788; x_wconf 88' lang='lat'>»</span> 
     </span>
     <span class='ocr_line' id='line_1_10' title="bbox 55 818 1438 878; baseline -0.001 -15"><span class='ocrx_word' id='word_1_70' title='bbox 55 818 185 873; x_wconf 87' lang='lat' dir='ltr'>Quod</span> <span class='ocrx_word' id='word_1_71' title='bbox 206 819 422 878; x_wconf 76' lang='lat' dir='ltr'>praecessit</span> <span class='ocrx_word' id='word_1_72' title='bbox 448 820 495 862; x_wconf 90' lang='lat' dir='ltr'>in</span> <span class='ocrx_word' id='word_1_73' title='bbox 524 819 687 878; x_wconf 81' lang='lat' dir='ltr'>capite,</span> <span class='ocrx_word' id='word_1_74' title='bbox 719 827 924 878; x_wconf 89' lang='lat' dir='ltr'>sequetur</span> <span class='ocrx_word' id='word_1_75' title='bbox 946 818 993 861; x_wconf 90' lang='lat' dir='ltr'>in</span> <span class='ocrx_word' id='word_1_76' title='bbox 1014 833 1209 877; x_wconf 83' lang='lat' dir='ltr'>corpore.</span> <span class='ocrx_word' id='word_1_77' title='bbox 1244 820 1348 862; x_wconf 84' lang='lat' dir='ltr'>Haec</span> <span class='ocrx_word' id='word_1_78' title='bbox 1373 826 1438 862; x_wconf 87' lang='lat' dir='ltr'>est</span> 
     </span>
     <span class='ocr_line' id='line_1_11' title="bbox 3 881 1437 948; baseline 0.001 -16"><span class='ocrx_word' id='word_1_79' title='bbox 3 881 19 911; x_wconf 55' lang='lat'>&#39;⁴</span> <span class='ocrx_word' id='word_1_80' title='bbox 53 904 148 948; x_wconf 91' lang='lat' dir='ltr'>spes</span> <span class='ocrx_word' id='word_1_81' title='bbox 165 897 310 933; x_wconf 87' lang='lat' dir='ltr'>nostra</span> <span class='ocrx_word' id='word_1_82' title='bbox 328 908 337 933; x_wconf 81' lang='lat' dir='ltr'>z</span> <span class='ocrx_word' id='word_1_83' title='bbox 355 888 411 933; x_wconf 85' lang='lat' dir='ltr'>ad</span> <span class='ocrx_word' id='word_1_84' title='bbox 427 889 511 932; x_wconf 88' lang='lat' dir='ltr'>hoc</span> <span class='ocrx_word' id='word_1_85' title='bbox 532 887 749 933; x_wconf 87' lang='lat' dir='ltr'>credimus</span> <span class='ocrx_word' id='word_1_86' title='bbox 765 924 777 943; x_wconf 83' lang='lat'>‚</span> <span class='ocrx_word' id='word_1_87' title='bbox 803 887 857 931; x_wconf 90' lang='lat' dir='ltr'>ad</span> <span class='ocrx_word' id='word_1_88' title='bbox 875 889 961 932; x_wconf 72' lang='lat' dir='ltr'>hoe</span> <span class='ocrx_word' id='word_1_89' title='bbox 981 886 1189 932; x_wconf 88' lang='lat' dir='ltr'>duramus</span> <span class='ocrx_word' id='word_1_90' title='bbox 1201 923 1213 943; x_wconf 86' lang='lat'>,</span> <span class='ocrx_word' id='word_1_91' title='bbox 1237 896 1282 932; x_wconf 87' lang='lat' dir='ltr'>et</span> <span class='ocrx_word' id='word_1_92' title='bbox 1297 902 1437 947; x_wconf 61' lang='lat' dir='ltr'>persev</span> 
     </span>
     <span class='ocr_line' id='line_1_12' title="bbox 37 956 1438 1017; baseline 0.001 -14"><span class='ocrx_word' id='word_1_93' title='bbox 37 974 251 1003; x_wconf 85' lang='lat' dir='ltr'>·veramus</span> <span class='ocrx_word' id='word_1_94' title='bbox 270 959 317 1002; x_wconf 87' lang='lat' dir='ltr'>in</span> <span class='ocrx_word' id='word_1_95' title='bbox 333 968 454 1003; x_wconf 83' lang='lat' dir='ltr'>tanta</span> <span class='ocrx_word' id='word_1_96' title='bbox 471 958 738 1017; x_wconf 79' lang='lat' dir='ltr'>malignitate</span> <span class='ocrx_word' id='word_1_97' title='bbox 755 959 887 1017; x_wconf 83' lang='lat' dir='ltr'>hujus</span> <span class='ocrx_word' id='word_1_98' title='bbox 914 956 1060 1002; x_wconf 82' lang='lat' dir='ltr'>saeculi</span> <span class='ocrx_word' id='word_1_99' title='bbox 1087 958 1342 1003; x_wconf 82' lang='lat' dir='ltr'>consolante</span> <span class='ocrx_word' id='word_1_100' title='bbox 1358 973 1438 1007; x_wconf 72' lang='lat' dir='ltr'>nos.</span> 
     </span>
     <span class='ocr_line' id='line_1_13' title="bbox 51 1029 1436 1090; baseline -0.001 -16"><span class='ocrx_word' id='word_1_101' title='bbox 51 1044 126 1089; x_wconf 84' lang='lat' dir='ltr'>spe</span> <span class='ocrx_word' id='word_1_102' title='bbox 139 1065 150 1085; x_wconf 84' lang='lat'>‚</span> <span class='ocrx_word' id='word_1_103' title='bbox 177 1040 411 1090; x_wconf 86' lang='lat' dir='ltr'>antequam</span> <span class='ocrx_word' id='word_1_104' title='bbox 431 1046 525 1089; x_wconf 81' lang='lat' dir='ltr'>spes</span> <span class='ocrx_word' id='word_1_105' title='bbox 546 1031 621 1074; x_wconf 84' lang='lat' dir='ltr'>fiat</span> <span class='ocrx_word' id='word_1_106' title='bbox 637 1045 716 1073; x_wconf 86' lang='lat' dir='ltr'>res.</span> <span class='ocrx_word' id='word_1_107' title='bbox 743 1033 828 1073; x_wconf 87' lang='lat' dir='ltr'>Res</span> <span class='ocrx_word' id='word_1_108' title='bbox 850 1029 966 1072; x_wconf 89' lang='lat' dir='ltr'>enim</span> <span class='ocrx_word' id='word_1_109' title='bbox 988 1029 1069 1072; x_wconf 88' lang='lat' dir='ltr'>erit</span> <span class='ocrx_word' id='word_1_110' title='bbox 1089 1043 1189 1072; x_wconf 87' lang='lat' dir='ltr'>cum</span> <span class='ocrx_word' id='word_1_111' title='bbox 1207 1037 1250 1073; x_wconf 92' lang='lat' dir='ltr'>et</span> <span class='ocrx_word' id='word_1_112' title='bbox 1269 1044 1351 1073; x_wconf 86' lang='lat' dir='ltr'>nos</span> <span class='ocrx_word' id='word_1_113' title='bbox 1366 1044 1436 1074; x_wconf 52' lang='lat' dir='ltr'>rea-</span> 
     </span>
     <span class='ocr_line' id='line_1_14' title="bbox 3 1098 1440 1164; baseline 0.002 -22"><span class='ocrx_word' id='word_1_114' title='bbox 3 1155 5 1164; x_wconf 26' lang='grc' dir='ltr'><em>Α</em></span> <span class='ocrx_word' id='word_1_115' title='bbox 53 1101 377 1154; x_wconf 79' lang='lat' dir='ltr'>surrexerimus,</span> <span class='ocrx_word' id='word_1_116' title='bbox 393 1109 437 1143; x_wconf 90' lang='lat' dir='ltr'>et</span> <span class='ocrx_word' id='word_1_117' title='bbox 450 1101 496 1144; x_wconf 91' lang='lat' dir='ltr'>in</span> <span class='ocrx_word' id='word_1_118' title='bbox 517 1099 739 1144; x_wconf 87' lang='lat' dir='ltr'>coelestem</span> <span class='ocrx_word' id='word_1_119' title='bbox 755 1098 954 1143; x_wconf 88' lang='lat' dir='ltr'>habitum</span> <span class='ocrx_word' id='word_1_120' title='bbox 977 1098 1232 1143; x_wconf 83' lang='lat' dir='ltr'>commutati</span> <span class='ocrx_word' id='word_1_121' title='bbox 1248 1098 1440 1159; x_wconf 73' lang='lat' dir='ltr'>aequales</span> 
     </span>
    </p>

    <p class='ocr_par' dir='ltr' id='par_1_5' title="bbox 0 1168 1438 2566">
     <span class='ocr_line' id='line_1_15' title="bbox 49 1168 1438 1228; baseline 0 -14"><span class='ocrx_word' id='word_1_122' title='bbox 49 1169 224 1227; x_wconf 83' lang='lat' dir='ltr'>Angelis</span> <span class='ocrx_word' id='word_1_123' title='bbox 237 1170 343 1214; x_wconf 86' lang='lat' dir='ltr'>facti</span> <span class='ocrx_word' id='word_1_124' title='bbox 362 1170 591 1214; x_wconf 83' lang='lat' dir='ltr'>fuerimus.</span> <span class='ocrx_word' id='word_1_125' title='bbox 610 1170 715 1223; x_wconf 87' lang='lat' dir='ltr'>Quis</span> <span class='ocrx_word' id='word_1_126' title='bbox 732 1169 814 1214; x_wconf 87' lang='lat' dir='ltr'>hoc</span> <span class='ocrx_word' id='word_1_127' title='bbox 833 1184 1004 1228; x_wconf 89' lang='lat' dir='ltr'>sperare</span> <span class='ocrx_word' id='word_1_128' title='bbox 1025 1168 1207 1215; x_wconf 83' lang='lat' dir='ltr'>auderet</span> <span class='ocrx_word' id='word_1_129' title='bbox 1221 1204 1232 1223; x_wconf 87' lang='lat'><strong>‚</strong></span> <span class='ocrx_word' id='word_1_130' title='bbox 1257 1169 1339 1215; x_wconf 87' lang='lat' dir='ltr'>uisi</span> <span class='ocrx_word' id='word_1_131' title='bbox 1355 1172 1438 1214; x_wconf 87' lang='lat' dir='ltr'>Ve-</span> 
     </span>
     <span class='ocr_line' id='line_1_16' title="bbox 3 1238 1435 1300; baseline 0.001 -16"><span class='ocrx_word' id='word_1_132' title='bbox 3 1238 5 1243; x_wconf 76' lang='lat'>&#39;</span> <span class='ocrx_word' id='word_1_133' title='bbox 50 1240 152 1284; x_wconf 86' lang='lat' dir='ltr'>ritas</span> <span class='ocrx_word' id='word_1_134' title='bbox 173 1241 472 1300; x_wconf 80' lang='lat' dir='ltr'>promitteret?</span> <span class='ocrx_word' id='word_1_135' title='bbox 500 1243 623 1284; x_wconf 89' lang='lat' dir='ltr'>Hanc</span> <span class='ocrx_word' id='word_1_136' title='bbox 646 1248 791 1284; x_wconf 87' lang='lat' dir='ltr'>autem</span> <span class='ocrx_word' id='word_1_137' title='bbox 819 1254 939 1298; x_wconf 90' lang='lat' dir='ltr'>spem</span> <span class='ocrx_word' id='word_1_138' title='bbox 960 1240 1213 1299; x_wconf 86' lang='lat' dir='ltr'>promissam</span> <span class='ocrx_word' id='word_1_139' title='bbox 1245 1239 1325 1283; x_wconf 89' lang='lat' dir='ltr'>sibi</span> <span class='ocrx_word' id='word_1_140' title='bbox 1353 1242 1435 1285; x_wconf 86' lang='lat' dir='ltr'>Ju-</span> 
     </span>
     <span class='ocr_line' id='line_1_17' title="bbox 11 1309 1436 1370; baseline 0.002 -18"><span class='ocrx_word' id='word_1_141' title='bbox 11 1342 15 1350; x_wconf 92' lang='lat'>.</span> <span class='ocrx_word' id='word_1_142' title='bbox 49 1309 134 1354; x_wconf 82' lang='lat' dir='ltr'>daei</span> <span class='ocrx_word' id='word_1_143' title='bbox 155 1310 379 1365; x_wconf 80' lang='lat' dir='ltr'>tenebant,</span> <span class='ocrx_word' id='word_1_144' title='bbox 400 1319 444 1354; x_wconf 85' lang='lat' dir='ltr'>et</span> <span class='ocrx_word' id='word_1_145' title='bbox 464 1310 518 1354; x_wconf 87' lang='lat' dir='ltr'>de</span> <span class='ocrx_word' id='word_1_146' title='bbox 536 1310 662 1354; x_wconf 88' lang='lat' dir='ltr'>bonis</span> <span class='ocrx_word' id='word_1_147' title='bbox 685 1319 728 1353; x_wconf 88' lang='lat' dir='ltr'>et</span> <span class='ocrx_word' id='word_1_148' title='bbox 743 1311 866 1369; x_wconf 87' lang='lat' dir='ltr'>quasi</span> <span class='ocrx_word' id='word_1_149' title='bbox 878 1311 1004 1369; x_wconf 82' lang='lat' dir='ltr'>justis</span> <span class='ocrx_word' id='word_1_150' title='bbox 1025 1310 1230 1370; x_wconf 83' lang='lat' dir='ltr'>operibus</span> <span class='ocrx_word' id='word_1_151' title='bbox 1246 1310 1436 1355; x_wconf 89' lang='lat' dir='ltr'>multum</span> 
     </span>
     <span class='ocr_line' id='line_1_18' title="bbox 0 1375 1436 1441; baseline 0.001 -17"><span class='ocrx_word' id='word_1_152' title='bbox 0 1375 4 1382; x_wconf 66' lang='grc'>’</span> <span class='ocrx_word' id='word_1_153' title='bbox 50 1380 361 1440; x_wconf 75' lang='lat' dir='ltr'>gloriabantur,</span> <span class='ocrx_word' id='word_1_154' title='bbox 401 1379 523 1440; x_wconf 86' lang='lat' dir='ltr'>quod</span> <span class='ocrx_word' id='word_1_155' title='bbox 554 1389 810 1438; x_wconf 85' lang='lat' dir='ltr'>acceperant</span> <span class='ocrx_word' id='word_1_156' title='bbox 841 1383 1000 1438; x_wconf 83' lang='lat' dir='ltr'>Legem</span> <span class='ocrx_word' id='word_1_157' title='bbox 1032 1379 1276 1425; x_wconf 79' lang='lat' dir='ltr'>secundum</span> <span class='ocrx_word' id='word_1_158' title='bbox 1304 1396 1436 1441; x_wconf 88' lang='lat' dir='ltr'>quam</span> 
     </span>
     <span class='ocr_line' id='line_1_19' title="bbox 0 1448 1436 1507; baseline 0 -12"><span class='ocrx_word' id='word_1_159' title='bbox 0 1450 13 1507; x_wconf 44' lang='grc' dir='ltr'>ᾗ</span> <span class='ocrx_word' id='word_1_160' title='bbox 47 1448 251 1504; x_wconf 82' lang='lat' dir='ltr'>vivendo,</span> <span class='ocrx_word' id='word_1_161' title='bbox 272 1459 315 1493; x_wconf 92' lang='lat' dir='ltr'>et</span> <span class='ocrx_word' id='word_1_162' title='bbox 330 1450 401 1494; x_wconf 89' lang='lat' dir='ltr'>hic</span> <span class='ocrx_word' id='word_1_163' title='bbox 417 1450 630 1493; x_wconf 88' lang='lat' dir='ltr'>haberent</span> <span class='ocrx_word' id='word_1_164' title='bbox 647 1449 761 1493; x_wconf 88' lang='lat' dir='ltr'>bona</span> <span class='ocrx_word' id='word_1_165' title='bbox 782 1449 983 1505; x_wconf 82' lang='lat' dir='ltr'>carnalia,</span> <span class='ocrx_word' id='word_1_166' title='bbox 1001 1462 1044 1494; x_wconf 87' lang='lat' dir='ltr'>et</span> <span class='ocrx_word' id='word_1_167' title='bbox 1059 1451 1103 1493; x_wconf 92' lang='lat' dir='ltr'>in</span> <span class='ocrx_word' id='word_1_168' title='bbox 1121 1452 1436 1495; x_wconf 87' lang='lat' dir='ltr'>resurrectione</span> 
     </span>
     <span class='ocr_line' id='line_1_20' title="bbox 0 1519 1432 1580; baseline 0.001 -17"><span class='ocrx_word' id='word_1_169' title='bbox 0 1567 2 1572; x_wconf 72' lang='lat'><em>,</em></span> <span class='ocrx_word' id='word_1_170' title='bbox 47 1529 319 1564; x_wconf 85' lang='lat' dir='ltr'>mortuorum</span> <span class='ocrx_word' id='word_1_171' title='bbox 346 1519 448 1564; x_wconf 86' lang='lat' dir='ltr'>talia</span> <span class='ocrx_word' id='word_1_172' title='bbox 479 1520 710 1579; x_wconf 85' lang='lat' dir='ltr'>sperabant</span> <span class='ocrx_word' id='word_1_173' title='bbox 727 1554 738 1575; x_wconf 79' lang='grc'>,</span> <span class='ocrx_word' id='word_1_174' title='bbox 764 1519 819 1563; x_wconf 85' lang='lat' dir='ltr'>de</span> <span class='ocrx_word' id='word_1_175' title='bbox 847 1521 1052 1580; x_wconf 85' lang='lat' dir='ltr'>qualibus</span> <span class='ocrx_word' id='word_1_176' title='bbox 1072 1521 1144 1565; x_wconf 88' lang='lat' dir='ltr'>hic</span> <span class='ocrx_word' id='word_1_177' title='bbox 1165 1520 1432 1580; x_wconf 83' lang='lat' dir='ltr'>gaudebant.</span> 
     </span>
     <span class='ocr_line' id='line_1_21' title="bbox 0 1589 1435 1650; baseline -0.001 -15"><span class='ocrx_word' id='word_1_178' title='bbox 0 1639 1 1643; x_wconf 43' lang='lat'>,</span> <span class='ocrx_word' id='word_1_179' title='bbox 47 1593 281 1650; x_wconf 88' lang='lat' dir='ltr'>Propterea</span> <span class='ocrx_word' id='word_1_180' title='bbox 305 1589 552 1635; x_wconf 82' lang='lat' dir='ltr'>Sadducaeis</span> <span class='ocrx_word' id='word_1_181' title='bbox 567 1625 579 1645; x_wconf 60' lang='lat'><em>9</em></span> <span class='ocrx_word' id='word_1_182' title='bbox 609 1590 685 1650; x_wconf 86' lang='lat' dir='ltr'>qui</span> <span class='ocrx_word' id='word_1_183' title='bbox 702 1590 922 1649; x_wconf 88' lang='lat' dir='ltr'>negabant</span> <span class='ocrx_word' id='word_1_184' title='bbox 947 1589 1140 1636; x_wconf 84' lang='lat' dir='ltr'>futuram</span> <span class='ocrx_word' id='word_1_185' title='bbox 1161 1592 1435 1638; x_wconf 65' lang='lat' dir='ltr'>resurrectio.</span> 
     </span>
     <span class='ocr_line' id='line_1_22' title="bbox 0 1650 1435 1724; baseline 0.003 -21"><span class='ocrx_word' id='word_1_186' title='bbox 0 1650 2 1720; x_wconf 45' lang='lat' dir='ltr'>f</span> <span class='ocrx_word' id='word_1_187' title='bbox 46 1675 163 1715; x_wconf 77' lang='lat' dir='ltr'>nem,</span> <span class='ocrx_word' id='word_1_188' title='bbox 175 1662 199 1704; x_wconf 87' lang='lat' dir='ltr'><strong>J</strong></span> <span class='ocrx_word' id='word_1_189' title='bbox 204 1659 319 1704; x_wconf 82' lang='lat' dir='ltr'>udaei</span> <span class='ocrx_word' id='word_1_190' title='bbox 338 1660 599 1719; x_wconf 87' lang='lat' dir='ltr'>respondere</span> <span class='ocrx_word' id='word_1_191' title='bbox 614 1676 703 1704; x_wconf 91' lang='lat' dir='ltr'>non</span> <span class='ocrx_word' id='word_1_192' title='bbox 717 1670 920 1719; x_wconf 83' lang='lat' dir='ltr'>poterant</span> <span class='ocrx_word' id='word_1_193' title='bbox 936 1663 1284 1721; x_wconf 86' lang='lat' dir='ltr'>proponentibus</span> <span class='ocrx_word' id='word_1_194' title='bbox 1297 1679 1435 1724; x_wconf 85' lang='lat' dir='ltr'>quaes-</span> 
     </span>
     <span class='ocr_line' id='line_1_23' title="bbox 0 1730 1429 1793; baseline 0.003 -19"><span class='ocrx_word' id='word_1_195' title='bbox 0 1737 17 1793; x_wconf 18' lang='grc' dir='ltr'>’ἰι</span> <span class='ocrx_word' id='word_1_196' title='bbox 46 1730 210 1775; x_wconf 83' lang='lat' dir='ltr'>tionem</span> <span class='ocrx_word' id='word_1_197' title='bbox 228 1764 240 1785; x_wconf 84' lang='lat'>‚</span> <span class='ocrx_word' id='word_1_198' title='bbox 277 1745 411 1790; x_wconf 86' lang='lat' dir='ltr'>quam</span> <span class='ocrx_word' id='word_1_199' title='bbox 447 1730 633 1774; x_wconf 87' lang='lat' dir='ltr'>Domino</span> <span class='ocrx_word' id='word_1_200' title='bbox 665 1741 989 1790; x_wconf 81' lang='lat' dir='ltr'>proposuerunt</span> <span class='ocrx_word' id='word_1_201' title='bbox 1022 1731 1154 1776; x_wconf 89' lang='lat' dir='ltr'>iidem</span> <span class='ocrx_word' id='word_1_202' title='bbox 1187 1733 1429 1778; x_wconf 83' lang='lat' dir='ltr'>Sadducaei.</span> 
     </span>
     <span class='ocr_line' id='line_1_24' title="bbox 0 1794 1432 1861; baseline 0.003 -16"><span class='ocrx_word' id='word_1_203' title='bbox 0 1794 4 1808; x_wconf 50' lang='lat'>⁸</span> <span class='ocrx_word' id='word_1_204' title='bbox 46 1801 158 1845; x_wconf 88' lang='lat' dir='ltr'>Hinc</span> <span class='ocrx_word' id='word_1_205' title='bbox 179 1801 296 1844; x_wconf 88' lang='lat' dir='ltr'>enim</span> <span class='ocrx_word' id='word_1_206' title='bbox 316 1800 599 1858; x_wconf 82' lang='lat' dir='ltr'>intelligimus</span> <span class='ocrx_word' id='word_1_207' title='bbox 622 1816 694 1845; x_wconf 86' lang='lat' dir='ltr'>eos</span> <span class='ocrx_word' id='word_1_208' title='bbox 715 1802 828 1845; x_wconf 87' lang='lat' dir='ltr'>hanc</span> <span class='ocrx_word' id='word_1_209' title='bbox 846 1802 1133 1861; x_wconf 75' lang='lat' dir='ltr'>qiiaestionem</span> <span class='ocrx_word' id='word_1_210' title='bbox 1155 1803 1320 1847; x_wconf 87' lang='lat' dir='ltr'>solvere</span> <span class='ocrx_word' id='word_1_211' title='bbox 1342 1821 1432 1850; x_wconf 89' lang='lat' dir='ltr'>non</span> 
     </span>
     <span class='ocr_line' id='line_1_25' title="bbox 0 1871 1432 1933; baseline 0.004 -20"><span class='ocrx_word' id='word_1_212' title='bbox 0 1887 3 1913; x_wconf 63' lang='lat' dir='ltr'><strong><em>z</em></strong></span> <span class='ocrx_word' id='word_1_213' title='bbox 45 1871 252 1931; x_wconf 86' lang='lat' dir='ltr'>potuisse,</span> <span class='ocrx_word' id='word_1_214' title='bbox 272 1874 375 1931; x_wconf 82' lang='lat' dir='ltr'>quia</span> <span class='ocrx_word' id='word_1_215' title='bbox 399 1872 584 1915; x_wconf 78' lang='lat' dir='ltr'>Domino</span> <span class='ocrx_word' id='word_1_216' title='bbox 602 1871 797 1915; x_wconf 62' lang='lat' dir='ltr'>solvente</span> <span class='ocrx_word' id='word_1_217' title='bbox 817 1872 960 1915; x_wconf 86' lang='lat' dir='ltr'>mirati</span> <span class='ocrx_word' id='word_1_218' title='bbox 982 1882 1098 1916; x_wconf 88' lang='lat' dir='ltr'>sunt.</span> <span class='ocrx_word' id='word_1_219' title='bbox 1122 1874 1432 1933; x_wconf 85' lang='lat' dir='ltr'>Proponebant</span> 
     </span>
     <span class='ocr_line' id='line_1_26' title="bbox 0 1941 1431 2004; baseline 0.001 -18"><span class='ocrx_word' id='word_1_220' title='bbox 0 1967 10 1981; x_wconf 22' lang='grc' dir='ltr'>η·</span> <span class='ocrx_word' id='word_1_221' title='bbox 46 1957 148 2001; x_wconf 85' lang='lat' dir='ltr'>ergo</span> <span class='ocrx_word' id='word_1_222' title='bbox 173 1941 398 1986; x_wconf 70' lang='lat' dir='ltr'>Sadducaei</span> <span class='ocrx_word' id='word_1_223' title='bbox 419 1942 704 2001; x_wconf 82' lang='lat' dir='ltr'>quaestionem</span> <span class='ocrx_word' id='word_1_224' title='bbox 721 1942 775 1986; x_wconf 83' lang='lat' dir='ltr'>de</span> <span class='ocrx_word' id='word_1_225' title='bbox 792 1942 983 2002; x_wconf 83' lang='lat' dir='ltr'>quadam</span> <span class='ocrx_word' id='word_1_226' title='bbox 1004 1942 1208 1999; x_wconf 78' lang='lat' dir='ltr'>muliere,</span> <span class='ocrx_word' id='word_1_227' title='bbox 1234 1961 1333 2004; x_wconf 82' lang='lat' dir='ltr'>quae</span> <span class='ocrx_word' id='word_1_228' title='bbox 1353 1946 1431 1990; x_wconf 55' lang='lat' dir='ltr'>haae</span> 
     </span>
     <span class='ocr_line' id='line_1_27' title="bbox 7 2011 1430 2071; baseline 0.004 -16"><span class='ocrx_word' id='word_1_229' title='bbox 7 2043 9 2046; x_wconf 26' lang='grc' dir='ltr'><strong><em>ι</em></strong></span> <span class='ocrx_word' id='word_1_230' title='bbox 45 2012 141 2056; x_wconf 83' lang='lat' dir='ltr'>buit</span> <span class='ocrx_word' id='word_1_231' title='bbox 162 2021 327 2071; x_wconf 88' lang='lat' dir='ltr'>septem</span> <span class='ocrx_word' id='word_1_232' title='bbox 356 2012 469 2056; x_wconf 75' lang='lat' dir='ltr'>viros</span> <span class='ocrx_word' id='word_1_233' title='bbox 486 2047 497 2064; x_wconf 84' lang='lat'>‚</span> <span class='ocrx_word' id='word_1_234' title='bbox 518 2027 608 2056; x_wconf 90' lang='lat' dir='ltr'>non</span> <span class='ocrx_word' id='word_1_235' title='bbox 630 2012 781 2066; x_wconf 81' lang='lat' dir='ltr'>simul,</span> <span class='ocrx_word' id='word_1_236' title='bbox 807 2011 882 2056; x_wconf 88' lang='lat' dir='ltr'>sed</span> <span class='ocrx_word' id='word_1_237' title='bbox 903 2013 1182 2058; x_wconf 83' lang='lat' dir='ltr'>succedentes</span> <span class='ocrx_word' id='word_1_238' title='bbox 1203 2015 1299 2059; x_wconf 89' lang='lat' dir='ltr'>sibi.</span> <span class='ocrx_word' id='word_1_239' title='bbox 1325 2019 1430 2062; x_wconf 84' lang='lat' dir='ltr'>Erat</span> 
     </span>
     <span class='ocr_line' id='line_1_28' title="bbox 28 2081 1430 2146; baseline 0.004 -20"><span class='ocrx_word' id='word_1_240' title='bbox 28 2083 160 2126; x_wconf 76' lang='lat' dir='ltr'>enim</span> <span class='ocrx_word' id='word_1_241' title='bbox 181 2083 264 2126; x_wconf 83' lang='lat' dir='ltr'>hoc</span> <span class='ocrx_word' id='word_1_242' title='bbox 293 2083 416 2140; x_wconf 81' lang='lat' dir='ltr'>Legis</span> <span class='ocrx_word' id='word_1_243' title='bbox 438 2081 494 2126; x_wconf 89' lang='lat' dir='ltr'>ad</span> <span class='ocrx_word' id='word_1_244' title='bbox 520 2081 734 2142; x_wconf 84' lang='lat' dir='ltr'>populum</span> <span class='ocrx_word' id='word_1_245' title='bbox 755 2083 1085 2142; x_wconf 87' lang='lat' dir='ltr'>propagandum</span> <span class='ocrx_word' id='word_1_246' title='bbox 1102 2119 1113 2138; x_wconf 80' lang='grc'>,</span> <span class='ocrx_word' id='word_1_247' title='bbox 1138 2094 1189 2129; x_wconf 88' lang='lat' dir='ltr'>ut</span> <span class='ocrx_word' id='word_1_248' title='bbox 1219 2085 1296 2146; x_wconf 87' lang='lat' dir='ltr'>qui</span> <span class='ocrx_word' id='word_1_249' title='bbox 1315 2087 1430 2132; x_wconf 86' lang='lat' dir='ltr'>forte</span> 
     </span>
     <span class='ocr_line' id='line_1_29' title="bbox 3 2152 1430 2218; baseline 0.005 -22"><span class='ocrx_word' id='word_1_250' title='bbox 3 2188 7 2194; x_wconf 92' lang='lat'>.</span> <span class='ocrx_word' id='word_1_251' title='bbox 44 2153 134 2197; x_wconf 84' lang='lat' dir='ltr'>sine</span> <span class='ocrx_word' id='word_1_252' title='bbox 147 2153 294 2197; x_wconf 88' lang='lat' dir='ltr'>liberis</span> <span class='ocrx_word' id='word_1_253' title='bbox 309 2152 636 2212; x_wconf 86' lang='lat' dir='ltr'>defungeretur,</span> <span class='ocrx_word' id='word_1_254' title='bbox 653 2152 786 2198; x_wconf 85' lang='lat' dir='ltr'>frater</span> <span class='ocrx_word' id='word_1_255' title='bbox 807 2155 898 2214; x_wconf 88' lang='lat' dir='ltr'>ejus</span> <span class='ocrx_word' id='word_1_256' title='bbox 913 2190 924 2209; x_wconf 87' lang='lat'><strong>‚</strong></span> <span class='ocrx_word' id='word_1_257' title='bbox 945 2155 977 2199; x_wconf 83' lang='lat' dir='ltr'>si</span> <span class='ocrx_word' id='word_1_258' title='bbox 991 2156 1193 2212; x_wconf 82' lang='lat' dir='ltr'>baberet,</span> <span class='ocrx_word' id='word_1_259' title='bbox 1215 2158 1430 2218; x_wconf 80' lang='lat' dir='ltr'>acciperet</span> 
     </span>
     <span class='ocr_line' id='line_1_30' title="bbox 0 2217 1427 2288; baseline 0.004 -21"><span class='ocrx_word' id='word_1_260' title='bbox 0 2245 6 2261; x_wconf 82' lang='lat'>-·</span> <span class='ocrx_word' id='word_1_261' title='bbox 43 2217 219 2268; x_wconf 76' lang='lat' dir='ltr'>uxorein</span> <span class='ocrx_word' id='word_1_262' title='bbox 242 2224 349 2283; x_wconf 80' lang='lat' dir='ltr'>ejus,</span> <span class='ocrx_word' id='word_1_263' title='bbox 370 2224 422 2267; x_wconf 91' lang='lat' dir='ltr'>ad</span> <span class='ocrx_word' id='word_1_264' title='bbox 445 2223 741 2268; x_wconf 86' lang='lat' dir='ltr'>suscitandum</span> <span class='ocrx_word' id='word_1_265' title='bbox 762 2239 904 2268; x_wconf 88' lang='lat' dir='ltr'>semen</span> <span class='ocrx_word' id='word_1_266' title='bbox 924 2223 1046 2269; x_wconf 87' lang='lat' dir='ltr'>fratri</span> <span class='ocrx_word' id='word_1_267' title='bbox 1067 2228 1186 2271; x_wconf 60' lang='lat' dir='ltr'>suoss.</span> <span class='ocrx_word' id='word_1_268' title='bbox 1203 2229 1427 2288; x_wconf 88' lang='lat' dir='ltr'>Proposita</span> 
     </span>
     <span class='ocr_line' id='line_1_31' title="bbox 44 2293 1425 2356; baseline 0.004 -18"><span class='ocrx_word' id='word_1_269' title='bbox 44 2309 144 2352; x_wconf 85' lang='lat' dir='ltr'>ergo</span> <span class='ocrx_word' id='word_1_270' title='bbox 175 2293 249 2338; x_wconf 87' lang='lat' dir='ltr'>illa</span> <span class='ocrx_word' id='word_1_271' title='bbox 281 2294 462 2338; x_wconf 89' lang='lat' dir='ltr'>muliere</span> <span class='ocrx_word' id='word_1_272' title='bbox 477 2330 488 2350; x_wconf 82' lang='lat'>‚</span> <span class='ocrx_word' id='word_1_273' title='bbox 514 2311 614 2355; x_wconf 86' lang='lat' dir='ltr'>quae</span> <span class='ocrx_word' id='word_1_274' title='bbox 640 2295 793 2339; x_wconf 85' lang='lat' dir='ltr'>habuit</span> <span class='ocrx_word' id='word_1_275' title='bbox 815 2305 980 2356; x_wconf 88' lang='lat' dir='ltr'>septem</span> <span class='ocrx_word' id='word_1_276' title='bbox 1000 2297 1284 2343; x_wconf 80' lang='lat' dir='ltr'>viros-omnes</span> <span class='ocrx_word' id='word_1_277' title='bbox 1303 2315 1425 2344; x_wconf 53' lang='lat' dir='ltr'>mor„</span> 
     </span>
     <span class='ocr_line' id='line_1_32' title="bbox 42 2363 1427 2427; baseline 0.004 -18"><span class='ocrx_word' id='word_1_278' title='bbox 42 2373 140 2409; x_wconf 81' lang='lat' dir='ltr'>tuos</span> <span class='ocrx_word' id='word_1_279' title='bbox 160 2364 251 2408; x_wconf 88' lang='lat' dir='ltr'>sine</span> <span class='ocrx_word' id='word_1_280' title='bbox 272 2363 443 2419; x_wconf 56' lang='lat' dir='ltr'>liberis.</span> <span class='ocrx_word' id='word_1_281' title='bbox 469 2373 512 2409; x_wconf 89' lang='lat' dir='ltr'>et</span> <span class='ocrx_word' id='word_1_282' title='bbox 532 2364 588 2409; x_wconf 88' lang='lat' dir='ltr'>ad</span> <span class='ocrx_word' id='word_1_283' title='bbox 609 2365 692 2410; x_wconf 89' lang='lat' dir='ltr'>hoc</span> <span class='ocrx_word' id='word_1_284' title='bbox 714 2366 907 2411; x_wconf 84' lang='lat' dir='ltr'>officium</span> <span class='ocrx_word' id='word_1_285' title='bbox 922 2367 1196 2427; x_wconf 88' lang='lat' dir='ltr'>implendum</span> <span class='ocrx_word' id='word_1_286' title='bbox 1218 2368 1427 2415; x_wconf 84' lang='lat' dir='ltr'>ducentes</span> 
     </span>
     <span class='ocr_line' id='line_1_33' title="bbox 0 2434 1427 2496; baseline 0.004 -17"><span class='ocrx_word' id='word_1_287' title='bbox 0 2468 3 2474; x_wconf 82' lang='lat'>.</span> <span class='ocrx_word' id='word_1_288' title='bbox 42 2434 185 2479; x_wconf 82' lang='lat' dir='ltr'>fratris</span> <span class='ocrx_word' id='word_1_289' title='bbox 215 2450 422 2490; x_wconf 78' lang='lat' dir='ltr'>uxorem,</span> <span class='ocrx_word' id='word_1_290' title='bbox 453 2434 656 2483; x_wconf 85' lang='lat' dir='ltr'>dixerunt</span> <span class='ocrx_word' id='word_1_291' title='bbox 686 2446 928 2496; x_wconf 84' lang='lat' dir='ltr'>quaerentes</span> <span class='ocrx_word' id='word_1_292' title='bbox 956 2456 964 2481; x_wconf 92' lang='lat'>:</span> <span class='ocrx_word' id='word_1_293' title='bbox 996 2457 1015 2480; x_wconf 91' lang='lat'>«</span> <span class='ocrx_word' id='word_1_294' title='bbox 1041 2441 1093 2482; x_wconf 90' lang='lat' dir='ltr'>In</span> <span class='ocrx_word' id='word_1_295' title='bbox 1115 2441 1427 2485; x_wconf 87' lang='lat' dir='ltr'>resurreetione</span> 
     </span>
     <span class='ocr_line' id='line_1_34' title="bbox 45 2507 1426 2566; baseline 0.005 -19"><span class='ocrx_word' id='word_1_296' title='bbox 45 2520 67 2547; x_wconf 70' lang='lat'>1)</span> <span class='ocrx_word' id='word_1_297' title='bbox 98 2508 224 2566; x_wconf 85' lang='lat' dir='ltr'>cujus</span> <span class='ocrx_word' id='word_1_298' title='bbox 245 2522 397 2551; x_wconf 88' lang='lat' dir='ltr'>eorum</span> <span class='ocrx_word' id='word_1_299' title='bbox 419 2507 501 2551; x_wconf 87' lang='lat' dir='ltr'>erit</span> <span class='ocrx_word' id='word_1_300' title='bbox 515 2523 624 2552; x_wconf 81' lang='lat' dir='ltr'>uxor</span> <span class='ocrx_word' id='word_1_301' title='bbox 637 2508 687 2552; x_wconf 73' lang='lat'>⁴?</span> <span class='ocrx_word' id='word_1_302' title='bbox 708 2525 728 2549; x_wconf 89' lang='lat'>»</span> <span class='ocrx_word' id='word_1_303' title='bbox 755 2507 912 2553; x_wconf 85' lang='lat' dir='ltr'>Procul</span> <span class='ocrx_word' id='word_1_304' title='bbox 929 2508 1066 2554; x_wconf 88' lang='lat' dir='ltr'>dubio</span> <span class='ocrx_word' id='word_1_305' title='bbox 1086 2510 1231 2554; x_wconf 82' lang='lat' dir='ltr'>Judaei</span> <span class='ocrx_word' id='word_1_306' title='bbox 1252 2526 1341 2554; x_wconf 91' lang='lat' dir='ltr'>non</span> <span class='ocrx_word' id='word_1_307' title='bbox 1365 2509 1426 2555; x_wconf 88' lang='lat' dir='ltr'>fa-</span> 
     </span>
    </p>
   </div>
   <div class='ocr_carea' id='block_1_4' title="bbox 92 2591 1420 2637">
    <p class='ocr_par' dir='ltr' id='par_1_6' title="bbox 92 2591 1420 2637">
     <span class='ocr_line' id='line_1_35' title="bbox 92 2591 1420 2637; baseline 0.002 -14"><span class='ocrx_word' id='word_1_308' title='bbox 92 2597 99 2612; x_wconf 89' lang='lat'>¹</span> <span class='ocrx_word' id='word_1_309' title='bbox 121 2593 210 2624; x_wconf 81' lang='lat' dir='ltr'>Rom.</span> <span class='ocrx_word' id='word_1_310' title='bbox 231 2603 264 2632; x_wconf 85' lang='lat' dir='ltr'>x,</span> <span class='ocrx_word' id='word_1_311' title='bbox 284 2591 315 2632; x_wconf 74' lang='grc'>4.</span> <span class='ocrx_word' id='word_1_312' title='bbox 344 2609 384 2614; x_wconf 89' lang='grc'><strong>-</strong></span> <span class='ocrx_word' id='word_1_313' title='bbox 398 2599 409 2615; x_wconf 77' lang='lat'>²</span> <span class='ocrx_word' id='word_1_314' title='bbox 430 2592 548 2624; x_wconf 79' lang='lat' dir='ltr'>Coloss.</span> <span class='ocrx_word' id='word_1_315' title='bbox 575 2604 599 2633; x_wconf 84' lang='grc' dir='ltr'>ι,</span> <span class='ocrx_word' id='word_1_316' title='bbox 621 2593 672 2626; x_wconf 71' lang='lat'>18.</span> <span class='ocrx_word' id='word_1_317' title='bbox 696 2607 734 2616; x_wconf 44' lang='grc' dir='ltr'><strong>ω</strong></span> <span class='ocrx_word' id='word_1_318' title='bbox 752 2591 764 2615; x_wconf 83' lang='grc'>3</span> <span class='ocrx_word' id='word_1_319' title='bbox 790 2597 881 2626; x_wconf 74' lang='lat' dir='ltr'>Dent.</span> <span class='ocrx_word' id='word_1_320' title='bbox 903 2604 980 2634; x_wconf 62' lang='lat' dir='ltr'>xxv,</span> <span class='ocrx_word' id='word_1_321' title='bbox 997 2594 1026 2627; x_wconf 60' lang='lat'>5.</span> <span class='ocrx_word' id='word_1_322' title='bbox 1040 2608 1090 2623; x_wconf 45' lang='lat'>,⁶2-</span> <span class='ocrx_word' id='word_1_323' title='bbox 1108 2594 1125 2624; x_wconf 78' lang='lat'>4</span> <span class='ocrx_word' id='word_1_324' title='bbox 1146 2595 1420 2637; x_wconf 72' lang='lat' dir='ltr'>Mattl1.1x11,28.</span> 
     </span>
    </p>
   </div>
  </div>
 </body>
</html>
