1889 3285
404 227 486 265 268
840 236 875 265 s.
910 236 1142 265 Avousnm
1173 238 1354 266 Emscom

402 312 527 357 torae,
545 317 634 346 non
650 302 851 362 spiritalis
873 301 1158 362 requirendus
1179 312 1242 346 est
1256 301 1502 346 intellectus
1515 337 1526 357 ‚
1543 310 1714 361 oportet
1733 310 1783 344 ut
1843 339 1845 346 s

400 372 652 417 ostendatur
674 372 914 417 secundum
937 372 1243 432 proprietatem
1260 371 1530 432 corporalem
1548 407 1559 426 ‚
1584 372 1660 431 qui
1680 380 1783 415 tunc
1843 418 1846 426 ,

400 443 650 502 compediti,
665 445 829 504 quique
843 444 971 487 etiam
983 443 1227 486 habitantes
1240 443 1286 485 in
1298 441 1507 501 sepulcris
1527 441 1673 485 educti
1685 450 1786 485 sunt
1844 486 1845 489 ,

397 516 443 559 in
460 514 729 560 fortitudine.
752 515 917 560 Deinde
931 515 964 558 si
984 514 1057 558 ille
1078 513 1267 573 populus
1287 549 1298 568 ‚
1329 513 1401 557 illa
1423 512 1590 557 scilicet
1606 511 1786 556 haeredi-

396 595 460 630 tas
482 587 582 642 Dei,
615 585 788 631 fastidio
815 601 973 629 manna
1000 601 1205 644 respuens
1232 585 1447 628 infirmata
1469 593 1533 628 est
1552 619 1564 639 ‚
1595 599 1686 627 non
1706 582 1786 627 de-

1875 328 1889 626 ‹gx-vv)-

396 657 495 701 buit
516 658 663 718 sequi,
693 677 709 697 «
730 661 793 701 Tu
806 672 908 701 vero
925 655 1143 715 perfecisti
1166 671 1289 713 eam3
1310 675 1330 697 »
1356 656 1431 699 sed
1446 690 1456 710 ‚
1479 658 1545 699 Tu
1566 669 1669 698 vero
1687 669 1788 713 per·
1846 672 1848 706 ζ
1879 679 1885 699 ν,

397 727 563 771 cussisti
580 742 690 771 eam.
718 731 807 771 Deo
829 727 991 787 quippe
1021 726 1188 771 offenso
1211 740 1288 785 per
1307 725 1383 769 illa
1404 739 1630 769 murmura
1658 733 1787 784 atque
1846 740 1848 781 ᾗ
1879 750 1885 770 2

397 796 570 841 fastidia
588 832 598 851 ‚
619 798 770 856 ingens
787 796 913 856 plaga
929 805 1074 841 secuta
1098 806 1162 840 est
1180 799 1211 841 ¹.
1236 800 1460 841 Postremo
1482 794 1546 838 illi
1575 809 1724 839 omnes
1743 794 1789 838 in

398 883 542 912 eremo
558 868 819 913 consternati
831 877 948 922 sunt,
963 883 1043 912 nec
1056 868 1286 928 quisquam
1303 882 1472 920 eorum,
1487 875 1644 925 praeter
1655 865 1781 921 duos,

398 947 558 983 terram
580 939 737 982 meruit
780 939 1072 998 promissionis
1109 938 1270 982 intrare
1283 941 1315 980 2.
1341 940 1604 997 Quanquam
1625 935 1789 980 etiamsi
1848 939 1849 942 ’

400 1008 572 1054 dicatur
587 1009 633 1053 in
655 1009 752 1053 filiis
771 1024 921 1053 eorum
943 1009 1175 1053 haereditas
1195 1007 1268 1053 illa
1289 1007 1497 1068 perfecta,
1517 1023 1595 1051 nos
1616 1022 1790 1051 sensum

399 1079 637 1139 spiritalem
658 1079 837 1123 liberius
869 1089 1016 1123 tenere
1039 1078 1262 1123 debemus.
1287 1098 1306 1120 «
1334 1079 1490 1122 Omnia
1523 1078 1686 1138 quippe
1716 1076 1790 1121 illa

402 1167 423 1190 >›
459 1151 505 1193 in
525 1151 664 1209 figura
681 1150 992 1208 contingebant
1009 1150 1053 1194 in
1074 1149 1158 1194 illis
1171 1151 1210 1207 ³3
1238 1168 1258 1191 υ
1284 1148 1422 1194 donec
1439 1148 1646 1209 aspiraret
1664 1147 1755 1192 dies
1776 1182 1789 1204 ,
1849 1187 1851 1191 ,
1886 1171 1889 1197 ;

402 1229 445 1264 et
462 1230 789 1264 removerentur
810 1221 1020 1265 umbrae&

460 1294 518 1335 X.
534 1293 712 1351 Aperiat
729 1292 876 1351 itaque
894 1292 1020 1336 nobis
1034 1291 1315 1351 pulsantibus
1332 1291 1545 1336 Dominus
1558 1311 1569 1348 3
1583 1299 1627 1334 et
1639 1298 1793 1347 myste-
1849 1286 1851 1326 ἶ
1884 1312 1889 1333 .-

402 1361 567 1406 riorum
591 1362 697 1420 ejus,
718 1371 933 1421 quantum
961 1361 1052 1420 ipse
1075 1360 1303 1418 dignatur,
1332 1369 1495 1404 secreta
1521 1359 1786 1419 pandantur.
1850 1371 1851 1374 ’

402 1432 579 1476 Etenim
592 1441 640 1475 ut
655 1441 766 1475 terra
779 1441 897 1476 mota
910 1441 1018 1475 esset
1036 1430 1091 1475 ad
1104 1432 1234 1475 fidem
1247 1466 1258 1485 ‚
1275 1446 1375 1475 cum
1387 1431 1433 1474 in
1450 1429 1669 1474 desertum
1684 1430 1793 1473 Gen·
1850 1426 1852 1455 ἶ
1886 1453 1889 1468 =

405 1502 516 1545 tium
544 1502 744 1545 transiret
765 1501 1077 1559 Evangefium,
1112 1519 1132 1542 ‹<
1156 1500 1270 1545 Coeli
1293 1499 1612 1544 distillaverunt
1637 1515 1662 1542 a
1685 1497 1794 1543 facie

407 1590 427 1613 »
440 1572 532 1616 Dei.
541 1590 560 1612 n
569 1573 624 1615 Hi
637 1581 739 1616 sunt
752 1572 867 1627 coeli,
880 1573 935 1616 de
948 1572 1109 1632 quibus
1121 1572 1167 1615 in
1180 1571 1265 1616 alio
1276 1570 1447 1615 Psalmo
1460 1570 1647 1615 canitur:
1657 1568 1794 1614 «Coeli

407 1661 427 1684 »
464 1651 667 1686 enarrant
694 1642 875 1700 gloriam
897 1644 990 1686 Dei.
1031 1661 1051 1682 »
1077 1645 1139 1686 De
1160 1642 1226 1686 his
1258 1642 1421 1701 quippe
1453 1633 1585 1701 paulo
1617 1639 1794 1700 postibi
1851 1652 1853 1699 ξ

404 1712 597 1757 dicitur:
626 1732 646 1754 «
670 1715 769 1757 Non
798 1722 901 1756 sunt
932 1712 1123 1772 loquelae
1156 1728 1300 1773 neque
1327 1727 1572 1767 sermones,
1606 1726 1793 1771 quorum
1851 1706 1853 1744 ῗ

408 1802 428 1824 »
464 1799 554 1828 non
571 1783 805 1828 audiantur
825 1799 953 1827 voces
988 1799 1139 1828 eorum
1172 1803 1180 1828 :
1214 1784 1260 1827 in
1291 1799 1467 1828 omnem
1505 1792 1663 1827 terram
1694 1782 1796 1826 exiit

407 1873 427 1896 >›
464 1870 594 1899 sonus
617 1870 790 1910 eorum,
815 1864 857 1898 et
878 1855 924 1898 in
951 1855 1058 1898 fines
1078 1855 1191 1898 orbis
1224 1863 1349 1898 terrae
1377 1855 1512 1898 verba
1545 1856 1741 1899 eorum5.
1770 1872 1790 1894 »

404 1928 493 1970 Nec
514 1935 661 1970 tamen
684 1926 773 1969 istis
796 1925 917 1969 coelis
935 1934 1051 1968 tanta
1072 1924 1205 1983 gloria
1224 1925 1459 1969 tribuenda
1477 1934 1561 1980 est,
1584 1934 1794 1984 tanquam

406 1995 461 2039 ab
484 1995 736 2039 hominibus
757 1994 830 2038 illa
853 1995 986 2053 gratia
1001 1995 1166 2039 venerit
1186 1995 1231 2037 in
1249 1994 1470 2039 desertum
1492 1995 1721 2049 Gentium,
1746 2003 1795 2038 ut

411 2076 520 2109 terra
541 2075 788 2110 moveretur
810 2066 865 2109 ad
887 2066 1032 2109 fidem.
1058 2068 1156 2109 Non
1178 2066 1293 2108 enim
1312 2065 1411 2109 coeli
1431 2082 1453 2109 a
1481 2081 1525 2109 se
1539 2065 1640 2124 ipsis
1658 2064 1795 2109 distil-

407 2136 608 2180 laverunt
623 2171 633 2191 ,
660 2136 750 2190 sed,
774 2156 793 2177 ι(
818 2140 855 2179 Α
876 2136 984 2180 facie
1002 2136 1099 2189 Dei⁷
1123 2154 1142 2177 »
1171 2136 1323 2195 utique
1339 2136 1621 2180 inhabitantis
1634 2150 1727 2191 eos,
1752 2143 1795 2179 et

405 2205 602 2251 facientis
625 2221 695 2249 eos
732 2206 974 2249 inhabitare
1009 2206 1138 2249 unius
1171 2206 1299 2250 moris
1329 2206 1374 2249 in
1396 2206 1542 2250 domo.
1579 2206 1665 2265 Ipsi
1693 2214 1795 2249 sunt

408 2277 523 2320 enim
541 2285 583 2320 et
600 2285 789 2330 montes,
813 2275 867 2320 de
886 2275 1046 2335 quibus
1071 2275 1231 2319 dicitur
1255 2295 1263 2320 :
1283 2295 1302 2317 «
1327 2277 1485 2319 Levavi
1508 2275 1656 2320 oculos
1677 2291 1794 2319 meos

411 2366 431 2388 »
458 2346 513 2390 ad
534 2355 725 2401 monte5‚
755 2345 873 2390 unde
896 2346 1040 2389 veniet
1066 2345 1273 2389 auxilium
1302 2346 1424 2389 mihi.
1449 2365 1468 2387 »
1495 2349 1552 2390 Et
1575 2355 1719 2389 tamen
1740 2360 1794 2389 ne

407 2418 454 2461 in
474 2416 725 2461 hominibus
747 2432 867 2476 spem
887 2416 1077 2476 posuisse
1104 2415 1346 2471 videretur,
1372 2416 1578 2460 continuo
1611 2415 1793 2474 subjecit

458 2520 466 2535 ¹
488 2514 579 2544 Num.
599 2524 646 2553 XI,
667 2512 720 2545 33.
744 2529 785 2534 -
802 2513 871 2543 2Μ.
895 2523 959 2552 mv,
979 2519 1034 2554 29,
1054 2511 1104 2544 30.
1124 2529 1164 2534 -
1182 2510 1194 2534 3
1218 2523 1229 2543 1
1251 2515 1322 2545 Cor.
1344 2523 1377 2552 x,
1403 2524 1453 2544 ιι.
1476 2529 1517 2535 —-
1535 2510 1551 2541 4
1572 2514 1663 2544 Cant.
1683 2522 1715 2547 n,
1732 2521 1780 2552 17.

413 2585 454 2592 —
477 2568 584 2601 5Psal.
607 2570 681 2601 2-5.
