1889 3285
403 227 485 266 420
832 241 864 264 s.
900 230 1128 266 Aucusmvi
1165 240 1344 267 Errscom

398 302 496 346 ideo
529 301 631 362 quia
651 300 784 345 latine
805 301 987 346 verbum
1016 318 1105 347 non
1132 312 1275 362 potest
1295 302 1380 348 diei
1401 338 1412 359 ,
1436 312 1486 348 ut
1507 304 1659 349 saltem
1679 320 1779 350 sen-

396 371 531 415 tentia
547 370 878 430 exprimeretur,
905 371 1070 417 dictum
1087 382 1150 417 est
1166 393 1175 417 ;
1191 392 1211 415 (ι
1226 373 1504 419 Permanebit
1520 391 1620 420 cum
1641 375 1776 420 sole.»

394 441 511 488 Nihil
527 450 591 486 est
616 441 733 486 enirn
749 441 869 487 aliud
887 444 1262 504 compermanebit
1283 444 1383 501 soli,
1400 462 1533 506 quam
1556 466 1576 489 «
1601 450 1779 491 Perma-

395 531 416 554 »
451 512 575 557 nebit
596 528 698 558 cum
713 512 818 558 sole.
839 514 988 568 »Quid
1019 524 1167 559 autem
1199 530 1407 574 magnum
1431 526 1494 561 est
1526 531 1781 577 permanere

394 599 496 628 cum
517 582 608 628 sole
624 585 662 628 ei
679 600 756 644 per
778 600 910 645 quem
931 585 1047 630 facta
1068 594 1169 630 sunt
1190 585 1335 630 omnia
1355 622 1367 642 ,
1393 596 1436 631 et
1463 587 1554 631 sine
1575 603 1664 648 quo
1685 587 1780 633 sac-

392 664 488 699 tum
517 665 582 700 est
601 655 733 700 nihil¹
747 691 758 712 ,
782 656 864 700 nisi
893 656 996 717 quia
1017 658 1110 701 haec
1130 657 1358 717 prophetia
1375 667 1553 718 propter
1570 674 1642 703 eos
1664 674 1781 719 prae-

391 726 518 771 missa
538 735 619 782 est,
641 727 717 787 qui
741 736 899 787 putant
919 726 1172 787 religionem
1189 728 1376 773 nominis
1398 729 1619 773 christiani
1641 745 1780 790 usque

391 798 448 842 ad
469 807 637 842 certum
661 807 831 858 tempus
847 799 893 843 in
913 799 998 844 hoc
1018 799 1178 844 saeculo
1195 799 1429 856 victuram,
1455 809 1499 844 et
1520 810 1668 860 postea
1689 816 1779 845 non

389 867 616 914 futuram?
647 888 667 912 «
704 870 983 915 Permanebit
1014 886 1117 930 ergo
1150 886 1252 916 cum
1281 871 1398 926 sole,
1429 889 1449 912 »
1484 871 1683 931 quandiu
1715 870 1779 916 sol

390 940 528 985 oritur
549 950 593 986 et
615 941 775 987 occidit
799 961 807 987 ε
833 942 917 987 hoc
939 951 1002 987 est
1021 977 1032 998 ,
1057 942 1255 1002 quandiu
1272 951 1468 1002 tempora
1491 942 1570 987 ista
1591 942 1780 987 volvun-

389 1020 483 1066 tur,
514 1027 604 1056 non
638 1012 775 1056 deerit
807 1012 999 1058 Ecclesia
1033 1014 1135 1068 Dei,
1169 1012 1216 1057 id
1253 1022 1342 1069 est,
1375 1013 1536 1058 Christi
1557 1013 1778 1073 corpusin

389 1082 525 1126 terris.
548 1081 678 1136 Quod
698 1098 800 1128 vero
822 1083 1023 1143 adjungit
1043 1102 1052 1127 2
1080 1103 1100 1126 (ι
1126 1085 1183 1127 Et
1204 1093 1304 1128 ante
1332 1083 1483 1128 lunam
1500 1119 1510 1139 ,
1537 1084 1779 1142 generatio-

389 1170 411 1195 »
446 1168 521 1198 nes
544 1154 890 1213 generationum.
919 1173 939 1196 »
976 1154 1125 1199 Potuit
1145 1154 1315 1199 dicere:
1342 1157 1399 1198 Et
1419 1164 1520 1199 ante
1541 1153 1678 1199 solem
1694 1190 1705 1211 ,
1732 1155 1777 1199 id

386 1233 472 1280 est,
499 1233 542 1269 et
564 1240 664 1269 cum
690 1224 801 1281 sole,
828 1235 871 1269 et
892 1234 992 1269 ante
1013 1225 1148 1269 solem
1175 1243 1183 1270 :
1209 1224 1329 1285 quod
1350 1224 1692 1283 intelligeretur:
1719 1228 1778 1270 Et

386 1294 488 1340 cum
505 1295 791 1356 temporibus,
817 1305 860 1340 et
881 1305 981 1340 ante
999 1304 1210 1355 tempora.
1237 1295 1366 1346 Quod
1388 1311 1489 1354 ergo
1507 1305 1680 1356 tempus
1697 1311 1777 1341 an-

385 1366 566 1422 tecedit,
594 1376 808 1411 aeternum
831 1376 895 1411 est
926 1386 934 1411 ε
966 1375 1010 1410 et
1044 1367 1129 1410 hoc
1153 1381 1253 1410 vere
1276 1366 1532 1410 habendum
1557 1377 1620 1411 est
1646 1377 1776 1412 aeter-

385 1452 519 1492 num,
561 1437 684 1497 quod
716 1436 840 1481 nullo
873 1446 1069 1496 tempore
1101 1436 1320 1491 variatur,
1361 1437 1473 1481 sicut
1493 1437 1539 1481 in
1561 1438 1776 1498 principio

385 1517 478 1552 erat
504 1507 714 1551 Verbum.
748 1506 832 1551 Sed
863 1522 940 1566 per
983 1507 1132 1550 lunam
1170 1507 1409 1565 significare
1445 1507 1602 1553 maluit
1634 1510 1776 1554 incre-

383 1588 530 1624 menta
559 1577 844 1638 defectusque
879 1577 1145 1622 mortalium.
1186 1580 1382 1638 Denique
1419 1596 1520 1624 cum
1551 1579 1726 1626 dixisset
1761 1600 1770 1626 :

389 1670 409 1692 «
443 1654 557 1695 Ante
578 1649 746 1703 lunam,
767 1668 786 1690 »
813 1648 963 1693 volens
983 1648 1177 1708 quodam
1199 1649 1330 1695 modo
1351 1650 1666 1711 exponere'pro
1688 1668 1776 1713 qua

385 1736 431 1765 re
467 1720 619 1764 lunam
646 1719 863 1778 posuerit,
904 1737 924 1760 «
948 1719 1283 1774 Generationes,
1320 1720 1489 1780 inquit,
1529 1723 1773 1778 generatio-

386 1811 408 1833 »
443 1806 566 1836 num.
591 1808 611 1832 »
640 1793 864 1850 Tanquam
903 1788 1068 1833 diceret
1104 1807 1112 1833 :
1143 1793 1256 1833 Ante
1281 1789 1454 1845 lunam,
1486 1790 1532 1834 id
1559 1801 1645 1847 est,
1673 1802 1773 1837 ante

384 1861 682 1921 generationes
705 1858 1035 1918 generationum
1055 1894 1066 1914 ,
1092 1875 1190 1919 quae
1212 1869 1438 1904 transeunt
1460 1861 1707 1906 decessione
1730 1872 1773 1908 et

383 1932 652 1977 successione
680 1929 956 1985 mortalium,
982 1938 1194 1990 tanquam
1217 1930 1502 1975 decrementis
1534 1932 1773 1977 incremen-

385 2004 527 2063 tisque
547 2001 865 2046 lunaribus.Ac
888 2015 967 2060 per
989 2001 1070 2045 hoc
1089 2000 1196 2060 quid
1216 2000 1371 2045 melius
1393 2001 1648 2060 intelligitur
1671 2019 1771 2062 per-

383 2089 559 2118 manere
589 2082 690 2117 ante
719 2070 891 2126 lunam,
930 2071 1012 2114 nisi
1033 2071 1179 2115 omnia
1212 2071 1411 2116 mortalia
1446 2072 1770 2119 immortalitate

383 2146 657 2207 praecedere?
690 2143 820 2198 Quod
858 2143 987 2188 etiam
1024 2143 1083 2187 sic
1114 2158 1203 2187 non
1242 2143 1600 2188 inconvenienter
1633 2145 1769 2205 accipi

384 2227 528 2278 potest
552 2253 562 2273 ,
597 2226 646 2261 ut
676 2215 796 2277 quod
826 2216 917 2276 jam
949 2213 1178 2259 humiliato
1212 2214 1525 2261 calumniatore
1557 2217 1678 2262 sedet
1714 2217 1769 2262 ad

384 2288 605 2334 dexteram
635 2287 772 2331 Patris
790 2322 800 2341 ,
827 2287 910 2331 hoc
932 2285 985 2330 sit
1005 2300 1258 2345 permanere
1277 2301 1377 2329 cum
1414 2285 1518 2330 sole.
1554 2286 1769 2347 Splendor

385 2360 501 2404 enim
522 2367 696 2403 aeternae
721 2356 867 2416 gloriae
890 2355 1146 2414 intelligitur
1168 2354 1303 2399 Filius
1318 2359 1335 2382 2
1363 2375 1371 2400 :
1405 2365 1612 2416 tanquam
1630 2357 1694 2402 sol
1713 2359 1767 2402 sit

387 2434 540 2485 Pater,
577 2438 620 2472 et
658 2426 863 2487 splendor
896 2428 987 2487 ejus
1024 2425 1157 2469 Filius
1193 2427 1298 2485 ejus.
1343 2426 1427 2470 Sed
1448 2427 1558 2471 sicut
1578 2427 1657 2472 ista
1680 2428 1765 2472 dici

382 2509 565 2561 possunt
597 2499 651 2543 de
672 2497 878 2541 invisibili
914 2497 1152 2541 substantia
1187 2497 1423 2552 Creatoris,
1456 2513 1544 2542 non
1567 2498 1677 2543 sicut
1710 2499 1764 2542 dc

435 2588 550 2615 11102111.
571 2596 592 2624 ι,
617 2584 646 2614 3.
668 2600 707 2605 ——
728 2590 738 2604 ²
763 2581 859 2613 Helu:
878 2592 901 2622 1,
919 2582 947 2611 3.
