1889 3285
399 232 483 272 164
830 242 863 270 s.
900 240 1130 272 AtGUsTmi
1163 245 1346 274 E1¹15co1³1

390 306 532 353 bonis.
552 309 660 360 Quae
683 306 819 351 donat
834 305 958 352 malis
973 343 984 362 ,
1008 307 1153 354 videte
1179 329 1187 355 :
1213 315 1351 354 Donat
1370 309 1452 354 illis
1465 309 1611 355 lucem
1632 310 1782 370 istam,

389 377 536 424 videte
557 378 661 437 quia
681 376 835 421 vident
854 377 974 422 illam
997 377 1103 422 honi
1125 388 1169 423 et
1188 379 1308 424 mali.
1331 379 1528 425 Pluviam
1553 396 1653 440 qua:
1685 380 1788 426 des-

391 449 541 496 cendit
563 465 693 510 super
714 460 873 495 terram
899 470 907 496 :
928 460 970 495 et
1002 450 1104 495 hinc
1125 461 1289 512 quanta
1309 452 1427 498 bona
1447 455 1722 498 nascuntur?
1744 463 1789 498 et

393 521 516 566 malis
543 521 647 566 inde
671 519 901 582 praestatur
922 531 966 567 et
987 522 1113 566 bonis
1129 558 1140 579 ,
1165 523 1337 568 dicente
1359 523 1598 584 Evangelio
1613 559 1625 580 ,
1659 542 1681 567 «
1705 524 1789 579 Qui

397 611 417 636 »
443 593 579 639 solem
601 609 730 638 suum
753 593 856 639 oriri
876 593 982 638 facit
1013 609 1142 654 super
1162 594 1301 640 bonos
1331 605 1375 640 et
1407 595 1543 641 malos
1559 630 1570 651 ,
1605 605 1649 640 et
1675 595 1789 656 pluit

394 683 416 707 >i
438 679 567 725 super
582 665 719 725 justos
743 673 788 709 et
817 664 998 725 injustos
1014 667 1044 708 ¹.
1069 681 1090 706 »
1112 668 1235 710 Dona
1254 681 1357 725 ergo
1378 666 1459 710 ista
1480 682 1580 726 quae
1597 681 1788 711 nascun-

390 745 463 781 tur
478 772 489 793 ,
514 735 584 781 vel
603 734 658 779 de
673 735 838 795 pluvia,
862 734 933 780 vel
955 734 1010 779 de
1028 734 1139 790 sole,
1165 751 1189 779 a
1211 737 1397 782 Domino
1429 735 1608 797 quidem
1638 746 1787 783 nostro

389 817 538 869 petere
550 807 777 861 debemus,
794 822 896 851 cum
909 806 995 851 sint
1005 808 1266 866 necessaria,
1280 808 1356 852 sed
1367 824 1458 853 non
1469 808 1549 852 ista
1564 807 1669 862 sola,
1684 809 1787 869 quia

388 879 469 924 ista
485 878 646 923 dantur
667 887 711 921 et
732 877 859 922 bonis
877 886 920 921 et
942 876 1080 922 malis.
1115 877 1230 931 Quid
1251 893 1354 937 ergo
1378 877 1590 922 debemus
1607 888 1755 938 petere
1768 915 1780 934 ,

385 949 564 1011 quando
585 949 780 994 levamus
803 949 982 992 manus?
1003 948 1116 1001 Quia
1136 949 1359 1008 quomodo
1375 949 1520 1008 potuit
1541 948 1650 993 dixit
1672 949 1786 994 illud

387 1021 598 1065 Psalmus.
623 1019 737 1074 Quid
759 1028 823 1063 est
844 1017 964 1079 quod
982 1018 1094 1074 dixi,
1112 1019 1335 1078 quomodo
1357 1020 1534 1078 potuit?
1552 1019 1784 1073 Quomodo

384 1092 530 1152 potuit
550 1107 596 1136 os
617 1092 861 1135 humanum
891 1089 1068 1133 auribus
1101 1089 1320 1133 humanis.
1347 1090 1458 1142 Quia
1495 1105 1573 1149 per
1597 1106 1673 1134 ora
1693 1091 1783 1135 hu-

379 1178 510 1207 mana
528 1163 608 1206 ista
625 1161 740 1206 dicta
759 1170 860 1205 sunt
880 1196 890 1214 ,
918 1169 961 1204 et
983 1176 1060 1220 per
1086 1160 1298 1220 quasdam
1326 1160 1631 1205 similitudines
1663 1161 1784 1206 dicta

385 1242 509 1288 sunt,
552 1231 775 1292 quomodo
818 1246 973 1291 capere
1012 1241 1189 1290 possent
1224 1247 1373 1275 omnes
1406 1232 1590 1287 infirmi,
1629 1248 1781 1277 omnes

383 1303 571 1365 parvuli.
609 1302 726 1356 Quid
747 1302 885 1346 dixit?
906 1302 1022 1355 Quid
1045 1302 1228 1361 petivit?
1257 1322 1276 1344 «
1302 1306 1354 1346 In
1377 1303 1554 1347 nomine
1569 1338 1580 1357 ,
1609 1303 1777 1362 inquit,

387 1393 408 1416 n
435 1384 511 1419 tuo
528 1372 682 1417 levabo
698 1387 852 1415 manus
874 1387 1005 1412 meas.
1027 1391 1047 1409 »
1069 1371 1186 1421 Quid
1209 1375 1494 1428 accepturus?
1515 1390 1534 1412 «
1553 1374 1782 1432 Tanquam

385 1465 407 1489 »
425 1445 552 1504 adipe
575 1452 618 1488 et
632 1439 898 1502 pinguedine
916 1437 1134 1497 repleatur
1148 1438 1291 1482 anima
1303 1454 1399 1483 mea
1412 1441 1456 1483 2?
1473 1458 1493 1481 »
1512 1441 1677 1485 Putatis
1701 1441 1780 1486 ali-

381 1531 517 1577 quam
556 1510 871 1574 pinguedinem
913 1508 1054 1552 carnis
1096 1507 1359 1553 desiderasse
1402 1510 1589 1553 animam
1625 1511 1774 1566 istam,

382 1587 536 1633 fratres
569 1584 679 1627 mei?
712 1583 811 1626 Non
838 1580 953 1624 enim
985 1579 1070 1623 1100
1102 1594 1181 1639 pro
1213 1595 1372 1638 magno
1405 1579 1692 1638 desideravit,
1726 1593 1778 1628 ut

380 1660 566 1723 pingues
591 1655 766 1708 arietes,
800 1661 852 1695 ut
886 1651 1069 1711 pingues
1102 1651 1222 1710 porci
1254 1649 1317 1693 illi
1345 1659 1666 1709 mactarentur,
1701 1663 1778 1700 aut

379 1730 548 1776 veniret
571 1724 625 1770 ad
648 1724 837 1783 aliquam
859 1721 1064 1781 popinam
1079 1756 1089 1776 ,
1115 1721 1194 1764 ubi
1223 1721 1437 1766 inveniret
1467 1722 1647 1767 obsonia
1673 1724 1775 1784 pin-

380 1802 480 1861 guia
501 1798 619 1844 unde
640 1803 922 1840 saturaretur.
951 1793 994 1838 Si
1016 1793 1100 1837 1100
1118 1791 1451 1849 crediderimus,
1487 1793 1609 1852 digni
1625 1810 1774 1841 sumus

378 1871 457 1932 qui
477 1871 558 1915 ista
572 1867 813 1913 audiamus.
840 1867 958 1923 Ergo
981 1862 1149 1924 aliquid
1169 1862 1360 1922 spiritale
1381 1863 1593 1909 debemus
1609 1865 1773 1911 intelli-

379 1958 492 2002 gere.
501 1940 645 1985 Habet
655 1935 890 1998 quamdam
904 1934 1218 1995 pinguedinem
1230 1935 1373 1979 anima
1387 1944 1549 1980 nostra.
1565 1938 1644 1981 Est
1655 1953 1771 1997 quae-

380 2014 482 2058 dam
495 2009 693 2056 saturitas
711 2006 883 2067 pinguis
903 2005 1139 2065 sapientiae.
1160 2005 1376 2064 Sapientia
1390 2006 1507 2050 enim
1521 2006 1601 2050 ista
1613 2007 1770 2052 animae

379 2099 480 2144 quae
501 2089 671 2134 carent,
696 2085 995 2134 marcescunt,
1019 2084 1062 2119 et
1094 2075 1273 2119 omnino
1294 2075 1353 2119 ita
1388 2075 1516 2120 exiles
1547 2077 1682 2133 fiunt,
1718 2087 1771 2124 ut
1836 2094 1863 2141 τε

379 2155 426 2199 111
449 2152 651 2197 omnibus
674 2148 800 2193 bonis
829 2146 1033 2207 operibus
1057 2147 1142 2190 cito
1160 2145 1380 2190 deficiant.
1407 2149 1551 2199 Quare
1579 2147 1666 2193 cito
1689 2148 1769 2193 de-

378 2225 533 2269 ficiunt
555 2223 601 2265 in
623 2219 826 2265 omnibus
848 2217 973 2262 bonis
997 2216 1228 2276 operibus?
1250 2216 1357 2269 Quia
1375 2231 1464 2261 non
1486 2217 1651 2262 hahent
1671 2218 1770 2278 pin-

378 2294 610 2355 guedinem
644 2290 878 2336 saturitatis
893 2304 996 2333 suae.
1035 2287 1151 2333 Audi
1175 2287 1433 2348 Apostolum
1465 2288 1683 2334 dicentem
1707 2289 1764 2336 de
1815 2320 1823 2330 ..
1856 2309 1864 2320 =

377 2365 530 2427 pingui
553 2364 720 2417 anima,
756 2361 1081 2421 praecipientem
1103 2368 1152 2403 ut
1187 2359 1372 2420 quisque
1394 2359 1507 2404 bene
1539 2370 1759 2420 operetur.

378 2435 496 2490 Quid
529 2434 614 2478 ait?
651 2453 671 2475 «
708 2431 899 2476 Hilarem
936 2429 1131 2475 datorem
1164 2428 1304 2487 diligit
1331 2432 1489 2474 Deusss.
1528 2449 1548 2471 »
1586 2431 1762 2489 Pinguis
1828 2463 1832 2477 .

379 2507 521 2552 31111113
539 2504 657 2549 unde
679 2513 787 2548 esset
809 2503 1004 2562 pinguis,
1029 2501 1147 2545 uisia
1167 2501 1354 2545 Domino
1380 2503 1675 2546 saturaretur?
1704 2504 1762 2548 Et
1827 2491 1831 2537 ·'
1859 2515 1861 2524 ¹

428 2601 436 2617 ¹
458 2593 570 2624 naith.
596 2603 628 2632 v,
645 2589 699 2632 ¹55.
721 2607 760 2612 —
790 2597 798 2611 ἵ
827 2589 903 2621 Psa'..
927 2600 1000 2629 ixii,
1019 2587 1050 2619 6.
1070 2606 1109 2610 -
1127 2585 1140 2610 3
1156 2599 1166 2619 1
1186 2590 1365 2628 (ζο1·.1ῑ,;-.
