1889 3285
400 227 484 268 150
830 239 866 267 s.
901 235 1132 268 Auensmnu
1163 239 1345 269 Emseom

395 302 670 350 medicinam.
699 301 787 348 Sed
806 303 909 365 quia
929 302 1024 348 talis
1045 313 1109 348 est
1124 305 1253 348 arsin
1274 319 1360 364 qua
1383 305 1636 350 exercitatus
1656 313 1776 360 erat,

393 390 494 436 quae.
511 382 707 433 suspecta
728 382 836 418 esset
849 374 904 418 de
924 373 1149 419 mendacio
1167 383 1297 435 atque
1313 374 1483 420 fallacia
1497 410 1508 431 ‚
1533 374 1693 420 dilatus
1714 383 1779 419 est

391 461 449 491 ne
470 454 684 502 tentaret3
714 454 757 489 et
778 445 1015 507 aliquando
1039 454 1185 491 tamen
1207 446 1414 491 admissus
1428 456 1492 491 est
1505 482 1516 502 ‚
1535 461 1590 490 ne
1603 445 1778 506 pericu-

391 517 525 562 losius
559 525 814 561 tentaretur.
849 519 980 562 Orate
1015 532 1094 577 pro
1129 516 1205 561 illo
1231 533 1308 577 per
1330 519 1568 563 Christum.
1599 521 1778 562 Prorsus

391 588 649 633 hodiernam
673 603 846 648 precem
876 602 956 648 pro
984 586 1061 635 illo
1090 585 1262 632 fundite
1284 588 1470 632 Domino
1498 591 1589 632 Deo
1610 596 1774 632 nostro.

393 658 562 705 Scimus
583 659 700 703 enim
726 668 770 703 et
790 658 896 704 certi
914 673 1062 702 sumus
1077 693 1088 713 ‚
1113 658 1216 718 quia
1238 658 1375 703 oratio
1397 668 1540 704 vestra
1555 657 1671 703 delet
1685 672 1778 703 om-

391 743 467 774 nes
483 729 724 789 impietates
746 730 851 790 ejus.
877 729 1087 774 Dominus
1108 729 1350 774 vobiscum.

392 861 532 879 ΛΛΛὯΛΜἋ
535 862 672 878 ΜΨΣΜἿ
675 863 743 879 MM
746 862 956 879 ammvvumu
960 862 1169 878 mmm
1172 862 1240 878 &ms
1244 863 1310 879 Ύννὶ
1314 863 1454 879 ΜἮὮΜΜ
1458 862 1524 878 §eux
1529 862 1594 878 ἋΜ
1602 861 1773 879 ΜῚΜΜ

896 970 1280 1020 ENARRATIO

787 1097 847 1138 IN
889 1095 1190 1138 PSALMUM
1231 1097 1381 1136 LXII.

859 1217 1012 1265 Sermo
1033 1214 1089 1260 ad
1110 1214 1301 1276 plebem.

446 1353 482 1394 I.
505 1353 703 1400 PROPTER
731 1366 803 1395 eos
825 1352 901 1411 qui
934 1351 1047 1398 forte
1075 1352 1205 1395 rudes
1230 1360 1332 1394 sunt
1361 1351 1506 1394 adhuc
1536 1351 1593 1394 ad
1620 1365 1783 1395 nomen

387 1421 573 1479 Christi3
594 1420 695 1481 quia
714 1421 912 1480 undique
931 1419 1098 1479 colligit
1119 1420 1195 1480 qui
1217 1435 1296 1479 pro
1319 1420 1524 1464 omnibus
1542 1419 1665 1464 dedit
1679 1436 1780 1464 san-

393 1492 570 1549 guinem
595 1506 723 1534 suum
738 1526 748 1546 ‚
775 1489 1011 1534 dicendum
1039 1499 1102 1533 est
1123 1491 1271 1549 paucis
1300 1490 1420 1550 quod
1442 1498 1485 1533 et
1509 1488 1572 1532 illi
1593 1488 1781 1534 libenter

391 1560 571 1606 audiant
587 1561 662 1621 qui
678 1570 910 1615 noverunt,
925 1569 968 1604 et
989 1559 1156 1604 discant
1174 1560 1354 1619 quinon
1366 1569 1598 1604 noverunt.
1620 1560 1779 1605 Psalmi

386 1632 457 1676 isti
493 1646 602 1691 quos
642 1639 865 1674 cantamus
886 1665 898 1686 ,
947 1639 1182 1691 antequam
1219 1630 1429 1674 Dominus
1470 1639 1616 1674 noster
1657 1633 1780 1676 Jesus

390 1703 585 1754 Christus
603 1709 730 1745 natus
750 1709 858 1744 esset
875 1715 926 1744 ex
941 1701 1110 1760 virgine
1126 1700 1278 1755 Maria,
1302 1700 1466 1760 Spiritu
1486 1700 1564 1745 Dei
1587 1699 1780 1746 dictante

389 1773 495 1818 dicti
517 1781 559 1816 et
582 1772 813 1831 conscripti
826 1781 942 1816 sunt.
965 1772 1067 1816 Fuit
1085 1772 1201 1816 enim
1215 1771 1354 1816 David
1368 1787 1441 1815 rcx
1462 1771 1507 1815 iu
1523 1774 1547 1815 J
1552 1771 1779 1822 udaeorum

392 1853 520 1903 gente
536 1878 547 1898 ,
568 1858 667 1903 quae
691 1858 794 1901 gens
811 1858 899 1886 una
921 1841 1093 1891 colebat
1114 1845 1254 1887 Deum
1277 1857 1439 1897 unum,
1460 1842 1536 1902 qui
1560 1841 1666 1886 fecit
1687 1858 1778 1892 coe-

389 1914 484 1959 lum
499 1923 542 1957 et
563 1922 739 1967 terram,
762 1928 880 1956 mare
902 1921 945 1956 et
961 1912 1105 1957 omnia
1123 1929 1223 1973 quae
1241 1913 1286 1956 in
1303 1912 1404 1972 ipsis
1425 1921 1548 1967 sunt,
1573 1912 1661 1956 sive
1678 1929 1778 1974 quae

387 1983 610 2038 videntur,
635 1983 722 2027 sive
746 1999 845 2042 quae
869 1998 958 2027 nou
982 1982 1202 2027 videntur.
1228 1985 1408 2027 Caeterae
1431 1991 1576 2026 autem
1597 1992 1747 2042 gentes
1762 2019 1773 2039 ‚

389 2062 465 2098 aut
489 2052 605 2097 idola
631 2052 835 2099 colebant
854 2068 952 2113 quae
972 2052 1173 2096 manibus
1195 2053 1280 2096 suis
1310 2051 1532 2107 fecerant,
1558 2061 1634 2096 aut
1654 2069 1777 2098 crea-

389 2134 536 2169 turam
553 2123 657 2179 Dei,
683 2138 773 2167 non
791 2123 934 2183 ipsum
948 2124 1221 2178 Creatorem,
1241 2122 1288 2171 id
1309 2132 1393 2178 est,
1420 2132 1493 2167 aut
1515 2122 1649 2167 solem
1665 2159 1677 2179 ‚
1702 2133 1777 2169 aut

390 2195 567 2249 lunam,
592 2203 666 2238 aut
694 2193 859 2249 stellas,
887 2202 963 2237 aut
982 2209 1121 2248 mare,
1148 2202 1223 2237 aut
1254 2202 1449 2248 montes,
1479 2202 1554 2237 aut
1582 2194 1771 2239 arbores.

393 2255 498 2318 Haec
533 2265 648 2308 enim
678 2265 824 2313 omnia
854 2267 969 2309 Deus
1000 2264 1123 2315 iecit3
1146 2273 1189 2308 et
1209 2263 1377 2313 laudari
1404 2279 1447 2307 se
1474 2262 1570 2308 vult
1592 2263 1638 2307 in
1661 2261 1771 2321 illis,

391 2350 482 2385 non
509 2333 584 2378 illa
605 2333 687 2378 coli
703 2350 783 2394 pro
804 2349 862 2378 se.
889 2337 1005 2394 Ergo
1022 2334 1067 2382 in
1083 2334 1175 2393 ipsa
1201 2343 1328 2393 gente
1352 2333 1607 2378 Judaeorum
1636 2333 1775 2382 David

392 2395 466 2449 rex
487 2403 592 2459 fuit,
617 2403 671 2448 dc
692 2406 812 2464 cujus
834 2404 995 2453 semine
1017 2413 1144 2453 natus
1168 2413 1231 2448 est
1247 2405 1456 2451 Dominus
1480 2414 1627 2452 noster
1647 2407 1772 2451 Jesus

394 2473 591 2528 Christus
618 2489 670 2518 ex
701 2474 837 2519 Maria
865 2474 1083 2533 virgine¹3
1112 2474 1215 2534 quia
1243 2473 1297 2518 de
1325 2473 1398 2519 illo
1426 2473 1614 2519 ducebat
1642 2489 1777 2533 genus

443 2575 452 2591 ¹
474 2570 563 2601 Rom.
589 2579 613 2606 ι,
633 2568 661 2600 3.

1877 1044 1881 1102 i

1877 1124 1882 1141 ,

1854 904 1858 1027 i
