1889 3285
401 207 484 244 208
837 211 869 239 s.
906 212 1136 240 Aucus'rrm
1169 214 1350 241 Emscom

400 279 526 323 illum
554 296 562 322 ;
594 286 637 321 et
658 277 758 337 quia
780 275 883 320 fides
912 284 1056 319 nostra
1074 292 1163 320 non
1180 275 1235 320 de
1251 276 1415 320 viribus
1437 274 1608 329 nostris,
1634 274 1709 318 sed
1729 274 1784 318 de

402 348 517 392 illius
539 347 734 406 potentia
755 355 844 403 est,
875 345 974 390 ideo
997 346 1328 390 circumcinctus
1357 346 1403 389 in
1424 353 1654 405 potentatu
1687 359 1782 400 suo,

402 433 491 461 non
511 426 656 462 nostra
678 415 948 461 fortitudine.

458 489 539 531 Xl.
569 506 590 529 «
614 486 696 539 Qui
719 485 951 530 conturbas
979 483 1167 529 iundum
1195 485 1364 531 maris1.
1388 502 1407 527 »
1431 485 1553 529 Fecit
1572 485 1657 529 hoc
1683 502 1693 528 ε
1715 483 1785 528 vi-

398 557 526 602 detur
547 557 656 618 quid
677 556 842 602 fecerit.
869 557 1131 615 P1·aeparavit
1144 557 1258 600 enim
1280 565 1449 601 montes
1466 556 1512 599 in
1524 553 1784 600 fortitudine

395 645 495 684 sua,
536 629 651 672 misit
672 627 767 673 illos
804 626 1039 687 praedicare
1063 647 1072 672 ε
1099 627 1432 672 circumcinctus
1459 635 1523 671 est
1547 643 1570 670 a
1597 624 1784 670 creden-

397 697 495 742 ibus
517 699 562 742 in
585 707 815 758 potentatu
837 717 846 742 :
872 707 915 742 et
934 707 1203 742 commotum
1236 706 1300 742 est
1332 712 1468 752 mare,
1496 704 1784 740 commottum

397 778 462 813 est
488 768 719 823 saeculum,
751 777 795 812 et
822 768 952 827 coepit
984 768 1185 828 persequi
1209 776 1377 812 sanctos
1400 769 1505 827 ejus.
1541 786 1561 809 «
1581 766 1783 811 Circum-

400 856 421 879 »
456 839 624 883 cinctus
661 838 706 882 in
742 839 1095 898 potentatuzqui
1124 837 1356 882 conturbas
1378 836 1567 882 fundum
1585 835 1730 880 maris.
1759 853 1781 877 »

397 911 495 954 Non
517 908 625 952 dixit
646 927 656 952 ε
682 908 767 961 Qui
788 908 1023 953 conturbas
1045 922 1188 965 mare,
1213 906 1310 962 sed,
1332 926 1350 949 «
1366 906 1573 951 Fundum
1592 905 1736 949 maris.
1758 923 1780 946 »

397 982 430 1023 F
438 978 606 1023 undum
627 979 755 1022 maris
776 988 840 1023 est
861 994 935 1023 cor
954 978 1202 1038 impiorum.
1229 977 1348 1022 Sicut
1366 977 1482 1021 enim
1504 993 1527 1020 a
1548 975 1689 1020 fundo
1710 991 1786 1020 ve-

398 1048 644 1092 hementius
665 1048 810 1092 omnia
838 1057 1085 1102 moventur,
1111 1057 1154 1091 et
1181 1046 1343 1091 fundus
1372 1045 1566 1091 continet
1600 1045 1745 1090 omnia
1771 1064 1781 1090 2

397 1119 457 1162 sic
478 1116 696 1178 quidquid
716 1118 920 1177 processit
935 1133 1012 1177 per
1031 1116 1241 1175 linguam,
1268 1132 1344 1176 per
1361 1131 1531 1170 manus,
1545 1130 1624 1174 per
1638 1123 1783 1173 potes-

399 1196 506 1231 tates
528 1186 716 1230 diversas
736 1221 747 1241 ,
774 1187 831 1230 ad
851 1188 1195 1246 persecutionem
1208 1185 1429 1241 Ecclesiae,
1454 1185 1509 1229 de
1525 1184 1665 1229 fundo
1684 1200 1785 1244 pro-

397 1257 536 1301 cessit.
565 1256 608 1301 Si
637 1257 753 1300 enim
789 1273 879 1301 non
913 1267 1022 1301 esset
1050 1258 1171 1301 radix
1192 1255 1493 1316 iniquitatisin
1514 1255 1671 1311 corde,
1695 1270 1785 1300 non

397 1326 471 1371 illa
495 1327 638 1371 omnia
661 1327 949 1386 procederent
966 1327 1170 1371 adversus
1189 1327 1426 1371 Christum.
1454 1325 1662 1369 Fundum
1678 1340 1785 1370 con-

398 1397 608 1450 turbavit,
634 1394 745 1440 forte
776 1406 826 1440 ut
862 1406 905 1440 et
938 1396 1127 1441 fundum
1161 1396 1410 1440 exhauriret
1431 1414 1440 1440 :
1461 1412 1563 1440 nam
1596 1397 1640 1439 in
1658 1395 1783 1439 malis

398 1467 663 1527 quibusdam
686 1467 882 1510 exhausit
903 1482 1022 1510 mare
1044 1483 1066 1510 a
1088 1466 1251 1521 fundo,
1278 1475 1321 1509 et
1341 1466 1488 1525 posuit
1506 1481 1623 1510 mare
1645 1465 1787 1509 deser-

399 1547 510 1581 tum.
549 1537 663 1581 Dicit
689 1535 798 1579 illud
829 1535 936 1579 alius
970 1536 1190 1592 Psalmus,
1221 1556 1240 1578 «
1266 1537 1347 1590 Qui
1368 1536 1580 1580 convertit
1601 1550 1719 1579 mare
1740 1535 1786 1580 in

401 1626 422 1649 »
459 1608 623 1652 aridam
638 1611 670 1650 ².
701 1625 721 1648 »
747 1608 908 1651 Omnes
946 1607 1067 1666 impii
1103 1617 1146 1651 et
1177 1608 1333 1666 pagani
1366 1607 1442 1666 qui
1478 1605 1782 1661 cred-iderunt,

397 1693 516 1721 mare
537 1686 683 1731 erant,
709 1685 820 1720 terra
843 1675 946 1720 facti
967 1686 1068 1720 sunt
1092 1696 1103 1732 3
1128 1675 1245 1720 salsis
1268 1677 1474 1720 fluctibus
1497 1676 1638 1736 primo
1658 1677 1785 1720 steri-

395 1747 480 1802 les,
507 1757 652 1807 postea
671 1747 851 1807 justitiae
873 1745 1021 1791 fructu
1042 1745 1254 1790 foecundi.
1280 1765 1300 1788 «
1324 1747 1410 1799 Qui
1428 1746 1662 1790 conturbas
1681 1745 1785 1791 fun-

400 1836 421 1859 »
456 1817 563 1861 dum
593 1817 721 1860 maris
749 1836 757 1860 :
783 1831 939 1860 sonum
962 1817 1177 1860 fluctuum
1207 1817 1297 1876 ejus
1314 1816 1411 1877 quis
1431 1816 1611 1860 sufferet
1629 1819 1647 1858 ἱ)
1668 1816 1785 1870 Quid

400 1907 421 1929 n
457 1897 541 1943 est,
567 1887 663 1947 quis
680 1886 883 1931 sufferet?
900 1906 918 1927 »
939 1887 1043 1940 Quis
1055 1887 1188 1931 homo
1205 1888 1384 1932 sufferet
1395 1902 1550 1931 sonum
1567 1887 1784 1931 fluctuum

397 1959 527 2003 maris
542 1993 552 2013 ,
573 1958 785 2018 jussiones
802 1956 1120 2001 sublimitatum
1142 1957 1311 2002 saeculi?
1327 1957 1410 2003 Sed
1428 1958 1545 2002 unde
1563 1958 1785 2002 sufferun-

398 2030 498 2073 tur?
520 2029 631 2081 Quia
648 2036 862 2087 praeparat
883 2036 1051 2071 montes
1069 2028 1114 2071 in
1132 2026 1389 2072 fortitudine
1411 2043 1502 2072 sua.
1528 2027 1657 2081 Quod
1679 2043 1783 2086 ergo

399 2098 528 2153 dixit,
553 2117 573 2139 «
597 2099 698 2151 Quis
716 2098 895 2142 sufferet
915 2099 933 2141 P
955 2098 1037 2141 hoc
1060 2098 1144 2142 ait:
1169 2100 1254 2143 Nos
1276 2097 1356 2156 ipsi
1390 2113 1466 2157 per
1500 2098 1782 2157 nosmetipsos

398 2169 580 2213 sufferre
602 2168 694 2212 illas
715 2167 1037 2227 persecutiones
1059 2183 1148 2212 non
1178 2183 1422 2227 possemus,
1451 2168 1532 2212 nisi
1557 2167 1628 2212 ille
1661 2168 1784 2213 daret

398 2237 714 2284 fortitudinem.
735 2257 752 2280 (ι
767 2239 852 2291 Qui
874 2237 1109 2282 conturbas
1122 2232 1309 2282 fundum
1326 2238 1454 2282 maris
1476 2257 1484 2282 :
1505 2253 1661 2283 sonum
1672 2239 1783 2283 fluc-

402 2329 422 2351 »
459 2319 584 2353 tuum
606 2310 695 2369 ejus
713 2309 807 2368 quis
818 2309 1010 2353 sufferet.
1042 2327 1062 2349 »

457 2382 559 2423 XII.
585 2398 603 2420 α
632 2378 944 2422 Turbabuntur
968 2378 1156 2436 gente53.
1182 2379 1326 2423 Primo
1348 2378 1647 2422 turbabuntur
1672 2397 1681 2422 ι
1706 2376 1782 2422 sed

400 2449 460 2494 illi
485 2457 652 2493 montes
669 2447 809 2508 parati
830 2446 1146 2492 infortitudine
1170 2447 1353 2503 Christi,
1379 2447 1594 2508 numquid
1619 2447 1780 2492 turbati

448 2540 455 2556 ¹
485 2532 565 2566 Psal.
587 2543 668 2574 inv,
687 2531 718 2565 8.
740 2549 780 2555 -
805 2538 817 2555 ²
842 2532 888 2564 Id.
908 2541 983 2573 va,
1002 2532 1036 2564 6.
1052 2547 1093 2555 --
1115 2529 1127 2556 3
1148 2531 1194 2565 Id.
1214 2542 1298 2573 mv,
1325 2532 1356 2563 8.

1886 1501 1889 1544 i

1885 1784 1889 1802 l

1854 1499 1856 1591 ἓ

1853 1601 1856 1653 l
1885 1626 1889 1668 i

1853 1824 1855 1852 l

1852 1919 1854 1953 !
1884 1925 1889 1951 1

1852 1978 1889 2022 31,
