1889 3285
428 183 512 222 302
827 186 861 214 s.
898 186 1127 214 AUGUSTINI
1159 186 1340 215 El’lscom

427 271 536 318 quos
562 266 813 298 enumerare
835 250 907 296 vel
927 265 1265 295 commemorare
1291 249 1418 294 nimis
1447 249 1627 307 longum
1646 258 1709 294 est
1729 284 1740 305 ,
1764 259 1809 295 ct

428 323 630 386 praesenti
650 321 769 382 operi
785 337 874 366 non
892 319 1204 368 necessarium!
1230 322 1426 373 Quorum
1449 328 1593 363 tamen
1603 334 1811 368 sensuum,-
1849 331 1861 365 ⁶:

428 393 602 455 probati
619 400 844 437 assertores
866 399 942 434 aut
953 404 1126 449 prorsus
1142 388 1348 444 laterent,
1368 397 1442 433 aut
1460 403 1551 432 non
1571 388 1631 432 ita
1646 388 1812 432 emine·
1849 416 1861 434 ‚-

430 472 527 509 rent
542 498 554 519 ,
585 471 636 506 ut
660 477 731 506 eos
761 461 948 504 eminere
976 457 1175 504 fecerunt
1195 458 1481 517 superborum
1503 457 1812 503 contradictio-
1850 475 1861 517 fv

432 549 534 588 nes,
570 547 679 592 quos
697 530 819 576 velut
841 539 1008 584 tauros,
1040 527 1086 572 id
1118 537 1213 583 est,
1231 529 1337 588 jugo
1369 527 1608 587 disciplinae
1631 527 1812 587 pacifico
1850 538 1863 569 η

431 603 607 663 lenique
629 617 718 645 non
735 599 1278 653 subditos,commemorat
1295 597 1552 657 Apostolus,
1578 598 1655 641 ubi
1682 596 1814 641 talem
1852 615 1854 651 ς
1887 607 1889 650 2

432 672 542 717 dixit
562 670 813 730 eligendum
841 668 896 712 ad
923 668 1245 728 episcopatum:
1275 687 1294 709 «
1316 670 1372 712 Ut
1393 677 1546 728 potens
1571 668 1626 711 sit-
1656 668 1814 711 exhor-

437 762 459 786 »
493 743 575 787 tari
594 743 638 787 in
661 741 857 785 doctrina
879 755 1009 795 sana,
1041 749 1084 783 et
1105 738 1449 784 contradicentes
1470 739 1729 798 redarguere
1740 740 1770 782 ¹¹.
1792 756 1820 780 ».

438 815 549 857 Sunt
574 812 692 857 enim
711 809 839 854 multi
865 825 956 853 non
977 808 1169 866 subditi,
1192 809 1239 852 hi
1259 818 1360 852 sunt
1382 809 1495 853 tauri
1516 808 1701 852 elatione
1726 823 1820 853 cer·-
1864 838 1865 841 =

436 882 540 926 vicis
571 881 843 941 impatientes
875 881 1004 923 aratri
1036 889 1168 939 atque
1200 880 1421 940 juncturae
1454 899 1462 924 :
1495 878 1746 939 vaniloqui,
1776 887 1820 923 et
1854 923 1855 950 Ι

438 952 651 996 mentium
672 950 943 1007 seductores,
966 950 1043 993 has
1063 958 1230 994 mentes
1255 949 1509 1007 significavit
1530 949 1608 992 istc
1626 947 1824 992 Psalmus
1854 981 1856 985 >

437 1022 727 1082 appellatione
748 1035 994 1065 vaccarum.
1030 1019 1098 1064 Ad
1132 1021 1245 1064 hanc
1271 1035 1374 1078 crgo
1409 1019 1641 1063 utilitatem
1673 1019 1821 1078 provi·-
1854 1034 1856 1078 ξ

438 1091 586 1136 dentia
609 1091 755 1135 divina
776 1090 989 1149 permittit
1010 1099 1156 1133 tauros
1173 1090 1426 1147 congregari
1446 1089 1557 1132 inter
1573 1104 1723 1133 vaccas
1740 1103 1822 1147 po-
1854 1103 1856 1111 ’

438 1160 644 1220 pulorum
659 1194 669 1214 ,
695 1169 744 1203 ut
765 1158 1066 1213 excludantur,
1086 1159 1132 1201 id
1153 1168 1217 1202 est
1235 1194 1246 1213 ,
1267 1168 1318 1202 ut
1339 1157 1826 1218 emineantquiprobatti
1854 1174 1858 1218 Ι

438 1239 540 1275 sunt
560 1239 755 1288 argento.
776 1228 846 1272 Ad
864 1229 944 1272 hoc
966 1229 1081 1271 enim
1102 1229 1284 1271 haereses
1305 1228 1509 1271 sinuntur
1529 1243 1640 1283 esse,
1661 1237 1710 1271 ut
1727 1243 1826 1287 pro·
1855 1223 1858 1269 ἶ

436 1301 529 1345 bati
566 1298 783 1344 manifesti
817 1299 940 1342 fiant.
974 1302 1232 1358 Quanquam
1264 1307 1307 1341 et
1338 1297 1397 1342 sic
1425 1298 1559 1357 possit
1591 1297 1775 1356 intelligi
1809 1316 1823 1343 τ
1855 1275 1858 1383 Ι

445 1390 466 1413 «
499 1370 787 1428 Congregatio
811 1379 1033 1412 taurorum
1062 1369 1174 1411 inter
1195 1383 1353 1412 vaccas·
1374 1367 1638 1427 populorum
1653 1402 1666 1422 ,
1696 1376 1747 1411 ut
1768 1367 1830 1411 ah
1856 1385 1860 1456 Ι

443 1460 464 1483 »
500 1441 558 1484 eis
580 1441 720 1485 vaccis
742 1439 1028 1483 excludantur
1048 1439 1124 1498 qui
1146 1438 1321 1497 probati
1347 1447 1447 1483 sunt
1473 1446 1669 1496 argento.
1702 1440 1831 1482 Hane·
1856 1459 1873 1500 Ι·

441 1510 557 1554 enim
585 1510 751 1553 habent
782 1509 1068 1552 intentionem
1089 1508 1280 1552 haeretici
1303 1508 1502 1553 doctores
1524 1543 1536 1564 ,
1562 1517 1613 1552 ut
1633 1508 1687 1552 ab
1710 1507 1829 1551 auri-
1856 1506 1859 1571 Ι

441 1581 523 1624 bus
543 1580 786 1623 animarum
807 1613 817 1633 ,
841 1594 947 1638 quas
968 1578 1172 1622 seducere
1194 1578 1451 1632 moliuntur,
1476 1577 1710 1635 excludant
1725 1593 1832 1632 eos„
1857 1572 1869 1648 Ι

443 1650 589 1705 idest,
610 1660 808 1709 separent
829 1665 900 1694 cos
922 1650 998 1709 qui
1021 1649 1190 1707 probati
1213 1657 1315 1691 sunt
1339 1657 1538 1705 argento,
1564 1647 1610 1691 id
1632 1657 1697 1691 est
1714 1682 1725 1703 ‚
1750 1647 1831 1708 qui'¹
1857 1649 1875 1704 Ιι

442 1720 589 1764 idonei
630 1728 731 1763 sunt
768 1719 924 1763 docere
960 1717 1134 1776 eloquia
1168 1717 1356 1761 Domini.
1385 1716 1470 1761 Sed
1494 1716 1581 1761 sive
1603 1716 1675 1761 ille
1698 1718 1834 1777 hujus:
1857 1705 1875 1791 Ι

442 1790 565 1834 verbi
586 1824 596 1844 ,
613 1789 701 1833 sive
722 1790 800 1833 iste
817 1789 872 1832 sit
887 1803 1035 1831 sensus
1054 1808 1064 1845 3
1081 1787 1291 1847 sequitur,
1310 1787 1550 1846 «Disperge
1569 1796 1716 1845 gentes
1728 1803 1837 1848 quaess
1857 1794 1875 1856 [J

447 1877 467 1900 »
502 1859 614 1903 bella
635 1858 804 1903 volunt.
840 1876 860 1899 >›
893 1861 990 1903 Non
1019 1858 1134 1901 enim
1157 1857 1436 1911 correctioni,
1462 1856 1537 1900 sed
1559 1857 1835 1902 contentioni&
1858 1858 1876 1935 Ι

444 1929 636 1972 student.
664 1931 757 1972 Hoc
773 1943 874 1985 ergo
897 1928 1154 1987 prophetat,
1179 1936 1230 1970 ut
1243 1927 1324 1986 ipsi
1341 1927 1484 1986 potius
1505 1925 1835 1986 dispe1¹gantur,1
1858 1937 1877 2009 Ι

446 1999 523 2058 qui
550 1998 706 2057 corrigi
727 1997 885 2042 nolunt
901 2032 911 2052 ,
937 1998 1013 2056 qui
1035 2012 1207 2056 gregem
1230 1998 1389 2042 Christi
1421 1997 1666 2056 dispergere
1695 1998 1830 2042 affec-
1859 2011 1879 2058 Ι,

448 2077 559 2112 tant.
587 2070 744 2113 Gentes
766 2077 912 2113 autem
936 2067 1170 2127 appellavit
1188 2102 1198 2122 ,
1222 2084 1310 2112 non
1332 2078 1510 2127 propter
1533 2068 1837 2126 generationes·

448 2137 732 2194 familiarum,
757 2137 832 2182 sed
854 2147 1030 2198 propter
1049 2153 1206 2196 genera
1227 2148 1441 2183 sectarum
1456 2172 1467 2194 ,
1491 2139 1568 2183 ubi
1590 2139 1717 2183 series
1737 2154 1839 2184 suc--
1860 2136 1879 2183 ῗς

447 2209 646 2253 cessionis
672 2210 900 2253 confirmat
921 2224 1124 2252 errorem.
1859 2190 1862 2245 l

506 2281 600 2322 XL.
631 2298 650 2320 a
669 2279 857 2322 Venient
884 2277 1012 2336 legati
1043 2294 1093 2321 ex
1113 2281 1329 2337 AEgypto,
1355 2278 1575 2338 AEthiopia
1596 2279 1832 2338 praeveniet:
1861 2291 1881 2316 ³

450 2368 470 2391 >›
496 2364 649 2393 manus
671 2350 762 2408 ejus
779 2353 811 2392 ἲ.
833 2367 852 2389 »
869 2348 1131 2408 AEgyptivel
1152 2349 1383 2408 AEthiopiae
1405 2349 1582 2394 nomine
1598 2385 1609 2405 ,
1631 2350 1836 2394 omniumv
1859 2338 1881 2390 li

449 2420 642 2478 gentium
664 2418 796 2462 fidem
812 2419 1088 2477 significavit,
1113 2434 1136 2462 a
1153 2428 1274 2479 parte
1301 2428 1443 2464 totum
1468 2438 1476 2465 :
1501 2419 1664 2479 legatos
1681 2418 1830 2479 appel·
1860 2416 1883 2463 ‘l

496 2511 505 2528 ¹
527 2505 587 2537 Tit.
608 2515 633 2546 ι,
648 2507 680 2538 9.
701 2521 742 2527 --
762 2511 775 2527 ²
790 2504 870 2536 Psal.
892 2515 988 2546 van,
1009 2504 1060 2536 32.
1860 2542 1863 2564 Ι

1861 2566 1864 2578 .
