1889 3285
427 215 509 261 '444
737 237 740 239 “
862 229 898 258 s.
935 231 1163 260 Aucus-nm
1194 233 1376 260 Enscom

425 305 588 351 servat,
622 296 740 356 aliud
766 296 1098 342 desiderandum
1123 306 1212 341 est:
1243 296 1349 357 quid
1373 297 1426 341 sit
1451 305 1618 352 autem,
1640 297 1802 342 audite.

486 356 605 410 ΧΙΙ.ι
624 367 768 411 Primo
784 367 854 410 isti
878 366 1191 412 describantur.
1223 385 1240 408 «
1267 366 1443 411 Prodiet
1463 367 1585 427 quasi
1608 383 1658 412 ex
1682 368 1808 428 adipe

428 457 449 479 »
484 437 687 497 iniquitas
708 430 901 482 eorum1.
927 456 946 479 »
972 438 1082 482 Vide
1095 438 1129 482 si
1151 454 1241 482 non
1267 447 1414 482 taurus
1432 438 1506 482 ille
1530 439 1700 496 agnitus
1727 448 1805 483 est.

426 508 601 563 Audite,
622 507 771 552 fratres
791 528 799 552 ε
819 524 908 552 nou
930 508 1346 568 quomodocumque
1372 509 1687 553 transeundum
1714 518 1776 554 est
1797 544 1808 565 ,

426 579 546 640 quod
570 579 676 623 dixit
699 599 706 623 :
737 599 755 621 «
777 579 952 623 Prodiet
984 579 1105 639 quasi
1132 595 1183 623 ex
1211 580 1337 639 adipe
1366 579 1569 639 iniquitas
1589 596 1758 625 eorum.
1787 599 1807 623 »

428 653 538 695 Sunt
555 650 670 710 enim
692 650 818 704 mali,
845 650 920 694 sed
941 651 1078 695 macie
1099 650 1200 694 mali
1218 686 1228 705 ‚
1250 650 1349 695 ideo
1370 650 1471 694 mali
1489 687 1498 705 ‚
1525 652 1624 711 quia
1645 646 1777 696 maeri
1799 672 1811 709 3

426 720 472 765 id
496 731 573 776 est,
595 720 722 765 exiles
739 757 749 775 ‚
775 721 932 779 exigui,
956 721 1056 765 tabe
1083 721 1271 781 quadam
1293 722 1552 766 necessitatis
1576 722 1746 777 affecti,
1772 731 1815 767 et

425 792 505 851 ipsi
521 791 676 835 maliet
690 792 939 836 damnandi.
954 792 1151 837 Ferenda
1165 802 1228 837 est
1239 793 1355 836 enim
1366 793 1502 852 magis
1516 794 1653 838 omnis
1671 809 1815 838 neces·
1880 832 1883 838 .

425 863 539 917 sitas,
552 878 681 922 quam
697 862 985 922 perpetranda
1002 863 1145 923 aliqua
1159 863 1548 923 iniquitas.Tamen
1558 863 1748 908 aliudest
1761 863 1815 908 de
1871 867 1879 877 ⁵

425 932 677 976 necessitate
693 948 872 992 peccare
889 968 899 987 ‚
925 932 1044 977 aliud
1065 933 1111 977 in
1141 933 1426 978 abundantia.
1454 937 1624 993 Pauper
1644 933 1817 977 mendi-

425 1019 499 1048 cus
524 1002 690 1047 furtum
714 1002 896 1059 facit,ex
917 1004 1052 1048 macie
1065 1005 1272 1063 processit
1291 1004 1497 1064 iniquitas
1514 1004 1656 1049 :dives
1676 1005 1817 1049 abun-

426 1072 532 1117 dans
550 1073 680 1117 rebus
701 1074 833 1118 tantis
849 1109 859 1129 ,
885 1089 1020 1134 quare
1036 1074 1182 1134 diripit
1200 1090 1265 1118 res
1280 1073 1468 1118 alienas?
1481 1074 1819 1134 Illiusiniquitas

427 1159 478 1187 ex
500 1144 636 1187 macie
653 1179 663 1198 ‚
689 1144 819 1203 hujus
837 1144 1024 1203 exadipe
1036 1145 1259 1203 pro‹.essit.
1283 1144 1387 1189 Ideo
1400 1160 1545 1189 macro
1560 1160 1660 1188 cum
1680 1143 1784 1188 dicis
1806 1163 1815 1189 ;

427 1218 566 1267 Quare
587 1215 670 1258 hoc
699 1213 872 1258 fecisti?
894 1214 1128 1258 Humiliter
1149 1214 1333 1259 afflictus
1356 1224 1399 1259 et
1421 1215 1616 1275 abjectus
1636 1231 1818 1275 respon-
1883 1206 1889 1228 ⁴³

427 1284 501 1328 det
536 1304 544 1329 :
582 1285 818 1330 Necessitas
848 1285 989 1342 coegit
1023 1300 1106 1328 me.
1143 1288 1287 1338 Quare
1318 1300 1407 1329 non
1438 1285 1620 1329 timuisti
1651 1287 1820 1329 Deum?

428 1357 604 1412 Egestas
627 1354 853 1414 compulit.
880 1355 957 1399 Dic
979 1354 1102 1398 diviti
1120 1374 1129 1400 z
1150 1359 1290 1408 Quare
1309 1355 1403 1399 haec
1424 1355 1529 1400 facis
1545 1391 1555 1410 ,
1584 1364 1628 1399 et
1649 1371 1739 1400 non
1762 1355 1821 1400 ti-

430 1440 518 1468 mes
552 1426 720 1469 Deum?
756 1425 800 1470 Si
836 1433 982 1468 tamen
1008 1434 1154 1469 tantus
1187 1441 1230 1469 es
1256 1425 1333 1485 qui
1355 1427 1487 1484 possis
1525 1424 1684 1470 dicere.
1709 1425 1821 1470 Vide

425 1494 459 1537 si
494 1493 564 1537 vel
599 1493 804 1553 dignatur
837 1493 1020 1551 audire3
1051 1493 1151 1538 vide
1185 1495 1219 1538 si
1252 1510 1342 1539 non
1369 1495 1499 1538 etiam
1534 1495 1579 1538 in
1611 1503 1654 1539 te
1689 1495 1780 1555 ipso
1803 1498 1821 1522 ²
1887 1491 1889 1497 ’

429 1562 600 1623 prodiet
620 1564 825 1624 iniquitas
847 1580 897 1607 ex
928 1563 1054 1623 adipe
1084 1565 1190 1624 ejus.
1219 1567 1314 1608 Jam
1341 1565 1458 1609 enim
1480 1559 1822 1626 praeceptoribus

432 1643 476 1678 et
496 1633 818 1693 correptoribus
841 1634 926 1678 suis
940 1633 1186 1678 inimicitias
1207 1634 1410 1679 indicunt
1429 1670 1439 1689 ‚
1461 1644 1504 1679 et
1524 1636 1637 1679 fiunt
1657 1635 1822 1680 inimici
1883 1684 1888 1691 ,

430 1719 582 1749 verum
611 1703 855 1748 dicentibus
872 1739 882 1759 ‚
909 1705 1000 1764 jam
1029 1704 1141 1748 sueti
1175 1704 1439 1765 compalpari
1465 1706 1607 1750 verbis
1640 1705 1824 1750 adulan-

435 1775 541 1819 tium
555 1810 566 1830 ,
588 1789 691 1818 aure
713 1773 834 1818 molli
854 1808 864 1829 ‚
886 1773 1017 1818 corde
1039 1790 1128 1819 non
1143 1790 1263 1819 sano.
1290 1776 1397 1829 Quis
1415 1775 1530 1820 dicat
1547 1775 1666 1820 diviti
1685 1776 1823 1821 :Male

432 1844 569 1889 fecisti
589 1860 738 1904 rapere
759 1860 826 1888 res
848 1844 1037 1888 alienas?
1059 1848 1148 1888 Aut
1172 1844 1283 1889 forte
1305 1845 1339 1889 si
1369 1861 1497 1890 ausus
1520 1844 1652 1890 fuerit
1669 1845 1823 1907 aliquis

433 1915 575 1959 dicere
598 1923 641 1959 et
658 1914 755 1959 talis
774 1924 837 1959 est
859 1915 929 1959 cui
947 1930 1035 1959 non
1056 1914 1274 1974 possitille
1291 1916 1506 1971 resistere,
1523 1916 1631 1976 quid
1648 1931 1824 1976 respon·

432 1985 536 2029 det?
561 1988 718 2030 Totum
752 1986 796 2029 in
819 1994 1121 2044 contemptum
1160 1985 1231 2028 Dei
1264 1985 1474 2046 loquitur.
1513 1988 1688 2040 Quare?
1715 1987 1824 2040 Quia

433 2056 645 2115 superbus
668 2065 745 2100 est.
772 2057 944 2110 Quare?
972 2056 1082 2113 Quia
1104 2055 1277 2115 pinguis
1304 2066 1381 2100 est.
1415 2059 1591 2109 Quare?
1613 2058 1723 2111 Quia
1745 2057 1824 2101 de-

433 2135 558 2170 votus
577 2125 632 2170 ad
650 2127 872 2171 victimam
893 2135 971 2186 est.
997 2145 1016 2168 «
1043 2125 1219 2170 Prodiet
1242 2127 1365 2187 quasi
1387 2142 1439 2170 ex
1467 2126 1594 2186 adipe
1617 2127 1822 2188 iniquitas

439 2215 458 2236 »
495 2212 662 2240 eorum.
681 2215 700 2237 »

490 2270 614 2310 XIII.
638 2287 657 2308 «
679 2267 958 2310 Transierunt
975 2267 1020 2310 in
1043 2266 1370 2326 dispositionem
1387 2266 1544 2310 cordis.
1573 2284 1594 2308 »
1620 2267 1688 2311 Ibi
1704 2267 1821 2311 intus

434 2338 708 2382 transierunt.
738 2338 853 2391 Quid
882 2347 945 2382 est
971 2358 990 2380 κ
1018 2339 1322 2382 Transierunt?
1348 2357 1367 2378 »
1395 2339 1688 2397 Praetergressi
1720 2347 1822 2383 sunt

433 2408 560 2451 viam.
587 2408 703 2461 Quid
725 2417 810 2462 est,
841 2427 859 2449 «
887 2407 1192 2451 Transierunt?
1217 2427 1236 2448 »
1263 2404 1706 2451 Excesserunt'metas
1734 2409 1821 2451 hu—

429 2480 545 2523 mani
561 2479 748 2538 generis,
773 2480 971 2523 homines
995 2494 1038 2523 se
1059 2494 1182 2538 pares
1203 2480 1367 2523 caeteris
1386 2495 1474 2524 non
1489 2488 1660 2538 putant.
1684 2482 1822 2523 Tran-

483 2569 489 2583 ¹
514 2563 590 2594 psal.
612 2574 707 2603 tun,
727 2574 757 2605 7.
780 2579 821 2585 ——-
837 2570 849 2585 ²
870 2565 987 2603 Forte,
1007 2563 1040 2594 1'11
1058 2570 1089 2593 le
1106 2563 1218 2604 ipsum
