1889 3285
263 251 504 282 ENARRATIO
535 255 550 280 1
582 254 628 280 IN
660 251 863 281 PSALMUM
895 255 1028 292 Lv111,
1063 252 1201 282 SERMO
1233 255 1264 280 1.
1400 242 1454 280 63

73 318 227 378 'cipulis
249 319 431 373 Christi,
453 318 554 378 quia
567 318 769 376 magister
791 334 941 363 eorum
955 318 1010 363 ad
1020 319 1213 362 infirmos
1235 318 1452 372 intrabat,

17 427 20 448 z
75 398 118 433 et
133 390 444 434 convivabatur
464 404 564 432 cum
585 389 780 433 infirmis.
811 409 831 431 «
855 392 1019 444 Quare,
1043 389 1249 448 inquiunt
1265 424 1275 442 ‚
1297 389 1456 446 magis-

18 489 20 496 ι
77 477 97 500 »
117 468 182 503 ter
196 468 334 502 vester
356 474 458 503 cum
474 458 718 517 publicanis
737 469 780 502 et
799 459 1099 519 peccatoribus
1124 457 1361 502 manducat
1374 461 1382 484 ¹
1397 460 1415 502 P
1432 477 1452 500 υ

73 531 110 573 Ο
131 528 262 573 fortes
283 529 443 588 quibus
461 529 654 572 medicus
676 545 785 588 opus
798 546 888 574 non
908 532 997 574 est?
1013 528 1244 573 Fortitudo
1266 529 1346 572 ista
1367 544 1456 573 non

73 600 263 644 sanitatis
286 609 371 655 est,
388 599 464 643 sed
479 600 669 643 insaniae.
694 603 801 645 Nam
819 610 860 644 et
873 600 1133 660 phreneticis
1150 599 1259 643 nihil
1273 599 1453 655 fortius,

72 670 328 716 valentiores
365 678 465 714 sunt
497 670 609 714 sanis
636 690 644 714 ε
670 670 745 714 sed
773 680 938 731 quanto
962 672 1142 731 majores
1172 670 1305 726 vires,
1334 679 1456 715 tanto

72 757 185 785 mors
211 742 407 786 vicinior.
445 743 625 785 Avertat
656 756 758 799 ergo
795 744 909 786 Deus
944 742 999 786 ab
1034 742 1274 785 imitatione
1310 750 1457 785 nostra

70 809 202 855 fortes
229 811 346 854 istos.
379 810 640 854 Timendum
677 822 741 855 est
777 812 891 855 enim
912 847 922 867 ,
948 827 1004 855 ne
1040 827 1111 855 eos
1148 811 1333 872 quisque
1352 810 1458 855 velit

70 880 240 924 imitari.
273 884 433 924 Doctor
454 875 599 924 aute'm
614 881 894 936 humilitatis,
915 881 1129 940 particeps
1152 891 1311 925 nostrae
1331 881 1456 925 iufir-

69 951 256 1006 mitatis‚
283 952 451 995 donans
470 951 845 1011 participationem
875 967 963 996 suae
992 953 1260 1006 Divinitatis‚
1288 952 1343 996 ad
1372 954 1456 997 hoc

70 1021 334 1066 descendens
357 1031 406 1065 ut
428 1022 543 1065 viam
561 1021 735 1066 doceret
765 1031 808 1065 et
836 1023 902 1066 via
924 1022 1071 1065 fieret2
1087 1056 1097 1074 ,
1123 1022 1308 1065 maxime
1334 1038 1456 1066 suam

69 1091 358 1136 humilitatem
392 1092 517 1136 nobis
549 1091 856 1136 commendare
888 1091 1091 1149 dignatus
1120 1101 1210 1148 est3
1236 1101 1280 1135 et
1312 1091 1411 1136 ideo
1433 1107 1457 1135 a

69 1177 190 1206 servo
212 1161 420 1220 baptizari
441 1177 530 1206 non
552 1163 810 1219 dedignatus
829 1171 892 1206 est
911 1164 943 1216 3,
979 1172 1028 1206 ut
1056 1178 1134 1206 nos
1156 1162 1334 1206 doceret
1351 1176 1458 1207 con-

69 1232 181 1276 fiteri
205 1241 380 1291 peccata
399 1242 544 1276 nostra
562 1267 573 1287 ‚
599 1241 642 1275 et
662 1232 872 1275 infirmari
897 1241 946 1275 ut
969 1231 1102 1276 fortes
1127 1232 1277 1286 simus,
1295 1232 1457 1276 babere

68 1303 211 1362 potius
224 1301 419 1361 Apostoli
441 1317 593 1346 vocem
616 1301 800 1346 dicentis
821 1322 828 1346 z
859 1321 878 1344 «
899 1301 1082 1355 Quando
1103 1303 1300 1346 infirmor
1315 1338 1325 1357 ‚
1350 1312 1457 1348 tunc

72 1381 269 1432 »potens
298 1373 435 1416 sum4.
466 1391 486 1413 »
519 1372 750 1425 Quomodo
773 1388 873 1431 ergo
902 1373 1044 1417 noluit
1078 1389 1167 1417 esse
1196 1371 1348 1418 sortis?
1381 1373 1458 1417 Isti

70 1452 213 1487 autem
235 1443 312 1503 qui
331 1442 463 1486 fortes
482 1458 571 1486 esse
588 1443 843 1498 voluerunt,
862 1442 908 1487 id
925 1452 1013 1497 est,
1039 1443 1115 1503 qui
1131 1443 1185 1487 de
1206 1459 1282 1487 sua
1295 1444 1458 1487 virtute

67 1528 328 1573 praesumere
348 1513 584 1557 voluerunt
604 1522 812 1573 tanquam
829 1513 957 1572 justi⁷
975 1513 1258 1557 offenderunt
1280 1514 1324 1557 in
1346 1512 1459 1572 lapi-

13 1640 15 1645 ,
70 1584 170 1627 dem
187 1583 469 1627 offensionisb
499 1603 508 1627 ;
535 1593 578 1627 et
605 1582 763 1627 hoedus
790 1583 904 1627 visus
927 1592 991 1627 est
1013 1583 1072 1627 eis
1093 1587 1244 1641 Agnus
1262 1619 1272 1637 ‚
1293 1592 1336 1627 et
1355 1583 1459 1639 quia

69 1653 206 1698 veluti
232 1651 418 1696 hoedum
451 1650 729 1705 occiderunt,
756 1650 811 1693 ab
845 1653 970 1707 Agno
998 1648 1153 1693 redimi
1175 1665 1265 1693 non
1286 1665 1459 1692 merue-

68 1733 185 1768 runt.
213 1723 299 1783 Ipsi
317 1732 418 1766 sunt
437 1735 539 1779 ergo
556 1719 688 1765 fortes
704 1756 714 1776 ‚
735 1720 812 1780 qui
828 1719 1050 1764 irruerunt
1063 1735 1192 1779 super
1210 1719 1455 1777 Christum,

50 1795 422 1838 (commendantes
439 1791 650 1853 justitiam
673 1806 809 1835 suam.
840 1790 1001 1834 Audite
1032 1789 1166 1834 fortes
1195 1790 1298 1833 istos
1325 1805 1458 1834 :cum

69 1862 247 1923 quidam
268 1862 585 1918 Jerosolymitae
607 1860 824 1915 dicerent,
845 1860 963 1904 missi
986 1860 1041 1903 ab
1059 1860 1117 1903 eis
1136 1859 1191 1903 ad
1213 1860 1458 1918 apprehen-

70 1932 262 1977 dendum
286 1931 529 1985 Christum,
556 1939 599 1973 et
613 1945 702 1973 non
724 1929 935 1973 audentes
949 1928 1302 1989 apprehendere3
1322 1931 1338 1986 (
1357 1928 1460 1988 quia

69 2003 245 2063 quando
262 2001 415 2055 voluit,
432 2010 538 2044 tunc
556 1999 848 2058 apprehensus
865 2007 944 2053 est,
965 1999 1040 2058 qui
1055 2013 1154 2041 vere
1168 1997 1292 2041 fortis
1310 2006 1402 2041 erat
1419 2000 1460 2054 z)

74 2091 96 2115 «
114 2078 252 2126 Quare
276 2087 378 2130 ergo
392 2107 402 2126 ‚
420 2070 648 2130 inquiunt,
668 2084 758 2112 non
776 2083 876 2111 eum
894 2067 1093 2127 potuistis
1108 2067 1460 2126 apprehendere?

73 2161 95 2186 n
119 2148 176 2189 Et
197 2143 543 2203 responderunt:
563 2144 701 2186 Nemo
729 2154 926 2199 unquam
952 2139 1178 2182 hominum
1205 2139 1265 2182 sic
1286 2137 1460 2182 locutus

74 2232 95 2256 »
119 2223 203 2269 est⁷
228 2215 334 2258 sieut
360 2212 450 2256 ille.
480 2230 499 2253 »
525 2215 583 2256 Et
610 2210 673 2254 illi
693 2208 824 2254 fortes
841 2245 852 2265 ‚
881 2229 901 2251 «
925 2208 1151 2268 Numquid
1173 2208 1328 2268 aliquis
1351 2209 1461 2252 Pha-

75 2302 95 2326 »
119 2284 342 2328 risaeorum
364 2283 410 2326 in
427 2281 551 2325 illum
574 2279 759 2325 credidit
774 2314 785 2335 ,
811 2288 886 2323 aut
909 2277 1061 2338 aliquis
1082 2278 1331 2322 Scribarum
1349 2313 1360 2334 ‚
1378 2278 1461 2322 nisi

76 2373 96 2397 »
115 2354 302 2415 populus
323 2354 401 2397 iste
422 2353 616 2396 nesciens
630 2352 846 2409 Legemffl?
863 2369 883 2391 ³)
906 2353 1243 2408 Praepo'suerunt
1259 2364 1303 2392 se
1317 2348 1460 2392 turbae

73 2424 257 2468 infirmae
275 2423 328 2467 ad
349 2421 569 2467 medicum
587 2419 778 2465 currenti
804 2437 814 2465 ε
833 2418 952 2462 unde
970 2452 981 2474 ,
1007 2418 1088 2462 nisi
1105 2418 1207 2478 quia
1224 2418 1305 2477 ipsi
1326 2417 1460 2462 fortes

121 2528 128 2544 ¹
150 2520 253 2552 Matth
285 2530 329 2560 lx,
349 2530 398 2550 11.
416 2535 456 2540 -—
477 2524 489 2540 ²
508 2519 600 2549 Joau.
624 2527 692 2557 xiv,
711 2516 744 2547 6.
768 2533 808 2537 -
825 2513 837 2539 3
852 2515 967 2547 Matth.
984 2526 1032 2557 ιιι,
1057 2514 1106 2547 13.
1125 2532 1166 2538 —
1181 2513 1197 2544 6
1211 2524 1230 2546 2
1245 2516 1317 2547 Cor.
1337 2524 1455 2555 xii‚1o.

75 2592 116 2600 -
132 2575 145 2599 ⁵
165 2579 257 2608 Rom.
275 2586 317 2617 ix,
334 2575 385 2606 32.
415 2591 454 2596 --
473 2572 488 2595 6
513 2575 602 2605 Joau
629 2571 819 2614 vu‚45-.19.
