1889 3285
434 257 676 286 ENARRA‘rIo
708 260 753 285 nv
786 258 987 287 PSALMUM
1021 261 1141 288 Lxxv.
1395 254 1477 291 519

99 331 143 366 et
160 321 312 366 dicunt
334 341 342 366 :
362 321 446 374 Qui
464 330 565 364 sunt
587 322 849 365 Christiani?
871 333 944 368 aut
964 325 1059 384 quis
1082 335 1145 369 est
1160 327 1380 370 Christus?
1402 337 1477 372 aut

99 392 248 453 quales
269 392 405 451 inepti
423 392 499 452 qui
520 391 704 435 credunt
731 393 851 452 quod
874 411 962 438 non
983 395 1133 438 vident
1151 431 1162 450 ,
1188 405 1230 440 et
1251 396 1479 443 dimittunt

98 462 272 507 delicias
293 477 399 522 quas
422 461 588 514 vident,
608 471 651 505 et
673 473 915 522 sequuntur
936 465 1067 507 fidem
1089 480 1235 510 rerum
1256 483 1355 527 quae
1377 483 1480 512 ocu-

97 533 150 577 lis
173 533 365 592 ipsorum
394 548 484 576 non
503 532 793 577 exhibentur?
822 534 1026 578 Dormitis
1059 544 1102 578 et
1129 535 1283 580 balatis
1301 572 1311 592 ,
1336 536 1481 598 loqui-

98 603 205 647 mini
250 602 454 646 adversus
493 605 632 646 Deum
650 637 661 656 ,
704 612 919 663 quantum
962 606 1154 663 potestis.
1197 624 1213 646 «
1244 608 1480 667 Usquequo

103 693 123 715 »
157 681 420 732 peccatores,
437 672 633 726 Domine,
650 688 879 733 usquequo
891 683 1138 732 peccatores
1153 675 1481 734 gloriabuntur?

103 762 122 784 »
157 742 421 802 respondent
441 751 484 785 et
505 741 742 802 loquentur
762 743 1034 803 iniquitatem
1047 747 1118 789 13³»
1131 745 1316 798 Quando
1334 756 1480 791 autem

98 828 228 857 nemo
250 812 483 872 respondet
501 847 512 867 ,
540 822 583 856 et
613 828 742 857 nemo
763 812 980 873 loquitur,
1007 815 1088 858 nisi
1111 816 1287 876 quando
1308 832 1352 860 se
1374 817 1420 860 in
1438 832 1482 861 se

97 884 351 927 convertat?
367 882 553 935 Quando
574 882 619 925 in
642 898 686 926 se
708 893 963 928 convertent
984 884 1150 940 dentes,
1171 886 1331 945 quibus
1348 885 1480 931 modo

96 969 175 998 nos
193 953 355 998 rodunt
372 988 383 1008 ,
404 953 564 1013 quibus
582 969 660 997 nos
682 952 934 1013 discerpunt
955 955 1177 1000 irridendo
1197 957 1477 1011 Christianos,

97 1033 141 1069 et
162 1023 520 1084 reprehendendo
542 1025 676 1068 vitam
700 1028 979 1069 sanctorum?
1011 1029 1131 1071 Tunc
1164 1043 1207 1071 se
1238 1028 1284 1070 in
1307 1043 1351 1072 se
1373 1043 1481 1072 con-

96 1103 295 1150 vertent,
336 1110 435 1138 cum
462 1093 548 1138 illis
569 1096 738 1139 eveniet
761 1095 881 1155 quod
903 1095 1062 1139 dicitur
1090 1096 1134 1139 in
1162 1096 1272 1141 libro
1303 1097 1484 1157 Sapien-

98 1166 170 1210 tiae
208 1184 217 1210 ε
253 1185 274 1208 «
303 1166 459 1210 Dicent
492 1166 605 1209 inter
635 1182 680 1210 se
702 1202 712 1221 ,
752 1167 1057 1226 poenitentiam
1087 1178 1289 1226 agentes,
1329 1178 1372 1212 et
1407 1184 1486 1228 per

101 1254 122 1278 >›
158 1236 400 1296 angustiam
423 1236 595 1295 spiritus
620 1246 841 1294 gementes
867 1252 875 1277 :
905 1254 925 1277 »
963 1252 1064 1281 eum
1087 1237 1278 1282 viderint
1305 1239 1486 1297 gloriam

98 1316 346 1352 sanctorum
363 1342 374 1361 ,
405 1316 512 1351 tunc
549 1307 696 1351 dicent
721 1325 730 1351 :
755 1326 775 1349 «
801 1307 856 1351 Hi
886 1317 987 1352 sunt
1015 1323 1123 1368 quos
1147 1308 1382 1369 aliquando
1403 1310 1485 1353 ha-

101 1396 122 1420 »
157 1378 333 1421 buimus
355 1378 400 1422 in
417 1378 566 1421 risum.
588 1395 608 1418 »
635 1378 671 1421 Ο
689 1377 767 1438 qui
788 1376 979 1422 multum
998 1379 1237 1423 dormistis!
1263 1388 1380 1423 certe
1396 1381 1487 1439 jam

99 1448 334 1506 evigilatis,
370 1457 413 1492 et
445 1449 490 1492 in
521 1449 672 1492 vestris
699 1449 900 1492 manibus
934 1449 1043 1493 nihil
1078 1450 1295 1493 invenitis.
1321 1449 1488 1494 Videtis

99 1518 322 1580 quomodo
358 1519 507 1576 plenas
533 1520 727 1563 habeant
753 1535 908 1563 manus
945 1518 1078 1578 gloria
1112 1521 1215 1573 Dei,
1247 1535 1356 1580 quos
1387 1529 1487 1563 tan-

99 1604 231 1650 quam
254 1602 470 1648 pauperes
486 1585 686 1629 irrisistis.
714 1585 852 1629 Dicite
874 1602 977 1644 ergo
1003 1599 1108 1631 tunc
1129 1590 1253 1633 vobis
1273 1624 1284 1643 ,
1311 1590 1488 1649 quando

99 1675 190 1704 non
212 1657 402 1704 resistitis
424 1657 501 1700 irae
524 1657 627 1711 Dei,
647 1672 736 1699 non
758 1671 906 1711 manu,
931 1672 1012 1700 nec
1034 1656 1208 1714 lingua,
1233 1673 1313 1703 nec
1333 1660 1485 1714 verbo,

100 1745 180 1774 nec
201 1728 478 1788 cogitatione.
505 1726 746 1787 Apparebit
768 1727 884 1770 enim
906 1727 1028 1771 vobis
1050 1726 1329 1785 manifestus,
1355 1745 1488 1790 quem

99 1798 372 1844 irridendum
406 1798 617 1856 putastis,
659 1811 761 1840 cum
795 1797 918 1841 vobis
948 1807 1158 1841 venturus
1194 1799 1484 1843 nuntiaretur.

100 1873 158 1915 Et
179 1869 288 1930 quid
309 1868 490 1913 dicent?
511 1887 531 1910 «
550 1871 668 1927 Ergo
689 1868 926 1912 erravimus
954 1885 977 1913 a
1000 1869 1069 1913 via
1095 1869 1285 1914 veritatis
1300 1906 1310 1925 ,
1336 1880 1378 1914 et
1395 1873 1488 1931 jus-

105 1960 126 1982 »
160 1941 266 1985 titiae
283 1939 432 1984 lumen
445 1955 534 1983 non
551 1939 661 1983 luxit
682 1939 823 1994 nobis,
841 1949 884 1984 et
899 1939 971 1984 Sol
989 1956 1079 1984 non
1096 1949 1215 1984 ortus
1235 1950 1298 1985 est
1315 1942 1485 1986 nobis.»

103 2010 331 2064 Quomodo
346 2010 525 2070 justitiae
560 2008 632 2054 Sol
659 2010 842 2054 oriretur
864 2008 1205 2054 dormientibus?
1230 2011 1315 2055 Sed
1342 2011 1396 2054 ab
1425 2011 1489 2055 ira

103 2090 146 2126 et
165 2081 459 2140 increpatione
481 2081 574 2140 ejus
597 2079 836 2124 dormiunt.
850 2083 943 2124 Hoc
965 2079 1076 2124 forte
1099 2080 1294 2125 dicturus
1317 2090 1404 2126 est:
1430 2084 1488 2125 Et

103 2168 193 2197 non
215 2150 490 2196 ascenderem
510 2166 673 2211 equum
698 2170 707 2195 :
740 2161 784 2195 et
806 2161 910 2195 tunc
935 2151 1016 2210 ipsi
1039 2143 1173 2211 equos
1195 2167 1292 2196 suos
1315 2168 1492 2196 accusa-

104 2223 232 2267 bunt.
259 2221 376 2266 Audi
397 2221 494 2266 illos
517 2231 765 2266 accusantes
796 2237 930 2282 equos
959 2237 1057 2266 suos
1075 2257 1085 2276 ,
1119 2223 1163 2266 in
1199 2222 1357 2283 quibus
1385 2222 1492 2267 dor-

104 2293 296 2337 mierunt
321 2311 330 2336 :
359 2311 380 2334 «
405 2294 521 2350 Ergo
539 2291 799 2347 erravimus,
819 2292 962 2351 inquit
986 2292 1220 2351 Scriptura,
1246 2308 1268 2336 a
1289 2293 1357 2336 via
1375 2293 1491 2337 veri-

107 2382 139 2407 ».
164 2363 282 2418 tatis,
319 2371 362 2406 et
393 2362 573 2422 justitiae
594 2362 747 2406 lumen
769 2378 859 2406 non
894 2361 1004 2405 luxit
1042 2362 1167 2406 nobis
1187 2398 1198 2417 ,
1232 2371 1275 2406 et
1311 2362 1373 2406 sol
1402 2378 1492 2407 non

109 2452 131 2475 υ
166 2443 286 2478 ortus
309 2442 373 2476 est
396 2433 536 2477 nobis.
571 2432 689 2486 Quid
717 2433 842 2476 nobis
864 2431 1031 2491 profuit
1052 2432 1255 2492 superbia
1271 2467 1282 2487 ,
1316 2442 1359 2477 et
1382 2431 1494 2476 divi-

113 2524 132 2545 »
166 2504 324 2548 tiarum
336 2504 541 2563 jactantia
558 2503 666 2565 quid
683 2503 868 2549 contulit
884 2503 1038 2548 nobis?
1053 2503 1333 2547 Transierunt
1349 2503 1491 2547 omnia

159 2595 168 2610 ¹
194 2588 276 2620 Psal.
297 2599 384 2628 xcm,
408 2588 438 2619 3.
