1889 3285
409 202 430 240 4
439 207 492 241 50
834 216 866 240 s.
904 215 1134 242 Aucus'nm
1168 217 1349 243 Errscom

401 280 476 323 nui
498 278 552 321 ab
566 277 788 332 omnibus,
809 279 842 322 si
863 278 922 322 sic
939 277 1091 324 doceo.
1113 281 1314 325 Concinit
1331 281 1447 324 enim
1463 282 1539 341 qui
1555 291 1786 340 consonat3

399 349 475 408 qni
507 357 653 391 autem
685 363 775 392 non
796 358 1028 404 consonat,
1055 364 1142 394 non
1179 351 1384 395 concinit.
1424 351 1558 396 Aliud
1593 351 1790 397 dicturus

398 432 494 462 sum
523 433 657 478 quam
685 417 791 463 dixit
811 419 1059 475 Abraham,
1085 435 1216 480 quam
1238 420 1346 465 dixit
1369 424 1509 477 Isaac,
1531 437 1663 482 quam
1685 421 1792 466 dixit

399 489 557 544 Jacob,
591 503 724 549 quam
746 487 948 534 dixerunt
975 491 1234 549 Prophetae?
1256 489 1325 535 Illi
1348 493 1462 536 enim
1499 507 1650 536 omnes
1671 491 1792 536 dixe-

399 570 504 605 runt
523 561 625 621 quia
642 570 766 605 curat
782 566 892 605 Deus
914 576 979 606 res
1002 562 1214 606 humanas
1231 580 1239 606 :
1255 577 1337 621 ego
1354 562 1549 607 dicturus
1570 578 1667 608 sum
1687 563 1792 624 quia

397 646 488 676 non
509 634 656 683 curat?
678 633 899 692 Major-ne
920 633 966 677 in
983 646 1053 677 me
1068 632 1302 693 prudentia
1315 667 1326 687 ,
1351 649 1486 693 quam
1502 634 1549 678 in
1569 633 1684 678 illis?
1704 636 1793 680 Ma-

391 703 541 762 jor-ne
560 701 808 747 intellectus
828 703 875 746 in
905 718 976 747 me
998 718 1130 764 quam
1151 704 1199 748 in
1225 703 1340 748 illis?
1373 703 1667 749 Saluberrima
1689 719 1794 749 auc—

398 773 549 817 toritas
569 773 788 818 revocavit
810 774 1122 833 cogitationem
1145 774 1201 819 ab
1227 774 1465 834 impietate.

458 845 604 889 XXII.
631 847 687 888 Et
708 844 816 905 quid
837 846 1059 906 sequitur?
1083 865 1104 888 «
1132 845 1176 891 Si
1213 845 1415 890 dicebam
1437 865 1446 891 ι
1466 846 1665 892 Narrabo
1700 846 1759 890 sic
1780 864 1790 891 :

403 934 425 957 »
459 930 559 960 ecce
581 916 904 975 generationem
938 917 1129 961 filiorum
1149 926 1326 962 tuorum
1357 918 1602 977 reprobavi.
1629 935 1650 959 »
1675 920 1797 976 Ergo
1834 956 1838 964 ,
1879 921 1882 929 ’

401 1002 457 1030 ne
478 987 744 1047 reprobaret,
760 987 868 1048 quid
886 986 1015 1032 fecit?
1035 991 1128 1032 «Et
1149 990 1625 1050 suscepicognoscere1.
1649 1006 1670 1031 »
1693 991 1797 1034 Sus-

400 1056 516 1117 cepit
536 1072 796 1116 cognoscere
818 1077 827 1102 :
845 1061 959 1102 Deus
981 1058 1043 1102 illi
1065 1059 1198 1115 adsit,
1227 1069 1279 1105 ut
1300 1068 1552 1119 cognoscat.
1586 1059 1766 1104 Interim
1780 1094 1792 1115 ‚

398 1126 575 1183 fratres,
605 1144 629 1172 a
660 1143 819 1187 magno
852 1129 978 1188 lapsu
998 1136 1258 1186 revocatur,
1291 1131 1471 1192 quando
1502 1147 1592 1176 non
1628 1146 1672 1175 se
1703 1131 1796 1190 jam

399 1198 607 1242 scientem
627 1200 873 1259 praesumit,
899 1199 976 1244 sed
997 1201 1187 1259 suscepit
1209 1215 1470 1259 cognoscere
1490 1201 1612 1262 quod
1628 1201 1795 1245 nescie-

398 1268 490 1312 bat.
520 1271 618 1312 Jam
642 1269 759 1313 enim
782 1269 960 1314 volebat
980 1270 1103 1330 quasi
1126 1271 1263 1315 sciens
1293 1270 1458 1324 videri,
1496 1281 1539 1316 et
1559 1270 1798 1331 praedicare

399 1338 565 1383 nullam
589 1355 679 1384 esse
703 1343 793 1385 Deo
810 1354 960 1385 curam
981 1340 1036 1385 de
1050 1341 1179 1386 rebus
1196 1341 1416 1385 humanis.
1442 1344 1576 1386 Facta
1593 1350 1657 1386 est
1677 1340 1796 1385 enim

400 1409 479 1453 ista
524 1410 778 1470 iniquorum
816 1411 1078 1471 nequissima
1115 1420 1159 1455 et
1199 1411 1334 1471 impia
1380 1410 1593 1456 doctrina.
1648 1411 1798 1456 Sciatis

399 1478 574 1536 fratres,
599 1480 761 1525 multos
782 1481 1005 1541 disputare
1021 1517 1031 1536 ,
1056 1491 1101 1526 et
1117 1481 1264 1526 dicere
1286 1482 1390 1542 quia
1412 1485 1528 1526 Deus
1555 1497 1622 1526 res
1643 1482 1800 1526 huma-

403 1564 480 1595 nas
508 1566 599 1595 non
626 1560 770 1607 curat,
805 1553 908 1612 quia
937 1552 1108 1596 casibus
1136 1561 1350 1611 reguntur
1383 1553 1550 1607 omnia,
1589 1551 1660 1597 vel
1694 1552 1798 1612 quia

404 1620 537 1666 stellis
555 1623 761 1681 subjectae
779 1632 880 1666 sunt
906 1623 1154 1668 voluntates
1169 1631 1329 1668 nostrae
1341 1658 1352 1678 ,
1370 1622 1473 1683 quia
1493 1623 1799 1684 unusquisque

405 1709 494 1738 non
512 1709 592 1753 pro
613 1694 775 1738 meritis
798 1695 938 1752 agitur
955 1729 965 1749 ,
987 1693 1063 1738 sed
1077 1694 1331 1739 necessitate
1342 1694 1565 1739 stellarum
1589 1709 1764 1739 suarum
1785 1714 1795 1740 z

407 1764 604 1808 doctrina
636 1764 770 1808 mala!
803 1763 1002 1809 doctrina
1031 1765 1178 1824 impia.
1211 1767 1263 1809 In
1284 1765 1380 1809 haec
1414 1765 1494 1809 iste
1525 1764 1643 1820 ibat,
1675 1766 1800 1824 cujus·

408 1849 520 1895 pene
563 1835 768 1879 commoti
807 1844 910 1879 sunt
941 1835 1096 1894 pedes,
1128 1844 1171 1879 et
1202 1836 1326 1895 cujus
1361 1835 1640 1894 paulominus
1671 1834 1800 1880 effusi

408 1915 511 1949 sunt
533 1921 722 1964 gressus,
746 1906 792 1949 in
810 1906 928 1949 hunc
949 1906 1042 1950 ibat
1063 1919 1251 1949 errorem
1271 1924 1279 1950 z
1313 1906 1389 1949 sed
1415 1906 1519 1965 quia
1539 1921 1631 1950 non
1652 1905 1800 1951 conci-

409 1975 542 2019 nebat
581 1976 846 2034 generationi
877 1974 1065 2020 filiorum
1090 1975 1186 2029 Dei,
1222 1975 1411 2035 suscepit
1440 1990 1722 2034 cognoscere3
1755 1984 1800 2020 et

410 2046 634 2091 damnavit
654 2047 892 2103 scientiam,
907 2047 953 2091 in
974 2061 1060 2106 qua
1079 2046 1206 2107 justis
1221 2046 1300 2091 Dei
1325 2062 1417 2091 non
1431 2047 1716 2105 congruebat.
1741 2049 1800 2091 Et

411 2116 519 2176 quid
536 2116 672 2172 dicat,
699 2116 948 2162 audiamus:
975 2116 1077 2176 quia
1103 2117 1293 2176 suscepit
1310 2131 1569 2175 cognoscere
1583 2152 1594 2172 ‚
1615 2126 1658 2161 et
1678 2116 1801 2178 ade·

413 2196 483 2231 tus
511 2197 594 2243 est,
620 2198 664 2232 et
693 2187 845 2233 didicit
867 2187 1058 2248 aliquid,
1085 2197 1128 2232 et
1154 2187 1362 2232 indicavit
1392 2188 1533 2232 nobis.
1574 2205 1594 2230 «
1618 2190 1676 2232 Et
1703 2202 1799 2232 sus-

414 2276 435 2298 »
470 2258 586 2317 cepi,
622 2259 786 2318 inquit,
821 2273 1098 2318 cognoscere.
1139 2260 1232 2302 Hoc
1273 2256 1398 2302 labor
1437 2266 1501 2301 est
1526 2267 1628 2302 ante
1661 2273 1795 2302 me.»

414 2331 525 2373 Vere
556 2344 740 2388 magnus
771 2329 921 2384 labor,
945 2344 1204 2387 cognoscere
1231 2328 1454 2389 quomodo
1476 2337 1518 2372 et
1540 2331 1654 2373 Deus
1677 2337 1800 2374 curet

409 2415 475 2444 res
495 2400 728 2455 humanas,
754 2409 798 2444 ct
822 2400 934 2444 bene
955 2400 1008 2444 sit
1029 2398 1150 2443 malis
1166 2434 1177 2453 ,
1203 2408 1246 2443 et
1266 2398 1468 2443 laborent
1490 2399 1595 2444 boni
1613 2399 1622 2443 l
1640 2401 1798 2458 Magna

411 2470 475 2515 vis
501 2471 773 2531 quaestionis!
802 2469 930 2527 Ideo,
967 2489 988 2514 «
1012 2472 1106 2516 Hoc
1127 2468 1252 2515 labor
1279 2478 1344 2516 est
1364 2479 1465 2515 ante
1494 2484 1580 2515 me.
1618 2488 1639 2512 »
1664 2469 1797 2524 Quasi

463 2562 474 2581 ¹
492 2556 574 2591 Psal.
593 2567 691 2598 mxxii,
712 2557 763 2590 16.
