1889 3285
434 279 678 312 ENARRATIO
709 285 755 312 IN
786 281 990 313 rsAunm
1021 284 1176 312 Lxxm.
1418 269 1504 328 459

124 363 262 393 unum
281 367 290 394 :
309 348 484 393 Oblitus
503 364 598 393 sum
621 348 819 409 quandiu
841 348 945 393 dixi.
971 351 1067 393 Jam
1089 348 1213 393 finito
1236 347 1405 393 Psalmo
1424 382 1436 404 ,
1460 356 1506 392 et

124 434 177 462 ex
195 419 279 464 isto
295 418 429 464 odore
445 418 627 479 conjicio
648 434 718 463 me
733 418 993 463 diuturnum
1007 419 1208 463 habuisse
1227 433 1469 463 sermonem
1489 436 1500 463 τ

122 486 199 532 sed
227 488 378 532 studiis
399 489 547 533 vestris
568 505 657 533 non
681 482 874 546 s'uffici03
907 488 1087 534 violenti
1107 489 1205 532 estis
1225 488 1351 532 nimis
1378 507 1388 534 :
1413 488 1504 533 uti.-

123 573 226 602 nam
246 558 327 603 ista
345 558 550 603 violentia
573 560 745 619 rapiatis
767 574 951 619 regnum
971 558 1207 604 coelorum!

640 858 1022 908 ENARRATIO

473 1033 533 1072 IN
575 1032 877 1074 PSALMUM
923 1032 1150 1071 LXXIII.

584 1185 734 1229 Sermo
756 1183 811 1234 ad
832 1183 1062 1243 populum.

182 1321 217 1362 Ι.
244 1318 548 1378 PsALMthujus
561 1317 714 1362 titulus
729 1327 813 1373 est,
834 1337 851 1359 «
871 1317 1124 1363 Intellectus
1136 1318 1347 1378 Asaph¹.»
1365 1316 1511 1376 Asaph

118 1388 253 1434 latine
274 1390 562 1447 Congregatio
582 1424 593 1445 ,
638 1404 774 1448 graece
809 1391 1035 1447 Synagoga
1063 1389 1238 1433 dicitur.
1275 1388 1512 1433 Videamus

119 1459 227 1520 quid
249 1459 509 1504 intellexerit
538 1460 619 1503 ista
639 1462 888 1518 synagoga.
921 1462 1007 1503 Nos
1040 1468 1186 1503 autem
1217 1458 1512 1517 intelligamus

119 1531 320 1591 primitus
351 1533 627 1590 Synagogam
653 1550 661 1574 :
688 1530 841 1574 exinde
873 1530 1168 1588 intelligemus
1199 1529 1306 1589 quid
1336 1528 1512 1573 intelle-

119 1602 230 1646 xerit
242 1604 485 1660 Synagoga.
507 1602 658 1645 Omnis
680 1601 957 1659 congregatio
977 1600 1169 1659 generali
1184 1601 1360 1644 nomine
1378 1602 1514 1657 Syna-

121 1686 233 1731 goga
273 1670 546 1730 appellatur:
587 1680 631 1715 et
664 1685 874 1730 pecorum
907 1679 952 1713 et
992 1670 1219 1714 hominum
1241 1679 1384 1730 potest
1426 1668 1513 1712 dici

118 1743 418 1800 congregati03
455 1756 545 1785 non
585 1750 730 1785 autem
767 1741 839 1784 hic
871 1755 1079 1800 pecorum
1107 1740 1384 1799 congregatio
1425 1748 1511 1794 est,

115 1811 293 1873 quando
315 1811 558 1855 audivimus
575 1810 862 1854 intellectum.
881 1812 991 1855 Nam
1012 1810 1146 1854 homo
1168 1825 1269 1854 cum
1289 1810 1336 1853 in
1361 1824 1406 1854 se
1428 1823 1510 1853 ne-

119 1881 296 1940 glexerit
311 1880 583 1925 intellectum
600 1881 828 1925 inhonore
842 1880 1008 1939 positus
1026 1915 1037 1937 ,
1060 1880 1168 1940 quid
1185 1880 1240 1925 de
1255 1880 1331 1924 illo
1346 1879 1514 1924 dictum

119 1961 208 2008 est,
230 1952 332 1996 audi
357 1971 366 1997 :
386 1971 406 1994 «
431 1955 574 1997 Homo
591 1952 636 1995 in
652 1952 819 1996 honore
836 1951 1001 2010 positus
1022 1967 1112 1995 non
1133 1950 1370 2007 intellexit,
1393 1963 1512 1995 com-

123 2041 143 2065 »
180 2031 355 2082 paratus
393 2031 457 2066 est
493 2022 704 2082 jumentis
745 2019 992 2077 insensatis,
1018 2030 1062 2065 et
1088 2020 1236 2066 similis
1268 2021 1411 2066 sactus
1448 2031 1514 2067 est

124 2112 142 2134 »
176 2092 260 2136 illis
272 2096 304 2136 2.
333 2110 352 2134 n
379 2092 490 2145 Quia
526 2107 629 2150 ergo
660 2107 751 2136 non
787 2102 850 2136 est
873 2107 1080 2151 pecorum
1102 2093 1401 2152 congregatio,
1431 2108 1513 2138 nec

121 2161 198 2206 diu
226 2162 527 2206 disserendum
559 2170 643 2217 est⁷
681 2177 761 2206 nec
792 2162 1045 2220 'diligentius
1078 2162 1472 2207 commendandum
1499 2182 1509 2208 2

120 2232 197 2278 sed
209 2234 311 2293 quia
327 2233 558 2277 hominum
571 2241 649 2288 est,
670 2248 859 2293 quorum
878 2233 1104 2277 hominum
1122 2233 1177 2278 sit
1192 2234 1277 2278 hoc
1300 2233 1514 2279 debemus

119 2303 376 2362 intelligere.
400 2305 500 2349 Non
520 2304 672 2364 utique
701 2317 852 2347 eorum
874 2303 1104 2348 hominum
1136 2313 1227 2359 est,
1262 2305 1340 2364 qui
1360 2305 1406 2348 in
1428 2305 1512 2349 ho-

120 2387 226 2421 nore
259 2374 390 2433 positi
418 2389 508 2418 non
538 2374 855 2433 intelligentes,
892 2375 1129 2434 comparati
1162 2384 1264 2419 sunt
1303 2374 1513 2435 jumentis

121 2444 346 2488 insensatis
360 2479 370 2498 ‚
398 2452 441 2487 ct
462 2443 619 2488 similes
642 2443 744 2488 facti
761 2453 862 2489 sunt
880 2444 965 2502 eis3
990 2444 1065 2488 sed
1081 2460 1232 2489 eorum
1250 2445 1326 2504 qui
1345 2442 1509 2488 intelli-

123 2525 246 2574 gunt.
278 2514 522 2558 Praescribit
543 2515 659 2558 enim
689 2516 772 2559 hoc
800 2514 949 2559 titulus
972 2515 1158 2571 Psalmi,
1184 2515 1357 2560 dicens:
1385 2532 1404 2555 «
1432 2517 1509 2558 In·-

172 2618 179 2633 ¹
202 2611 281 2642 Psal.
301 2622 406 2652 Lxxui,
431 2623 459 2644 1.
477 2628 517 2634 —-
535 2619 547 2633 ²
568 2611 614 2644 Id.
635 2622 746 2652 xmm,
771 2612 821 2643 13.
