<?xml version="1.0" encoding="UTF-8"?>
<!DOCTYPE html PUBLIC "-//W3C//DTD XHTML 1.0 Transitional//EN"
    "http://www.w3.org/TR/xhtml1/DTD/xhtml1-transitional.dtd">
<html xmlns="http://www.w3.org/1999/xhtml" xml:lang="en" lang="en">
 <head>
  <title>
</title>
<meta http-equiv="Content-Type" content="text/html;charset=utf-8" />
  <meta name='ocr-system' content='tesseract 3.04.00' />
  <meta name='ocr-capabilities' content='ocr_page ocr_carea ocr_par ocr_line ocrx_word'/>
</head>
<body>
  <div class='ocr_page' id='page_1' title='image "./operaomniaaccura09auguuoft_0138.png"; bbox 0 0 1889 3285; ppageno 0'>
   <div class='ocr_carea' id='block_1_1' title="bbox 408 234 1354 271">
    <p class='ocr_par' dir='ltr' id='par_1_1' title="bbox 408 234 1354 271">
     <span class='ocr_line' id='line_1_1' title="bbox 408 234 1354 271; baseline -0.008 0"><span class='ocrx_word' id='word_1_1' title='bbox 408 236 426 271; x_wconf 92' lang='lat'>1</span> <span class='ocrx_word' id='word_1_2' title='bbox 437 234 488 271; x_wconf 75' lang='lat'>28</span> <span class='ocrx_word' id='word_1_3' title='bbox 844 235 877 264; x_wconf 79' lang='lat' dir='ltr'>S·</span> <span class='ocrx_word' id='word_1_4' title='bbox 913 234 1142 265; x_wconf 69' lang='lat' dir='ltr'>Aucusnm</span> <span class='ocrx_word' id='word_1_5' title='bbox 1174 237 1354 264; x_wconf 70' lang='lat' dir='ltr'>anscom</span> 
     </span>
    </p>
   </div>
   <div class='ocr_carea' id='block_1_2' title="bbox 405 298 1794 857">
    <p class='ocr_par' dir='ltr' id='par_1_2' title="bbox 405 298 1794 857">
     <span class='ocr_line' id='line_1_2' title="bbox 408 298 1782 367; baseline -0.007 -18"><span class='ocrx_word' id='word_1_6' title='bbox 408 327 428 349; x_wconf 88' lang='lat'>»</span> <span class='ocrx_word' id='word_1_7' title='bbox 464 305 583 367; x_wconf 86' lang='lat' dir='ltr'>quod</span> <span class='ocrx_word' id='word_1_8' title='bbox 615 304 827 365; x_wconf 82' lang='lat' dir='ltr'>spiritale,</span> <span class='ocrx_word' id='word_1_9' title='bbox 856 302 931 347; x_wconf 87' lang='lat' dir='ltr'>sed</span> <span class='ocrx_word' id='word_1_10' title='bbox 962 303 1081 362; x_wconf 89' lang='lat' dir='ltr'>quod</span> <span class='ocrx_word' id='word_1_11' title='bbox 1103 302 1310 357; x_wconf 82' lang='lat' dir='ltr'>animale,</span> <span class='ocrx_word' id='word_1_12' title='bbox 1334 310 1483 361; x_wconf 86' lang='lat' dir='ltr'>postea</span> <span class='ocrx_word' id='word_1_13' title='bbox 1504 298 1693 359; x_wconf 87' lang='lat' dir='ltr'>spiritale</span> <span class='ocrx_word' id='word_1_14' title='bbox 1719 317 1728 342; x_wconf 87' lang='lat'><strong>:</strong></span> <span class='ocrx_word' id='word_1_15' title='bbox 1762 316 1782 338; x_wconf 87' lang='lat'>»</span> 
     </span>
     <span class='ocr_line' id='line_1_3' title="bbox 405 369 1790 435; baseline -0.006 -13"><span class='ocrx_word' id='word_1_16' title='bbox 405 378 504 422; x_wconf 85' lang='lat' dir='ltr'>idco</span> <span class='ocrx_word' id='word_1_17' title='bbox 537 393 638 435; x_wconf 80' lang='lat' dir='ltr'>ergo</span> <span class='ocrx_word' id='word_1_18' title='bbox 669 379 780 420; x_wconf 76' lang='lat' dir='ltr'>Ca&#39;i&#39;n</span> <span class='ocrx_word' id='word_1_19' title='bbox 813 374 929 434; x_wconf 87' lang='lat' dir='ltr'>prior</span> <span class='ocrx_word' id='word_1_20' title='bbox 963 373 1191 417; x_wconf 67' lang='lat' dir='ltr'>aedificavit</span> <span class='ocrx_word' id='word_1_21' title='bbox 1224 373 1463 426; x_wconf 84' lang='lat' dir='ltr'>civitatem,</span> <span class='ocrx_word' id='word_1_22' title='bbox 1497 380 1541 414; x_wconf 90' lang='lat' dir='ltr'>et</span> <span class='ocrx_word' id='word_1_23' title='bbox 1560 370 1621 413; x_wconf 92' lang='lat' dir='ltr'>ibi</span> <span class='ocrx_word' id='word_1_24' title='bbox 1653 369 1790 413; x_wconf 85' lang='lat' dir='ltr'>aedifi-</span> 
     </span>
     <span class='ocr_line' id='line_1_4' title="bbox 407 444 1791 494; baseline -0.007 0"><span class='ocrx_word' id='word_1_25' title='bbox 407 451 520 494; x_wconf 89' lang='lat' dir='ltr'>cavit</span> <span class='ocrx_word' id='word_1_26' title='bbox 541 449 618 492; x_wconf 89' lang='lat' dir='ltr'>ubi</span> <span class='ocrx_word' id='word_1_27' title='bbox 640 447 761 491; x_wconf 88' lang='lat' dir='ltr'>nulla</span> <span class='ocrx_word' id='word_1_28' title='bbox 795 455 887 490; x_wconf 87' lang='lat' dir='ltr'>erat</span> <span class='ocrx_word' id='word_1_29' title='bbox 909 445 1072 489; x_wconf 85' lang='lat' dir='ltr'>civitas.</span> <span class='ocrx_word' id='word_1_30' title='bbox 1100 448 1156 489; x_wconf 89' lang='lat' dir='ltr'>Ut</span> <span class='ocrx_word' id='word_1_31' title='bbox 1183 460 1285 489; x_wconf 86' lang='lat' dir='ltr'>vero</span> <span class='ocrx_word' id='word_1_32' title='bbox 1305 444 1594 489; x_wconf 81' lang='lat' dir='ltr'>aedificaretur</span> <span class='ocrx_word' id='word_1_33' title='bbox 1614 444 1791 485; x_wconf 85' lang='lat' dir='ltr'>Jerusa-</span> 
     </span>
     <span class='ocr_line' id='line_1_5' title="bbox 406 510 1792 573; baseline -0.007 -9"><span class='ocrx_word' id='word_1_34' title='bbox 406 519 489 564; x_wconf 90' lang='lat' dir='ltr'>lem</span> <span class='ocrx_word' id='word_1_35' title='bbox 505 555 514 573; x_wconf 97' lang='lat'>,</span> <span class='ocrx_word' id='word_1_36' title='bbox 540 535 630 563; x_wconf 89' lang='lat' dir='ltr'>non</span> <span class='ocrx_word' id='word_1_37' title='bbox 652 518 712 561; x_wconf 88' lang='lat' dir='ltr'>ibi</span> <span class='ocrx_word' id='word_1_38' title='bbox 744 517 954 560; x_wconf 79' lang='lat' dir='ltr'>aedificata</span> <span class='ocrx_word' id='word_1_39' title='bbox 991 524 1053 558; x_wconf 86' lang='lat' dir='ltr'>est</span> <span class='ocrx_word' id='word_1_40' title='bbox 1080 515 1157 558; x_wconf 87' lang='lat' dir='ltr'>ubi</span> <span class='ocrx_word' id='word_1_41' title='bbox 1186 531 1275 559; x_wconf 88' lang='lat' dir='ltr'>non</span> <span class='ocrx_word' id='word_1_42' title='bbox 1297 523 1387 558; x_wconf 90' lang='lat' dir='ltr'>erat</span> <span class='ocrx_word' id='word_1_43' title='bbox 1411 514 1584 567; x_wconf 88' lang='lat' dir='ltr'>civitas,</span> <span class='ocrx_word' id='word_1_44' title='bbox 1609 510 1684 556; x_wconf 90' lang='lat' dir='ltr'>sed</span> <span class='ocrx_word' id='word_1_45' title='bbox 1701 519 1792 555; x_wconf 89' lang='lat' dir='ltr'>erat</span> 
     </span>
     <span class='ocr_line' id='line_1_6' title="bbox 406 582 1793 648; baseline -0.006 -14"><span class='ocrx_word' id='word_1_46' title='bbox 406 590 554 634; x_wconf 86' lang='lat' dir='ltr'>civitas</span> <span class='ocrx_word' id='word_1_47' title='bbox 571 588 711 648; x_wconf 90' lang='lat' dir='ltr'>primo</span> <span class='ocrx_word' id='word_1_48' title='bbox 739 603 836 647; x_wconf 85' lang='lat' dir='ltr'>quae</span> <span class='ocrx_word' id='word_1_49' title='bbox 859 584 1160 645; x_wconf 77' lang='lat' dir='ltr'>appellabatur</span> <span class='ocrx_word' id='word_1_50' title='bbox 1182 585 1340 640; x_wconf 88' lang='lat' dir='ltr'>Jebus,</span> <span class='ocrx_word' id='word_1_51' title='bbox 1366 583 1483 628; x_wconf 87' lang='lat' dir='ltr'>unde</span> <span class='ocrx_word' id='word_1_52' title='bbox 1506 582 1708 627; x_wconf 86' lang='lat' dir='ltr'>Jebusaei.</span> <span class='ocrx_word' id='word_1_53' title='bbox 1729 584 1793 625; x_wconf 88' lang='lat' dir='ltr'>Ea</span> 
     </span>
     <span class='ocr_line' id='line_1_7' title="bbox 407 655 1792 721; baseline -0.006 -16"><span class='ocrx_word' id='word_1_54' title='bbox 407 671 552 721; x_wconf 86' lang='lat' dir='ltr'>capta,</span> <span class='ocrx_word' id='word_1_55' title='bbox 579 659 768 713; x_wconf 82' lang='lat' dir='ltr'>devicta,</span> <span class='ocrx_word' id='word_1_56' title='bbox 806 658 1021 717; x_wconf 79' lang='lat' dir='ltr'>subjecta,</span> <span class='ocrx_word' id='word_1_57' title='bbox 1056 656 1269 700; x_wconf 74' lang='lat' dir='ltr'>aedificata</span> <span class='ocrx_word' id='word_1_58' title='bbox 1297 665 1361 700; x_wconf 87' lang='lat' dir='ltr'>est</span> <span class='ocrx_word' id='word_1_59' title='bbox 1381 672 1493 699; x_wconf 86' lang='lat' dir='ltr'>nova</span> <span class='ocrx_word' id='word_1_60' title='bbox 1526 655 1672 699; x_wconf 87' lang='lat' dir='ltr'>civitas</span> <span class='ocrx_word' id='word_1_61' title='bbox 1693 662 1792 698; x_wconf 85' lang='lat' dir='ltr'>tan-</span> 
     </span>
     <span class='ocr_line' id='line_1_8' title="bbox 406 724 1790 791; baseline -0.006 -16"><span class='ocrx_word' id='word_1_62' title='bbox 406 746 538 791; x_wconf 85' lang='lat' dir='ltr'>quam</span> <span class='ocrx_word' id='word_1_63' title='bbox 561 730 778 774; x_wconf 83' lang='lat' dir='ltr'>destructa</span> <span class='ocrx_word' id='word_1_64' title='bbox 792 737 955 784; x_wconf 73' lang='lat' dir='ltr'>vetere,</span> <span class='ocrx_word' id='word_1_65' title='bbox 973 736 1016 770; x_wconf 90' lang='lat' dir='ltr'>et</span> <span class='ocrx_word' id='word_1_66' title='bbox 1031 726 1246 786; x_wconf 84' lang='lat' dir='ltr'>appellata</span> <span class='ocrx_word' id='word_1_67' title='bbox 1263 726 1517 779; x_wconf 80' lang='lat' dir='ltr'>Jerusalem,</span> <span class='ocrx_word' id='word_1_68' title='bbox 1532 725 1640 769; x_wconf 89' lang='lat' dir='ltr'>visio</span> <span class='ocrx_word' id='word_1_69' title='bbox 1658 724 1790 784; x_wconf 82' lang='lat' dir='ltr'>pacis,</span> 
     </span>
     <span class='ocr_line' id='line_1_9' title="bbox 409 794 1794 857; baseline -0.006 -12"><span class='ocrx_word' id='word_1_70' title='bbox 409 802 556 845; x_wconf 87' lang='lat' dir='ltr'>civitas</span> <span class='ocrx_word' id='word_1_71' title='bbox 580 800 656 843; x_wconf 87' lang='lat' dir='ltr'>Dei</span> <span class='ocrx_word' id='word_1_72' title='bbox 672 801 703 842; x_wconf 81' lang='lat'>1.</span> <span class='ocrx_word' id='word_1_73' title='bbox 732 798 1039 857; x_wconf 85' lang='lat' dir='ltr'>Unusquisque</span> <span class='ocrx_word' id='word_1_74' title='bbox 1062 812 1164 856; x_wconf 85' lang='lat' dir='ltr'>ergo</span> <span class='ocrx_word' id='word_1_75' title='bbox 1187 807 1312 841; x_wconf 80' lang='lat' dir='ltr'>natus</span> <span class='ocrx_word' id='word_1_76' title='bbox 1329 813 1381 840; x_wconf 83' lang='lat' dir='ltr'>cx</span> <span class='ocrx_word' id='word_1_77' title='bbox 1403 795 1566 850; x_wconf 86' lang='lat' dir='ltr'>Adam,</span> <span class='ocrx_word' id='word_1_78' title='bbox 1598 794 1794 838; x_wconf 86' lang='lat' dir='ltr'>nondum</span> 
     </span>
    </p>
   </div>
   <div class='ocr_carea' id='block_1_3' title="bbox 409 863 1847 931">
    <p class='ocr_par' dir='ltr' id='par_1_3' title="bbox 409 863 1847 931">
     <span class='ocr_line' id='line_1_10' title="bbox 409 863 1847 931; baseline -0.006 -16"><span class='ocrx_word' id='word_1_79' title='bbox 409 871 597 931; x_wconf 76' lang='lat' dir='ltr'>pertinet</span> <span class='ocrx_word' id='word_1_80' title='bbox 623 869 677 913; x_wconf 88' lang='lat' dir='ltr'>ad</span> <span class='ocrx_word' id='word_1_81' title='bbox 700 867 939 913; x_wconf 78' lang='lat' dir='ltr'>Jerusalem</span> <span class='ocrx_word' id='word_1_82' title='bbox 962 887 969 911; x_wconf 92' lang='lat'>:</span> <span class='ocrx_word' id='word_1_83' title='bbox 993 877 1138 926; x_wconf 84' lang='lat' dir='ltr'>portat</span> <span class='ocrx_word' id='word_1_84' title='bbox 1160 867 1275 911; x_wconf 89' lang='lat' dir='ltr'>enim</span> <span class='ocrx_word' id='word_1_85' title='bbox 1297 882 1443 911; x_wconf 87' lang='lat' dir='ltr'>secum</span> <span class='ocrx_word' id='word_1_86' title='bbox 1464 866 1687 910; x_wconf 84' lang='lat' dir='ltr'>traducem</span> <span class='ocrx_word' id='word_1_87' title='bbox 1710 863 1796 908; x_wconf 85' lang='lat' dir='ltr'>ini-</span> <span class='ocrx_word' id='word_1_88' title='bbox 1844 871 1847 876; x_wconf 82' lang='grc'>’</span> 
     </span>
    </p>
   </div>
   <div class='ocr_carea' id='block_1_4' title="bbox 411 935 1827 2474">
    <p class='ocr_par' dir='ltr' id='par_1_4' title="bbox 411 935 1827 2108">
     <span class='ocr_line' id='line_1_11' title="bbox 411 935 1827 1003; baseline -0.006 -16"><span class='ocrx_word' id='word_1_89' title='bbox 411 943 586 1003; x_wconf 75' lang='lat' dir='ltr'>quitatis</span> <span class='ocrx_word' id='word_1_90' title='bbox 604 977 614 995; x_wconf 91' lang='lat'>,</span> <span class='ocrx_word' id='word_1_91' title='bbox 646 954 913 1001; x_wconf 78' lang='lat' dir='ltr'>poenamque</span> <span class='ocrx_word' id='word_1_92' title='bbox 937 940 1124 998; x_wconf 82' lang='lat' dir='ltr'>peccati,</span> <span class='ocrx_word' id='word_1_93' title='bbox 1156 938 1390 998; x_wconf 88' lang='lat' dir='ltr'>deputatus</span> <span class='ocrx_word' id='word_1_94' title='bbox 1418 938 1574 994; x_wconf 71' lang='lat' dir='ltr'>morti,</span> <span class='ocrx_word' id='word_1_95' title='bbox 1598 946 1641 980; x_wconf 91' lang='lat' dir='ltr'>et</span> <span class='ocrx_word' id='word_1_96' title='bbox 1662 935 1827 995; x_wconf 55' lang='lat' dir='ltr'>perti-³</span> 
     </span>
     <span class='ocr_line' id='line_1_12' title="bbox 411 1005 1798 1072; baseline -0.006 -15"><span class='ocrx_word' id='word_1_97' title='bbox 411 1023 486 1058; x_wconf 86' lang='lat' dir='ltr'>net</span> <span class='ocrx_word' id='word_1_98' title='bbox 501 1011 689 1072; x_wconf 87' lang='lat' dir='ltr'>quodam</span> <span class='ocrx_word' id='word_1_99' title='bbox 708 1011 840 1054; x_wconf 86' lang='lat' dir='ltr'>modo</span> <span class='ocrx_word' id='word_1_100' title='bbox 861 1010 914 1053; x_wconf 87' lang='lat' dir='ltr'>ad</span> <span class='ocrx_word' id='word_1_101' title='bbox 932 1019 1122 1053; x_wconf 79' lang='lat' dir='ltr'>veterem</span> <span class='ocrx_word' id='word_1_102' title='bbox 1149 1008 1383 1069; x_wconf 83' lang='lat' dir='ltr'>quamdam</span> <span class='ocrx_word' id='word_1_103' title='bbox 1401 1009 1632 1053; x_wconf 82' lang='lat' dir='ltr'>civitatem.</span> <span class='ocrx_word' id='word_1_104' title='bbox 1662 1005 1745 1051; x_wconf 89' lang='lat' dir='ltr'>Sed</span> <span class='ocrx_word' id='word_1_105' title='bbox 1765 1006 1798 1050; x_wconf 86' lang='lat' dir='ltr'>si</span> 
     </span>
     <span class='ocr_line' id='line_1_13' title="bbox 411 1077 1798 1140; baseline -0.005 -13"><span class='ocrx_word' id='word_1_106' title='bbox 411 1083 586 1127; x_wconf 85' lang='lat' dir='ltr'>futurus</span> <span class='ocrx_word' id='word_1_107' title='bbox 608 1092 670 1126; x_wconf 81' lang='lat' dir='ltr'>est</span> <span class='ocrx_word' id='word_1_108' title='bbox 693 1082 738 1125; x_wconf 88' lang='lat' dir='ltr'>in</span> <span class='ocrx_word' id='word_1_109' title='bbox 768 1080 932 1140; x_wconf 86' lang='lat' dir='ltr'>populo</span> <span class='ocrx_word' id='word_1_110' title='bbox 960 1081 1059 1134; x_wconf 86' lang='lat' dir='ltr'>Dei,</span> <span class='ocrx_word' id='word_1_111' title='bbox 1086 1079 1333 1123; x_wconf 87' lang='lat' dir='ltr'>destruetur</span> <span class='ocrx_word' id='word_1_112' title='bbox 1360 1088 1506 1134; x_wconf 86' lang='lat' dir='ltr'>vetus,</span> <span class='ocrx_word' id='word_1_113' title='bbox 1543 1088 1586 1122; x_wconf 86' lang='lat' dir='ltr'>et</span> <span class='ocrx_word' id='word_1_114' title='bbox 1607 1077 1798 1121; x_wconf 84' lang='lat' dir='ltr'>aedifica-</span> 
     </span>
     <span class='ocr_line' id='line_1_14' title="bbox 412 1147 1800 1208; baseline -0.004 -12"><span class='ocrx_word' id='word_1_115' title='bbox 412 1154 530 1197; x_wconf 79' lang='lat' dir='ltr'>bitur</span> <span class='ocrx_word' id='word_1_116' title='bbox 550 1169 702 1196; x_wconf 76' lang='lat' dir='ltr'>novus.</span> <span class='ocrx_word' id='word_1_117' title='bbox 732 1153 835 1195; x_wconf 87' lang='lat' dir='ltr'>Ideo</span> <span class='ocrx_word' id='word_1_118' title='bbox 861 1166 963 1208; x_wconf 75' lang='lat' dir='ltr'>ergo</span> <span class='ocrx_word' id='word_1_119' title='bbox 985 1152 1094 1194; x_wconf 81' lang='lat' dir='ltr'>Cai&#39;n</span> <span class='ocrx_word' id='word_1_120' title='bbox 1117 1150 1333 1199; x_wconf 86' lang='lat' dir='ltr'>civitatem</span> <span class='ocrx_word' id='word_1_121' title='bbox 1357 1148 1588 1193; x_wconf 78' lang='lat' dir='ltr'>aedificavit</span> <span class='ocrx_word' id='word_1_122' title='bbox 1612 1147 1688 1191; x_wconf 92' lang='lat' dir='ltr'>ubi</span> <span class='ocrx_word' id='word_1_123' title='bbox 1710 1162 1800 1191; x_wconf 90' lang='lat' dir='ltr'>non</span> 
     </span>
     <span class='ocr_line' id='line_1_15' title="bbox 414 1217 1801 1278; baseline -0.005 -11"><span class='ocrx_word' id='word_1_124' title='bbox 414 1233 505 1266; x_wconf 85' lang='lat' dir='ltr'>erat</span> <span class='ocrx_word' id='word_1_125' title='bbox 530 1223 693 1267; x_wconf 68' lang='lat' dir='ltr'>civitas.</span> <span class='ocrx_word' id='word_1_126' title='bbox 720 1226 756 1265; x_wconf 71' lang='lat' dir='ltr'>A</span> <span class='ocrx_word' id='word_1_127' title='bbox 780 1220 1040 1264; x_wconf 72' lang='lat' dir='ltr'>mortalitate</span> <span class='ocrx_word' id='word_1_128' title='bbox 1067 1221 1180 1263; x_wconf 88' lang='lat' dir='ltr'>enim</span> <span class='ocrx_word' id='word_1_129' title='bbox 1205 1230 1247 1263; x_wconf 89' lang='lat' dir='ltr'>et</span> <span class='ocrx_word' id='word_1_130' title='bbox 1268 1236 1290 1263; x_wconf 85' lang='lat' dir='ltr'>a</span> <span class='ocrx_word' id='word_1_131' title='bbox 1312 1219 1474 1263; x_wconf 81' lang='lat' dir='ltr'>malitia</span> <span class='ocrx_word' id='word_1_132' title='bbox 1489 1218 1673 1278; x_wconf 89' lang='lat' dir='ltr'>quisque</span> <span class='ocrx_word' id='word_1_133' title='bbox 1693 1217 1801 1261; x_wconf 87' lang='lat' dir='ltr'>inci-</span> 
     </span>
     <span class='ocr_line' id='line_1_16' title="bbox 413 1281 1800 1354; baseline -0.004 -17"><span class='ocrx_word' id='word_1_134' title='bbox 413 1294 499 1354; x_wconf 81' lang='lat' dir='ltr'>pit,</span> <span class='ocrx_word' id='word_1_135' title='bbox 526 1302 575 1336; x_wconf 86' lang='lat' dir='ltr'>ut</span> <span class='ocrx_word' id='word_1_136' title='bbox 597 1294 671 1335; x_wconf 80' lang='lat' dir='ltr'>fiat</span> <span class='ocrx_word' id='word_1_137' title='bbox 692 1293 832 1335; x_wconf 88' lang='lat' dir='ltr'>bonus</span> <span class='ocrx_word' id='word_1_138' title='bbox 856 1300 1019 1349; x_wconf 85' lang='lat' dir='ltr'>postea.</span> <span class='ocrx_word' id='word_1_139' title='bbox 1046 1310 1065 1331; x_wconf 84' lang='lat'>«</span> <span class='ocrx_word' id='word_1_140' title='bbox 1089 1290 1210 1335; x_wconf 81' lang='lat' dir='ltr'>Sicut</span> <span class='ocrx_word' id='word_1_141' title='bbox 1227 1291 1342 1333; x_wconf 88' lang='lat' dir='ltr'>enim</span> <span class='ocrx_word' id='word_1_142' title='bbox 1365 1305 1441 1348; x_wconf 86' lang='lat' dir='ltr'>per</span> <span class='ocrx_word' id='word_1_143' title='bbox 1461 1281 1800 1332; x_wconf 79' lang='lat' dir='ltr'>inobedientiam</span> 
     </span>
     <span class='ocr_line' id='line_1_17' title="bbox 418 1359 1804 1420; baseline -0.003 -15"><span class='ocrx_word' id='word_1_144' title='bbox 418 1384 438 1406; x_wconf 81' lang='lat'>&gt;›</span> <span class='ocrx_word' id='word_1_145' title='bbox 476 1365 603 1408; x_wconf 83' lang='lat' dir='ltr'>unius</span> <span class='ocrx_word' id='word_1_146' title='bbox 625 1363 832 1416; x_wconf 82' lang='lat' dir='ltr'>hominis,</span> <span class='ocrx_word' id='word_1_147' title='bbox 855 1371 1102 1420; x_wconf 77' lang='lat' dir='ltr'>peccatores</span> <span class='ocrx_word' id='word_1_148' title='bbox 1121 1361 1346 1405; x_wconf 85' lang='lat' dir='ltr'>constituti</span> <span class='ocrx_word' id='word_1_149' title='bbox 1361 1370 1463 1404; x_wconf 85' lang='lat' dir='ltr'>sunt</span> <span class='ocrx_word' id='word_1_150' title='bbox 1477 1359 1603 1403; x_wconf 77' lang='lat' dir='ltr'>multi</span> <span class='ocrx_word' id='word_1_151' title='bbox 1618 1394 1628 1414; x_wconf 88' lang='lat'>,</span> <span class='ocrx_word' id='word_1_152' title='bbox 1654 1359 1711 1402; x_wconf 89' lang='lat' dir='ltr'>ita</span> <span class='ocrx_word' id='word_1_153' title='bbox 1726 1373 1804 1417; x_wconf 86' lang='lat' dir='ltr'>per</span> 
     </span>
     <span class='ocr_line' id='line_1_18' title="bbox 420 1428 1800 1489; baseline -0.004 -13"><span class='ocrx_word' id='word_1_154' title='bbox 420 1454 439 1476; x_wconf 89' lang='lat'>»</span> <span class='ocrx_word' id='word_1_155' title='bbox 476 1434 768 1479; x_wconf 77' lang='lat' dir='ltr'>obedientiam</span> <span class='ocrx_word' id='word_1_156' title='bbox 795 1432 923 1475; x_wconf 82' lang='lat' dir='ltr'>unius</span> <span class='ocrx_word' id='word_1_157' title='bbox 948 1431 1132 1475; x_wconf 85' lang='lat' dir='ltr'>hominis</span> <span class='ocrx_word' id='word_1_158' title='bbox 1148 1432 1253 1489; x_wconf 85' lang='lat' dir='ltr'>justi</span> <span class='ocrx_word' id='word_1_159' title='bbox 1274 1431 1594 1475; x_wconf 85' lang='lat' dir='ltr'>constituentur</span> <span class='ocrx_word' id='word_1_160' title='bbox 1617 1428 1744 1473; x_wconf 88' lang='lat' dir='ltr'>multi</span> <span class='ocrx_word' id='word_1_161' title='bbox 1768 1430 1800 1471; x_wconf 79' lang='lat'>2.</span> 
     </span>
     <span class='ocr_line' id='line_1_19' title="bbox 419 1500 1805 1560; baseline -0.003 -14"><span class='ocrx_word' id='word_1_162' title='bbox 419 1524 439 1547; x_wconf 79' lang='lat'>&gt;›</span> <span class='ocrx_word' id='word_1_163' title='bbox 476 1509 531 1549; x_wconf 87' lang='lat' dir='ltr'>Et</span> <span class='ocrx_word' id='word_1_164' title='bbox 546 1519 693 1547; x_wconf 86' lang='lat' dir='ltr'>omnes</span> <span class='ocrx_word' id='word_1_165' title='bbox 709 1503 751 1546; x_wconf 88' lang='lat' dir='ltr'>in</span> <span class='ocrx_word' id='word_1_166' title='bbox 769 1503 906 1546; x_wconf 67' lang='lat' dir='ltr'>Adam</span> <span class='ocrx_word' id='word_1_167' title='bbox 923 1501 1134 1545; x_wconf 87' lang='lat' dir='ltr'>morimur</span> <span class='ocrx_word' id='word_1_168' title='bbox 1147 1503 1161 1527; x_wconf 80' lang='lat'>³</span> <span class='ocrx_word' id='word_1_169' title='bbox 1177 1521 1185 1545; x_wconf 89' lang='lat'>·.</span> <span class='ocrx_word' id='word_1_170' title='bbox 1204 1519 1223 1541; x_wconf 64' lang='lat'>³&gt;</span> <span class='ocrx_word' id='word_1_171' title='bbox 1237 1510 1279 1544; x_wconf 84' lang='lat' dir='ltr'>et</span> <span class='ocrx_word' id='word_1_172' title='bbox 1296 1500 1595 1560; x_wconf 87' lang='lat' dir='ltr'>unusquisque</span> <span class='ocrx_word' id='word_1_173' title='bbox 1609 1508 1805 1543; x_wconf 88' lang='lat' dir='ltr'>nostrum</span> 
     </span>
     <span class='ocr_line' id='line_1_20' title="bbox 420 1569 1806 1624; baseline -0.006 -4"><span class='ocrx_word' id='word_1_174' title='bbox 420 1574 475 1619; x_wconf 83' lang='lat' dir='ltr'>ad</span> <span class='ocrx_word' id='word_1_175' title='bbox 500 1575 636 1620; x_wconf 74' lang='lat' dir='ltr'>Adam</span> <span class='ocrx_word' id='word_1_176' title='bbox 673 1582 800 1616; x_wconf 86' lang='lat' dir='ltr'>natus</span> <span class='ocrx_word' id='word_1_177' title='bbox 833 1581 910 1615; x_wconf 83' lang='lat' dir='ltr'>est.</span> <span class='ocrx_word' id='word_1_178' title='bbox 946 1574 1151 1615; x_wconf 78' lang='lat' dir='ltr'>Transeat</span> <span class='ocrx_word' id='word_1_179' title='bbox 1186 1570 1239 1615; x_wconf 87' lang='lat' dir='ltr'>ad</span> <span class='ocrx_word' id='word_1_180' title='bbox 1263 1570 1523 1624; x_wconf 81' lang='lat' dir='ltr'>Jerusalem,</span> <span class='ocrx_word' id='word_1_181' title='bbox 1559 1569 1806 1613; x_wconf 85' lang='lat' dir='ltr'>destruetur</span> 
     </span>
     <span class='ocr_line' id='line_1_21' title="bbox 421 1632 1804 1701; baseline -0.005 -12"><span class='ocrx_word' id='word_1_182' title='bbox 421 1654 564 1697; x_wconf 83' lang='lat' dir='ltr'>vetus,</span> <span class='ocrx_word' id='word_1_183' title='bbox 591 1653 634 1686; x_wconf 84' lang='lat' dir='ltr'>et</span> <span class='ocrx_word' id='word_1_184' title='bbox 656 1642 942 1686; x_wconf 75' lang='lat' dir='ltr'>aedificabitur</span> <span class='ocrx_word' id='word_1_185' title='bbox 965 1657 1115 1685; x_wconf 83' lang='lat' dir='ltr'>novus.</span> <span class='ocrx_word' id='word_1_186' title='bbox 1141 1645 1364 1701; x_wconf 78' lang='lat' dir='ltr'>Tanquam</span> <span class='ocrx_word' id='word_1_187' title='bbox 1382 1641 1560 1685; x_wconf 73' lang='lat' dir='ltr'>devictis</span> <span class='ocrx_word' id='word_1_188' title='bbox 1576 1632 1804 1693; x_wconf 58' lang='lat' dir='ltr'>jebusaeis,</span> 
     </span>
     <span class='ocr_line' id='line_1_22' title="bbox 420 1710 1807 1766; baseline -0.004 -9"><span class='ocrx_word' id='word_1_189' title='bbox 420 1723 469 1758; x_wconf 88' lang='lat' dir='ltr'>ut</span> <span class='ocrx_word' id='word_1_190' title='bbox 493 1712 733 1756; x_wconf 82' lang='lat' dir='ltr'>aedificetur</span> <span class='ocrx_word' id='word_1_191' title='bbox 756 1711 1020 1766; x_wconf 79' lang='lat' dir='ltr'>Jerusalem,</span> <span class='ocrx_word' id='word_1_192' title='bbox 1053 1710 1234 1766; x_wconf 75' lang='lat' dir='ltr'>dicitur,</span> <span class='ocrx_word' id='word_1_193' title='bbox 1275 1730 1294 1752; x_wconf 87' lang='lat'>«</span> <span class='ocrx_word' id='word_1_194' title='bbox 1329 1711 1483 1754; x_wconf 75' lang='lat' dir='ltr'>Exuite</span> <span class='ocrx_word' id='word_1_195' title='bbox 1514 1725 1590 1754; x_wconf 91' lang='lat' dir='ltr'>vos</span> <span class='ocrx_word' id='word_1_196' title='bbox 1616 1719 1807 1753; x_wconf 87' lang='lat' dir='ltr'>veterem</span> 
     </span>
     <span class='ocr_line' id='line_1_23' title="bbox 424 1780 1808 1840; baseline -0.001 -15"><span class='ocrx_word' id='word_1_197' title='bbox 424 1803 443 1826; x_wconf 79' lang='lat'>»</span> <span class='ocrx_word' id='word_1_198' title='bbox 479 1783 700 1828; x_wconf 85' lang='lat' dir='ltr'>hominem</span> <span class='ocrx_word' id='word_1_199' title='bbox 717 1819 727 1837; x_wconf 72' lang='lat'>,</span> <span class='ocrx_word' id='word_1_200' title='bbox 752 1793 794 1826; x_wconf 85' lang='lat' dir='ltr'>et</span> <span class='ocrx_word' id='word_1_201' title='bbox 818 1782 987 1826; x_wconf 84' lang='lat' dir='ltr'>induite</span> <span class='ocrx_word' id='word_1_202' title='bbox 1015 1797 1179 1825; x_wconf 89' lang='lat' dir='ltr'>novum</span> <span class='ocrx_word' id='word_1_203' title='bbox 1200 1784 1231 1823; x_wconf 72' lang='lat'>⁴.</span> <span class='ocrx_word' id='word_1_204' title='bbox 1267 1800 1286 1821; x_wconf 88' lang='lat'>»</span> <span class='ocrx_word' id='word_1_205' title='bbox 1315 1784 1500 1840; x_wconf 82' lang='lat' dir='ltr'>Jamque</span> <span class='ocrx_word' id='word_1_206' title='bbox 1518 1780 1737 1824; x_wconf 70' lang='lat' dir='ltr'>aedificatis</span> <span class='ocrx_word' id='word_1_207' title='bbox 1764 1780 1808 1824; x_wconf 86' lang='lat' dir='ltr'>in</span> 
     </span>
     <span class='ocr_line' id='line_1_24' title="bbox 423 1850 1808 1911; baseline -0.004 -13"><span class='ocrx_word' id='word_1_208' title='bbox 423 1853 682 1905; x_wconf 77' lang='lat' dir='ltr'>Jerusalem,</span> <span class='ocrx_word' id='word_1_209' title='bbox 709 1863 751 1897; x_wconf 82' lang='lat' dir='ltr'>et</span> <span class='ocrx_word' id='word_1_210' title='bbox 778 1853 924 1911; x_wconf 77' lang='lat' dir='ltr'>gratiae</span> <span class='ocrx_word' id='word_1_211' title='bbox 954 1853 1051 1896; x_wconf 91' lang='lat' dir='ltr'>luce</span> <span class='ocrx_word' id='word_1_212' title='bbox 1080 1851 1371 1910; x_wconf 77' lang='lat' dir='ltr'>fulgentibus,</span> <span class='ocrx_word' id='word_1_213' title='bbox 1397 1851 1576 1905; x_wconf 87' lang='lat' dir='ltr'>dicitur,</span> <span class='ocrx_word' id='word_1_214' title='bbox 1606 1871 1625 1892; x_wconf 90' lang='lat'>«</span> <span class='ocrx_word' id='word_1_215' title='bbox 1651 1850 1808 1895; x_wconf 84' lang='lat' dir='ltr'>Fuistis</span> 
     </span>
     <span class='ocr_line' id='line_1_25' title="bbox 425 1920 1809 1983; baseline -0.001 -18"><span class='ocrx_word' id='word_1_216' title='bbox 425 1943 444 1965; x_wconf 70' lang='lat' dir='ltr'>n</span> <span class='ocrx_word' id='word_1_217' title='bbox 481 1922 716 1983; x_wconf 79' lang='lat' dir='ltr'>aliquando</span> <span class='ocrx_word' id='word_1_218' title='bbox 733 1924 940 1976; x_wconf 76' lang='lat' dir='ltr'>tenebrae,</span> <span class='ocrx_word' id='word_1_219' title='bbox 958 1938 1075 1966; x_wconf 87' lang='lat' dir='ltr'>nunc</span> <span class='ocrx_word' id='word_1_220' title='bbox 1097 1931 1240 1965; x_wconf 86' lang='lat' dir='ltr'>autem</span> <span class='ocrx_word' id='word_1_221' title='bbox 1255 1921 1330 1965; x_wconf 73' lang='lat' dir='ltr'>lux</span> <span class='ocrx_word' id='word_1_222' title='bbox 1348 1922 1393 1965; x_wconf 92' lang='lat' dir='ltr'>in</span> <span class='ocrx_word' id='word_1_223' title='bbox 1411 1922 1594 1966; x_wconf 83' lang='lat' dir='ltr'>Domino</span> <span class='ocrx_word' id='word_1_224' title='bbox 1611 1923 1641 1964; x_wconf 87' lang='lat'>⁵.</span> <span class='ocrx_word' id='word_1_225' title='bbox 1663 1920 1809 1966; x_wconf 86' lang='lat' dir='ltr'>»Mala</span> 
     </span>
     <span class='ocr_line' id='line_1_26' title="bbox 425 1990 1809 2052; baseline -0.002 -15"><span class='ocrx_word' id='word_1_226' title='bbox 425 2010 526 2052; x_wconf 74' lang='lat' dir='ltr'>ergo</span> <span class='ocrx_word' id='word_1_227' title='bbox 562 1994 708 2037; x_wconf 81' lang='lat' dir='ltr'>civitas</span> <span class='ocrx_word' id='word_1_228' title='bbox 740 1994 794 2037; x_wconf 87' lang='lat' dir='ltr'>ab</span> <span class='ocrx_word' id='word_1_229' title='bbox 822 1993 945 2037; x_wconf 85' lang='lat' dir='ltr'>initio</span> <span class='ocrx_word' id='word_1_230' title='bbox 975 2008 1112 2052; x_wconf 79' lang='lat' dir='ltr'>usque</span> <span class='ocrx_word' id='word_1_231' title='bbox 1141 1992 1184 2035; x_wconf 87' lang='lat' dir='ltr'>in</span> <span class='ocrx_word' id='word_1_232' title='bbox 1214 1993 1345 2035; x_wconf 85' lang='lat' dir='ltr'>finem</span> <span class='ocrx_word' id='word_1_233' title='bbox 1365 1993 1520 2047; x_wconf 91' lang='lat' dir='ltr'>currit,</span> <span class='ocrx_word' id='word_1_234' title='bbox 1543 2000 1585 2034; x_wconf 86' lang='lat' dir='ltr'>et</span> <span class='ocrx_word' id='word_1_235' title='bbox 1610 1992 1722 2035; x_wconf 87' lang='lat' dir='ltr'>bona</span> <span class='ocrx_word' id='word_1_236' title='bbox 1748 1990 1809 2034; x_wconf 86' lang='lat' dir='ltr'>ci·-</span> 
     </span>
     <span class='ocr_line' id='line_1_27' title="bbox 424 2061 1258 2108; baseline -0.002 -1"><span class='ocrx_word' id='word_1_237' title='bbox 424 2064 531 2108; x_wconf 82' lang='lat' dir='ltr'>vitas</span> <span class='ocrx_word' id='word_1_238' title='bbox 549 2065 789 2108; x_wconf 80' lang='lat' dir='ltr'>mutatione</span> <span class='ocrx_word' id='word_1_239' title='bbox 809 2063 1022 2108; x_wconf 77' lang='lat' dir='ltr'>malorum</span> <span class='ocrx_word' id='word_1_240' title='bbox 1041 2061 1258 2106; x_wconf 85' lang='lat' dir='ltr'>conditur.</span> 
     </span>
    </p>

    <p class='ocr_par' dir='ltr' id='par_1_5' title="bbox 427 2132 1812 2474">
     <span class='ocr_line' id='line_1_28' title="bbox 487 2132 1811 2192; baseline -0.001 -15"><span class='ocrx_word' id='word_1_241' title='bbox 487 2137 606 2177; x_wconf 77' lang='lat' dir='ltr'>vm.</span> <span class='ocrx_word' id='word_1_242' title='bbox 639 2137 695 2177; x_wconf 74' lang='lat' dir='ltr'>Et</span> <span class='ocrx_word' id='word_1_243' title='bbox 717 2144 817 2177; x_wconf 86' lang='lat' dir='ltr'>sunt</span> <span class='ocrx_word' id='word_1_244' title='bbox 846 2135 937 2178; x_wconf 80' lang='lat' dir='ltr'>istae</span> <span class='ocrx_word' id='word_1_245' title='bbox 959 2133 1059 2177; x_wconf 76' lang='lat' dir='ltr'>duae</span> <span class='ocrx_word' id='word_1_246' title='bbox 1082 2133 1273 2177; x_wconf 79' lang='lat' dir='ltr'>civitates</span> <span class='ocrx_word' id='word_1_247' title='bbox 1294 2133 1517 2192; x_wconf 70' lang='lat' dir='ltr'>permixtae</span> <span class='ocrx_word' id='word_1_248' title='bbox 1545 2132 1739 2187; x_wconf 87' lang='lat' dir='ltr'>interim,</span> <span class='ocrx_word' id='word_1_249' title='bbox 1764 2133 1811 2176; x_wconf 89' lang='lat' dir='ltr'>in</span> 
     </span>
     <span class='ocr_line' id='line_1_29' title="bbox 427 2203 1812 2263; baseline -0.001 -15"><span class='ocrx_word' id='word_1_250' title='bbox 427 2204 513 2248; x_wconf 84' lang='lat' dir='ltr'>fine</span> <span class='ocrx_word' id='word_1_251' title='bbox 542 2205 820 2263; x_wconf 70' lang='lat' dir='ltr'>separandae,</span> <span class='ocrx_word' id='word_1_252' title='bbox 852 2203 1056 2248; x_wconf 84' lang='lat' dir='ltr'>adversus</span> <span class='ocrx_word' id='word_1_253' title='bbox 1091 2219 1134 2247; x_wconf 84' lang='lat' dir='ltr'>se</span> <span class='ocrx_word' id='word_1_254' title='bbox 1159 2203 1344 2247; x_wconf 84' lang='lat' dir='ltr'>invicem</span> <span class='ocrx_word' id='word_1_255' title='bbox 1375 2203 1683 2261; x_wconf 75' lang='lat' dir='ltr'>confligentes,</span> <span class='ocrx_word' id='word_1_256' title='bbox 1723 2218 1812 2246; x_wconf 88' lang='lat' dir='ltr'>una</span> 
     </span>
     <span class='ocr_line' id='line_1_30' title="bbox 427 2272 1811 2335; baseline -0.001 -17"><span class='ocrx_word' id='word_1_257' title='bbox 427 2291 506 2335; x_wconf 81' lang='lat' dir='ltr'>pro</span> <span class='ocrx_word' id='word_1_258' title='bbox 528 2275 755 2334; x_wconf 86' lang='lat' dir='ltr'>iniquitate</span> <span class='ocrx_word' id='word_1_259' title='bbox 772 2311 782 2329; x_wconf 97' lang='lat'>,</span> <span class='ocrx_word' id='word_1_260' title='bbox 809 2275 940 2319; x_wconf 89' lang='lat' dir='ltr'>altera</span> <span class='ocrx_word' id='word_1_261' title='bbox 966 2291 1044 2334; x_wconf 86' lang='lat' dir='ltr'>pro</span> <span class='ocrx_word' id='word_1_262' title='bbox 1068 2275 1256 2335; x_wconf 64' lang='lat' dir='ltr'>justitia,</span> <span class='ocrx_word' id='word_1_263' title='bbox 1281 2291 1367 2318; x_wconf 90' lang='lat' dir='ltr'>una</span> <span class='ocrx_word' id='word_1_264' title='bbox 1391 2290 1470 2334; x_wconf 85' lang='lat' dir='ltr'>pro</span> <span class='ocrx_word' id='word_1_265' title='bbox 1498 2275 1690 2318; x_wconf 82' lang='lat' dir='ltr'>vanitate</span> <span class='ocrx_word' id='word_1_266' title='bbox 1706 2309 1716 2329; x_wconf 84' lang='lat'>,</span> <span class='ocrx_word' id='word_1_267' title='bbox 1748 2272 1811 2318; x_wconf 87' lang='lat' dir='ltr'>al-</span> 
     </span>
     <span class='ocr_line' id='line_1_31' title="bbox 428 2343 1811 2405; baseline -0.001 -17"><span class='ocrx_word' id='word_1_268' title='bbox 428 2355 519 2389; x_wconf 86' lang='lat' dir='ltr'>tera</span> <span class='ocrx_word' id='word_1_269' title='bbox 535 2360 611 2403; x_wconf 88' lang='lat' dir='ltr'>pro</span> <span class='ocrx_word' id='word_1_270' title='bbox 630 2345 822 2388; x_wconf 83' lang='lat' dir='ltr'>veritate.</span> <span class='ocrx_word' id='word_1_271' title='bbox 850 2349 904 2389; x_wconf 76' lang='lat' dir='ltr'>Et</span> <span class='ocrx_word' id='word_1_272' title='bbox 923 2346 1158 2405; x_wconf 81' lang='lat' dir='ltr'>aliquando</span> <span class='ocrx_word' id='word_1_273' title='bbox 1182 2346 1272 2404; x_wconf 88' lang='lat' dir='ltr'>ipsa</span> <span class='ocrx_word' id='word_1_274' title='bbox 1294 2345 1541 2389; x_wconf 70' lang='lat' dir='ltr'>commixtio</span> <span class='ocrx_word' id='word_1_275' title='bbox 1565 2343 1811 2404; x_wconf 85' lang='lat' dir='ltr'>temporalis</span> 
     </span>
     <span class='ocr_line' id='line_1_32' title="bbox 430 2407 1808 2474; baseline -0.001 -16"><span class='ocrx_word' id='word_1_276' title='bbox 430 2412 559 2469; x_wconf 77' lang='lat' dir='ltr'>facit,</span> <span class='ocrx_word' id='word_1_277' title='bbox 595 2424 644 2457; x_wconf 86' lang='lat' dir='ltr'>ut</span> <span class='ocrx_word' id='word_1_278' title='bbox 676 2414 852 2474; x_wconf 85' lang='lat' dir='ltr'>quidam</span> <span class='ocrx_word' id='word_1_279' title='bbox 875 2407 1137 2474; x_wconf 82' lang='lat' dir='ltr'>pertinentes</span> <span class='ocrx_word' id='word_1_280' title='bbox 1171 2418 1225 2459; x_wconf 90' lang='lat' dir='ltr'>ad</span> <span class='ocrx_word' id='word_1_281' title='bbox 1257 2415 1475 2459; x_wconf 84' lang='lat' dir='ltr'>civitatem</span> <span class='ocrx_word' id='word_1_282' title='bbox 1501 2414 1808 2472; x_wconf 78' lang='lat' dir='ltr'>Babyloniam,</span> 
     </span>
    </p>
   </div>
   <div class='ocr_carea' id='block_1_5' title="bbox 431 2499 1810 2597">
    <p class='ocr_par' dir='ltr' id='par_1_6' title="bbox 431 2499 1810 2597">
     <span class='ocr_line' id='line_1_33' title="bbox 478 2499 1810 2543; baseline 0.001 -11"><span class='ocrx_word' id='word_1_283' title='bbox 478 2505 485 2523; x_wconf 90' lang='lat'>¹</span> <span class='ocrx_word' id='word_1_284' title='bbox 512 2501 608 2532; x_wconf 62' lang='lat' dir='ltr'>Josntz</span> <span class='ocrx_word' id='word_1_285' title='bbox 626 2511 716 2541; x_wconf 68' lang='lat' dir='ltr'>xvur,</span> <span class='ocrx_word' id='word_1_286' title='bbox 735 2500 790 2531; x_wconf 72' lang='lat'>23.</span> <span class='ocrx_word' id='word_1_287' title='bbox 811 2517 850 2521; x_wconf 89' lang='lat'>--</span> <span class='ocrx_word' id='word_1_288' title='bbox 872 2508 884 2522; x_wconf 80' lang='lat'>²</span> <span class='ocrx_word' id='word_1_289' title='bbox 905 2503 996 2533; x_wconf 83' lang='lat' dir='ltr'>Rom.</span> <span class='ocrx_word' id='word_1_290' title='bbox 1021 2512 1053 2533; x_wconf 78' lang='lat' dir='ltr'>v.</span> <span class='ocrx_word' id='word_1_291' title='bbox 1085 2513 1134 2543; x_wconf 83' lang='lat'>19.</span> <span class='ocrx_word' id='word_1_292' title='bbox 1155 2518 1194 2523; x_wconf 89' lang='lat'>—</span> <span class='ocrx_word' id='word_1_293' title='bbox 1215 2500 1228 2524; x_wconf 81' lang='lat'>3</span> <span class='ocrx_word' id='word_1_294' title='bbox 1245 2513 1255 2533; x_wconf 91' lang='lat'>1</span> <span class='ocrx_word' id='word_1_295' title='bbox 1279 2503 1349 2534; x_wconf 85' lang='lat' dir='ltr'>Cor.</span> <span class='ocrx_word' id='word_1_296' title='bbox 1371 2512 1426 2542; x_wconf 64' lang='lat' dir='ltr'>xv,</span> <span class='ocrx_word' id='word_1_297' title='bbox 1446 2509 1500 2533; x_wconf 79' lang='lat'>22.</span> <span class='ocrx_word' id='word_1_298' title='bbox 1517 2518 1559 2523; x_wconf 89' lang='lat'>—</span> <span class='ocrx_word' id='word_1_299' title='bbox 1588 2499 1603 2530; x_wconf 77' lang='grc'>4</span> <span class='ocrx_word' id='word_1_300' title='bbox 1617 2501 1736 2533; x_wconf 80' lang='lat' dir='ltr'>Coloss.</span> <span class='ocrx_word' id='word_1_301' title='bbox 1756 2513 1810 2542; x_wconf 77' lang='grc' dir='ltr'>ιιι,</span> 
     </span>
     <span class='ocr_line' id='line_1_34' title="bbox 431 2555 884 2597; baseline 0 -10"><span class='ocrx_word' id='word_1_302' title='bbox 431 2567 466 2597; x_wconf 80' lang='lat'>9,</span> <span class='ocrx_word' id='word_1_303' title='bbox 489 2566 538 2588; x_wconf 83' lang='lat'>10.</span> <span class='ocrx_word' id='word_1_304' title='bbox 562 2573 601 2577; x_wconf 85' lang='lat'>—</span> <span class='ocrx_word' id='word_1_305' title='bbox 628 2555 640 2578; x_wconf 77' lang='lat'><em>5</em></span> <span class='ocrx_word' id='word_1_306' title='bbox 662 2555 776 2597; x_wconf 76' lang='lat' dir='ltr'>Ephes.</span> <span class='ocrx_word' id='word_1_307' title='bbox 800 2567 833 2593; x_wconf 78' lang='lat' dir='ltr'>v,</span> <span class='ocrx_word' id='word_1_308' title='bbox 853 2556 884 2587; x_wconf 75' lang='lat' dir='ltr'>S.</span> 
     </span>
    </p>
   </div>
   <div class='ocr_carea' id='block_1_6' title="bbox 1819 0 1889 1466">
    <p class='ocr_par' dir='ltr' id='par_1_7' title="bbox 1819 0 1889 1466">
     <span class='ocr_line' id='line_1_35' title="bbox 1819 0 1889 1466; baseline 0 0"><span class='ocrx_word' id='word_1_309' title='bbox 1819 0 1889 1466; x_wconf 95' lang='lat' dir='ltr'> </span> 
     </span>
    </p>
   </div>
  </div>
 </body>
</html>
