1889 3285
219 256 460 287 ENAmzAno
493 261 507 285 1
538 259 585 285 m
616 257 819 286 PSALMUM
850 261 1013 298 vam,
1048 258 1185 288 smnio
1217 263 1248 288 1.
1356 251 1440 289 319

63 322 247 369 credidit
261 359 271 379 ,
296 321 473 383 quando
493 321 555 366 illi
579 321 833 368 defecerunt
847 326 876 367 1.
899 323 1009 368 Vide
1025 325 1221 368 membra
1243 325 1333 385 ejus
1353 325 1445 370 des-

62 395 258 454 perantia
283 413 293 438 :
317 393 493 437 attende
514 393 624 437 duos
645 393 740 438 illos
761 411 870 454 quos
886 403 983 454 post
1000 395 1358 439 resurrectionem
1381 396 1444 439 in-

0 489 1 493 =
63 465 183 509 venit
201 464 248 507 in
270 464 337 507 via
359 462 657 523 colloquentes
675 479 819 508 secum
833 499 843 514 ,
871 479 1058 524 quorum
1074 481 1188 509 unus
1209 474 1299 509 erat
1322 465 1446 510 Cleo-

62 533 367 594 phas,quando
375 532 681 578 detinebantur
692 534 805 578 oculi
815 549 964 578 eorum
974 550 1029 577 ne
1038 549 1136 578 eum
1148 545 1445 592 agnoscerent.

63 603 294 658 Quomodo
312 604 429 648 enim
448 602 585 647 oculis
615 613 900 662 agnoscerent
916 639 928 659 ,
963 619 984 648 a
1011 620 1100 665 quo
1116 614 1263 648 mente
1283 605 1447 649 tituba-

2 675 3 678 ’
24 685 30 688 “
63 676 191 719 rant?
210 678 395 719 Factum
414 683 505 718 erat
526 673 690 734 aliquid
722 675 764 718 in
793 674 930 719 oculis
962 691 1113 720 eorum
1134 674 1270 719 simile
1291 676 1448 720 mentis

61 745 271 805 ipsorum.
293 745 606 804 Loquebantur
627 746 742 788 enim
764 746 876 789 inter
893 761 938 790 se
953 781 964 801 ,
990 755 1033 790 et
1049 761 1150 790 cum
1168 745 1224 789 ab
1246 761 1298 790 eo
1326 761 1448 790 com-

62 815 331 875 pellarentur
346 815 464 859 unde
480 815 786 875 loquerentur,
808 816 1127 876 responderunt
1156 836 1165 861 :
1195 836 1215 859 «
1239 819 1306 860 Tu
1335 816 1450 861 solus

66 890 90 930 ‘a
115 885 399 945 peregrinaris
417 886 461 929 in
476 885 741 933 Jerusalem?
761 887 907 930 Nescis
934 903 1034 947 quae
1056 886 1169 931 facta
1195 897 1312 942 sunt,
1338 903 1450 947 quo-

65 975 87 998 »
105 956 236 1002 modo
245 959 268 1001 J
273 972 368 1001 esus
379 959 626 1002 Nazarenus
640 966 792 1016 potens
807 957 852 1000 in
866 956 991 1001 factis
1004 967 1045 1001 et
1058 957 1198 1013 dictis,
1210 959 1374 1003 occisus
1388 967 1452 1002 est

66 1045 89 1068 η
113 1042 137 1072 a
158 1027 399 1080 senioribus
419 1036 462 1071 et
473 1027 744 1086 principibus
757 1026 1058 1072 sacerdotum?
1078 1031 1134 1072 Et
1156 1044 1233 1073 nos
1246 1029 1451 1088 speraba-

67 1116 88 1143 »
114 1113 211 1142 mus
231 1097 352 1158 quod
368 1098 458 1157 ipse
475 1107 566 1142 erat
583 1097 888 1157 redempturus
908 1098 1107 1143 lsraew.»
1137 1102 1423 1158 Speraverant
1437 1135 1448 1155 ‚

65 1177 108 1213 et
129 1184 218 1212 non
240 1169 487 1227 sperabant.
514 1167 777 1213 Defecerunt
811 1168 926 1213 oculi
960 1185 1110 1214 eorum
1143 1171 1197 1214 ab
1236 1171 1449 1229 sperando

64 1238 109 1282 in
127 1241 266 1282 Deum
283 1239 490 1297 ipsorum.
514 1241 634 1297 Ipsos
655 1254 758 1297 ergo
779 1239 826 1282 in
841 1255 885 1282 se
903 1241 1205 1299 tranfiguravit
1228 1240 1415 1286 dicendo
1434 1276 1445 1297 ‚

69 1327 90 1354 «
122 1307 386 1353 Defecerant
408 1307 523 1352 oculi
545 1309 629 1352 mei
659 1309 714 1352 ab
746 1309 959 1368 sperando
994 1311 1040 1354 in
1074 1313 1214 1355 Deum
1240 1326 1402 1355 meum.
1427 1329 1451 1353 »

0 1415 2 1419 ,
65 1380 189 1423 Hanc
206 1393 327 1437 spem
342 1377 552 1433 reddidit,
567 1377 744 1438 quando
766 1379 981 1424 cicatrices
1000 1379 1236 1440 palpandas
1259 1381 1447 1427 obtulit:

10 1471 12 1473 ·
65 1463 173 1507 quas
193 1463 295 1492 cum
316 1447 524 1505 tetigisset
548 1449 754 1499 Thomas,
782 1448 910 1494 rediit
946 1449 1002 1494 ad
1033 1465 1153 1510 spem
1183 1467 1316 1511 quam
1346 1467 1449 1512 per-

64 1517 235 1564 diderat
249 1553 260 1573 ‚
284 1527 328 1562 et
349 1518 625 1563 exclamavit:
650 1537 670 1561 «
693 1519 904 1563 Dominus
921 1535 1042 1564 meus
1065 1530 1108 1565 et
1130 1525 1245 1566 Deus
1260 1538 1397 1568 meus.
1426 1542 1447 1564 »

65 1589 328 1634 Defecerant
348 1588 464 1633 oculi
480 1589 546 1632 tui
569 1589 624 1633 ab
641 1589 853 1649 sperando
871 1590 915 1634 in
932 1593 1071 1635 Deum
1085 1601 1212 1636 tuum
1234 1611 1242 1637 :
1267 1593 1452 1653 palpasti

67 1660 285 1704 cicatrices
310 1694 322 1714 ‚
359 1669 402 1702 et
436 1659 639 1703 invenisti
670 1663 809 1704 Deum
844 1669 970 1704 tuum
1004 1680 1012 1705 ε
1042 1662 1227 1721 palpasti
1269 1662 1454 1708 formam

67 1730 203 1785 servi,
224 1739 268 1773 et
289 1730 530 1788 cognovisti
551 1730 785 1774 Dominum
808 1739 949 1774 tuum.
977 1732 1059 1776 Cui
1079 1741 1226 1776 tamen
1247 1734 1339 1793 ipse
1362 1738 1452 1779 Do-

0 1816 9 1850 ῑι
67 1800 211 1848 minus
232 1800 316 1844 ait:
343 1819 364 1842 «
379 1799 491 1853 Quia
513 1799 656 1843 vidisti
676 1835 687 1855 ‚
722 1799 956 1844 credidisti.
977 1804 1034 1845 Et
1055 1817 1133 1846 nos
1154 1805 1453 1862 praenuntians

0 2222 14 2759 *me

67 1886 174 1916 voce
195 1869 500 1915 misericordiae
524 1886 635 1914 suae:
668 1889 687 1912 ι(
711 1871 856 1926 Beati,
889 1871 1057 1931 inquit,
1088 1874 1162 1933 qui
1191 1890 1281 1918 non
1302 1875 1454 1921 vident

72 1959 94 1986 ι
128 1950 170 1986 et
187 1940 416 2000 credunt-3.
434 1939 697 1985 Defecerunt
717 1940 833 1985 oculi
849 1942 933 1985 mei
946 1942 1001 1986 ab
1023 1943 1236 2003 sperando
1253 1945 1299 1988 in
1316 1949 1455 1991 Deum

72 2029 95 2054 n
128 2027 290 2056 meum.
315 2029 334 2053 »

129 2085 210 2127 lx.
235 2101 256 2124 «
280 2080 556 2141 Multiplicati
579 2090 680 2126 sunt
714 2098 843 2142 super
859 2082 1037 2142 capillos
1063 2084 1212 2143 capitis
1240 2086 1354 2142 mei,
1379 2089 1455 2148 qui

73 2170 96 2199 a
129 2151 318 2197 oderunt
338 2167 408 2195 me
422 2152 553 2210 gratis
571 2153 602 2195 ⁴.
632 2171 652 2194 »
679 2155 820 2205 Quam
838 2152 1145 2212 multiplicati?
1166 2157 1222 2199 Ut
1249 2155 1458 2203 adderent

71 2223 154 2268 sihi
175 2238 313 2267 unum
335 2238 387 2266 ex
402 2221 675 2266 duodecim⁵.
696 2242 715 2264 «
728 2222 1007 2283 Multiplicati
1025 2234 1127 2268 sunt
1141 2241 1269 2285 super
1284 2227 1460 2287 capillos

75 2311 98 2339 ι
130 2293 279 2352 capitis
299 2293 384 2336 mei
410 2292 490 2352 qui
512 2291 701 2337 oderunt
720 2309 790 2337 me
814 2294 955 2351 gratis.
981 2313 1001 2336 »
1025 2295 1201 2355 capillis
1229 2299 1378 2358 capitis
1395 2300 1461 2344 sui

73 2363 341 2423 comparavit
352 2363 546 2407 inimicos
562 2378 675 2408 suos.
694 2363 852 2409 Merito
869 2365 950 2408 rasi
970 2375 1088 2421 sunt,
1108 2368 1286 2427 quando
1302 2369 1347 2412 in
1364 2370 1461 2414 loco

74 2433 283 2480 Calvariae
302 2434 534 2479 crucifixus
551 2443 615 2479 est
629 2437 663 2479 ⁶.
688 2435 915 2496 Accipiant
941 2437 1135 2482 membra
1152 2454 1301 2483 vocem
1323 2441 1457 2496 hanc,

121 2535 133 2552 ¹
152 2530 229 2561 Luc.
248 2540 336 2570 xxm,
356 2528 411 2571 42.
438 2545 482 2552 —-
497 2536 510 2551 ²
529 2529 576 2562 Id.
598 2540 684 2571 κων,
718 2529 829 2562 13-21.
858 2547 901 2553 —
921 2529 934 2554 3
953 2532 1047 2564 Joan.
1071 2543 1106 2575 x,
1128 2533 1184 2576 28,
1204 2535 1258 2568 29.
1278 2551 1319 2558 —-
1342 2533 1359 2565 4
1376 2535 1459 2568 Psal.

75 2593 183 2627 xxviii,
202 2584 235 2617 5.
253 2601 295 2607 —
309 2582 325 2607 5
338 2582 559 2626 Matth.xxv1‚
589 2581 641 2626 14.
660 2601 702 2607 —-
723 2583 737 2607 6
757 2585 804 2618 Id.
826 2596 925 2627 xxvxi,
946 2586 999 2619 33.
