1889 3285
369 221 450 260 508
803 232 837 261 s.
873 233 1103 264 Ausus‘nm
1135 236 1316 265 Emscom

367 298 422 342 ad
447 297 724 342 Timotheum
745 299 935 344 scribens
969 319 978 345 :
1008 318 1028 342 «
1051 302 1220 345 Memor
1242 310 1332 346 esto
1360 303 1508 346 Jesum
1530 300 1750 347 Christum

367 386 387 409 »
433 370 709 414 resurrexisse
746 385 770 414 a
800 370 983 415 mortuis
1015 386 1065 414 ex
1099 371 1262 415 semine
1306 371 1476 427 David,
1510 371 1750 416 secundum

367 455 387 478 »
423 438 711 497 Evangelium
733 455 881 484 meum
897 442 926 484 ¹.
950 459 971 482 »
992 443 1055 485 De
1077 439 1192 485 Juda
1213 440 1329 485 enim
1347 442 1504 497 David,
1528 451 1573 486 et
1589 457 1641 485 ex
1663 444 1752 485 Da-

364 508 436 552 vid
460 509 670 556 Dominus
691 513 814 554 Jesus
849 511 1061 556 Christus
1087 514 1175 557 Nos
1206 510 1430 556 credentes
1457 512 1504 556 in
1529 512 1753 557 Christum

363 579 632 638 pertinemus
655 580 711 625 ad
723 580 884 626 Judam
911 601 920 627 ι
946 591 989 626 et
1012 597 1090 627 nos
1104 582 1387 642 eognovimus
1409 582 1655 640 Christum3
1675 583 1752 643 qui

363 648 498 693 oculis
520 666 610 695 non
630 651 816 696 vidimus
835 687 846 707 ,
877 651 963 696 fide
993 653 1245 697 retinemus.
1279 654 1379 698 Non
1405 667 1506 711 ergo
1542 651 1753 698 insultent

363 721 387 763 J
392 719 528 775 udaei‚
550 722 625 781 qui
643 722 733 781 jam
755 737 845 766 non
864 731 967 766 sunt
983 725 1007 766 J
1012 722 1142 766 udaei.
1165 722 1250 782 Ipsi
1266 723 1494 767 dixerunt:
1515 741 1536 764 «
1553 725 1640 768 Nos
1661 738 1752 768 non

366 808 386 831 »
421 791 633 836 habemus
655 807 800 851 regem
817 828 827 848 ,
847 793 928 837 nisi
950 795 1180 838 Caesarem.
1204 811 1224 835 »
1247 796 1357 839 Nam
1376 793 1529 838 melius
1546 793 1628 838 illis
1641 804 1749 850 erat,

306 888 309 891 -
362 870 412 906 ut
431 878 503 906 rex
526 862 702 908 illorum
730 873 839 909 esset
855 865 1081 921 Christus,
1107 880 1159 909 ex
1186 865 1348 909 semine
1371 865 1510 910 David
1543 865 1597 909 de
1632 865 1753 910 tribu

362 933 491 978 Juda.
521 937 684 979 Tamen
712 936 815 995 quia
835 937 926 996 ipse
948 936 1144 982 Christus
1173 952 1224 980 ex
1246 937 1409 981 semine
1430 935 1568 981 David
1595 953 1753 983 secun-

361 1002 468 1048 dum
491 1020 689 1061 carnem,
709 1009 822 1051 Deus
845 1015 991 1051 autem
1014 1022 1143 1067 super
1160 1007 1307 1052 omnia
1330 1007 1586 1052 benedictus
1609 1008 1654 1052 in
1672 1024 1752 1052 sae·

361 1074 458 1118 cula
471 1110 482 1130 ,
502 1076 592 1134 ipse
607 1091 681 1120 rex
696 1085 843 1121 noster
858 1087 924 1122 est
937 1087 980 1122 et
991 1081 1107 1122 Deus
1128 1087 1301 1135 noster3
1325 1093 1398 1121 rex
1419 1087 1580 1133 noster,
1600 1094 1754 1123 secun-

361 1145 469 1187 dum
490 1146 612 1204 quod
648 1155 775 1191 natus
812 1156 949 1191 estex
985 1148 1106 1192 tribu
1128 1147 1243 1192 Juda
1274 1148 1516 1192 secundum
1546 1163 1747 1204 earnem,

360 1214 557 1259 Christus
579 1215 789 1259 Dominus
825 1216 1051 1274 Salvator3
1077 1222 1186 1261 Deus
1216 1225 1362 1261 autern
1386 1226 1555 1273 noster,
1582 1218 1659 1279 qui
1687 1227 1751 1263 est

360 1294 460 1328 ante
482 1285 643 1329 Judam
659 1321 669 1341 ,
696 1295 739 1330 et
758 1294 858 1330 ante
888 1285 1051 1330 coelum
1073 1295 1116 1330 et
1147 1295 1330 1343 terram,
1355 1303 1432 1346 per
1465 1303 1598 1348 quem
1633 1289 1750 1333 facta

359 1365 461 1400 sunt
483 1357 629 1401 onmia
644 1391 655 1412 ‚
687 1366 731 1401 et
752 1357 958 1417 spiritalia
991 1367 1033 1402 et
1055 1357 1309 1418 corporalia.
1344 1359 1387 1403 Si
1410 1360 1525 1403 enim
1553 1378 1574 1402 «
1594 1359 1751 1404 Omnia

362 1444 381 1467 »
417 1442 494 1486 per
510 1428 653 1487 ipsum
676 1427 789 1473 faeta
810 1437 934 1487 s'unt3
955 1447 975 1470 »
997 1438 1041 1473 et
1060 1429 1152 1489 ipsa
1174 1430 1308 1475 Maria
1327 1428 1381 1474 de
1399 1446 1486 1491 qua
1507 1439 1635 1475 natus
1657 1440 1746 1486 est,

357 1513 434 1556 per
458 1499 599 1558 ipsum
616 1497 728 1543 facta
749 1508 827 1543 est.
859 1499 1091 1552 Quomodo
1115 1515 1218 1559 ergo
1240 1499 1315 1544 ille
1344 1501 1467 1560 quasi
1489 1502 1634 1545 caeteri
1665 1502 1749 1546 ho-

357 1569 495 1613 mines
509 1579 774 1624 nasceretur,
794 1570 870 1628 qui
887 1570 967 1612 sibi
981 1569 1085 1614 fecit
1101 1579 1285 1614 matrem
1300 1569 1354 1614 de
1371 1587 1455 1631 qua
1476 1574 1750 1616 nasceretur?

356 1641 471 1697 Ergo
493 1639 582 1698 ipse
614 1640 825 1683 Dominus
863 1659 872 1684 :
902 1640 1113 1700 Apostolo
1143 1641 1339 1697 dicente,
1371 1657 1470 1685 eum
1494 1633 1749 1702 loqueretur

357 1710 411 1752 de
434 1708 624 1754 Judaeis:
654 1729 674 1752 ς(
705 1714 899 1762 Quorum
925 1720 1095 1771 patres,
1128 1721 1172 1756 et
1199 1727 1249 1756 ex
1280 1712 1440 1772 quibus
1464 1722 1528 1757 est
1555 1714 1748 1759 Christus

358 1798 378 1821 »
414 1780 657 1825 secundum
680 1797 854 1825 earnem
875 1817 886 1837 ‚
912 1782 988 1842 qui
1010 1791 1072 1827 est
1095 1798 1224 1843 super
1247 1785 1393 1828 omnia
1409 1787 1524 1829 Deus
1547 1784 1750 1830 benedie-

357 1869 376 1891 »
414 1860 482 1894 tus
499 1851 545 1894 in
566 1851 724 1896 saecula
738 1855 770 1895 2,
800 1872 819 1893 »
845 1852 957 1906 Quia
978 1868 1081 1912 ergo
1104 1856 1128 1897 J
1134 1853 1248 1898 udaei
1270 1853 1478 1899 viderunt
1505 1855 1745 1910 Christum,

353 1930 396 1965 et
417 1922 745 1977 erucifixerunt,
771 1939 860 1967 non
883 1922 1087 1968 viderunt
1105 1927 1246 1968 Deum
1267 1941 1276 1965 :
1299 1927 1458 1969 Gentes
1475 1932 1622 1967 autem
1646 1924 1748 1983 quia

352 2008 441 2036 non
467 1992 671 2037 viderunt
687 2029 697 2049 ,
721 2003 766 2038 et
788 1993 1094 2049 crediderunt,
1126 1993 1435 2038 intellexerunt
1456 1996 1606 2036 Deum.
1630 1996 1746 2053 Ergo

352 2064 385 2106 si
407 2063 600 2107 innotuit
621 2063 680 2108 eis
698 2067 812 2108 Deus
826 2065 872 2108 in
885 2064 1057 2109 Christo
1080 2062 1297 2106 mundum
1321 2062 1606 2107 reconcilians
1624 2064 1741 2120 sibi3,

351 2143 394 2178 et
413 2134 510 2178 ideo
547 2134 610 2178 illi
645 2136 972 2188 erucifixerunt,
1003 2134 1104 2194 quia
1137 2134 1183 2176 in
1210 2148 1339 2177 carne
1366 2133 1575 2178 latentem
1604 2138 1744 2180 Deum

350 2221 440 2249 non
471 2206 779 2250 intellexerunt
803 2241 814 2260 ,
852 2205 1026 2249 recedat
1057 2203 1127 2247 illa
1160 2220 1260 2264 quae
1291 2214 1471 2248 vocatur
1494 2204 1669 2262 Judaea,
1699 2216 1744 2251 et

350 2291 439 2320 non
469 2286 532 2320 est
552 2298 562 2334 3
589 2277 764 2320 accedat
785 2291 885 2320 vera
907 2278 931 2320 J
937 2275 1085 2331 udaea,
1112 2275 1182 2319 eui
1205 2274 1365 2320 dicitur
1393 2295 1400 2320 :
1423 2296 1442 2318 «
1463 2276 1668 2321 Accedite
1686 2277 1742 2322 ad

352 2365 372 2388 »
408 2362 525 2402 eum,
541 2356 584 2391 et
600 2346 925 2402 illuminamini,
943 2357 986 2391 et
999 2346 1145 2391 vultus
1163 2347 1291 2391 vestri
1305 2363 1393 2391 non
1411 2348 1737 2393 erubescent4.»

349 2417 506 2462 Vultus
527 2433 640 2462 verae
669 2419 834 2463 Judaeae
866 2434 957 2463 non
993 2416 1337 2463 confundentur,
1373 2419 1547 2463 Etenim
1582 2419 1736 2464 audie-

397 2531 407 2547 ¹
427 2534 446 2556 τ).
464 2526 544 2559 Tim.
561 2537 597 2567 n,
616 2529 648 2559 8.
669 2543 711 2550 —
731 2533 743 2549 ²
760 2529 850 2559 Rom.
871 2538 918 2568 ις,
942 2526 973 2558 5.
990 2543 1031 2549 -
1052 2524 1065 2549 3
1079 2534 1098 2559 2
1118 2529 1190 2559 Cor.
1210 2538 1245 2567 v,
1270 2538 1320 2569 ¹9-
1341 2545 1379 2550 —
1401 2526 1417 2557 4
1436 2527 1518 2560 psal.
1539 2528 1651 2569 xxxiii,
1672 2528 1704 2560 5.
