1889 3285
369 303 611 334 ENARRATIO
641 308 686 334 ΙΝ
719 306 922 335 PsALMUM
953 309 1070 341 LXVI.
1339 293 1418 333 251

48 373 235 428 Simeon,
261 387 389 417 senex
403 371 492 427 ille,
516 372 711 433 inquam,
736 375 782 417 in
797 373 1048 433 Evangelio,
1073 382 1264 418 servatus
1285 389 1425 419 anno-

45 460 116 489 sus
136 459 274 504 usque
295 443 352 487 ad
373 441 602 486 infantiam
618 444 781 487 Verbi?
803 445 980 505 Accepit
999 445 1113 488 enim
1136 460 1266 489 senex
1286 444 1359 489 ille
1379 446 1424 490 in

43 514 245 559 manibus
266 513 351 557 suis
372 512 584 557 infantem
615 515 808 559 Verbum
831 516 922 560 Dei.
949 515 1032 568 Qui
1056 524 1099 559 et
1119 515 1165 558 in
1189 524 1314 560 utero
1335 532 1424 561 esse

43 584 245 643 dignatus
273 593 360 639 est,
385 584 431 628 in
456 585 656 630 manibus
680 586 789 630 senis
811 602 900 631 esse
916 585 1253 645 dedignaretur?
1275 586 1353 631 Ille
1378 587 1424 631 in

43 665 168 701 utero
192 655 399 713 Virginis,
424 655 499 715 qui
521 655 566 699 in
598 656 797 701 manibus
819 659 954 715 senis,
984 657 1181 701 infirmus
1213 656 1356 701 infans
1382 667 1427 703 et

43 726 156 771 intra
171 726 332 770 viscera
349 735 392 770 et
412 725 456 769 in
478 726 678 770 manibus
700 727 826 782 senis,
852 727 908 772 ad
928 726 1116 772 dandam
1141 727 1267 773 nobis
1288 728 1426 772 firmi-

42 806 194 851 tatem,
217 811 294 856 per
323 786 454 856 quem
477 794 588 840 facta
611 806 710 842 sunt
735 798 876 841 onmia
895 819 906 855 3
930 800 990 856 (et
1013 798 1047 842 si
1073 798 1216 842 omnia
1234 833 1245 853 ,
1271 807 1314 842 et
1335 798 1425 857 ipsa

42 876 181 912 mater
207 885 215 910 :
240 866 393 924 )venit
413 865 605 921 humilis,
625 867 744 911 venit
765 868 978 923 infirmus,
1005 868 1078 913 sed
1101 868 1280 913 indutus
1300 870 1424 913 infir-

42 939 194 982 mitate
214 937 423 981 mutanda
443 956 452 981 ;
483 955 502 978 α
527 937 637 990 Quia
661 938 739 982 etsi
757 939 985 983 crucifixus
1001 949 1064 983 est
1085 956 1135 983 ex
1157 940 1421 996 infirmitate,

45 1026 66 1050 »
101 1008 177 1052 sed
197 1008 302 1052 vivit
328 1023 379 1051 ex
400 1008 560 1051 virtute
582 1008 702 1063 Der,
723 1026 742 1049 »
769 1009 1002 1069 Apostolus
1032 1010 1106 1054 ait.
1130 1014 1234 1054 Erat
1256 1026 1358 1069 ergo
1379 1011 1426 1054 in

0 1133 1 1147 χ
41 1080 244 1124 manibus
262 1079 388 1123 senis.
412 1083 468 1124 Et
491 1079 597 1140 quid
618 1079 675 1124 ait
697 1096 823 1124 senex
851 1081 954 1125 ille?
975 1081 1083 1142 quid
1105 1085 1178 1136 ait,
1205 1081 1426 1141 gratulans

41 1150 162 1211 quod
179 1151 267 1211 jam
286 1150 519 1194 solvendus
540 1151 640 1194 hinc
660 1160 788 1205 esset,
814 1150 963 1195 videns
985 1152 1070 1196 suis
1092 1152 1292 1196 manibus
1317 1168 1425 1197 con-

0 1239 1 1265 ³
41 1221 169 1266 tineri
191 1237 213 1264 a
241 1237 330 1281 quo
352 1231 395 1265 et
416 1222 461 1264 in
482 1237 569 1281 quo
587 1220 699 1265 salus
719 1222 809 1281 ejus
832 1222 1169 1267 continebatur?
1195 1241 1215 1265 «
1240 1226 1336 1268 Jam
1358 1222 1427 1267 di-

42 1310 65 1335 »
98 1293 248 1345 mittis,
269 1292 426 1351 inquit,
447 1292 646 1346 Domine,
665 1307 835 1336 servum
858 1301 982 1337 tuum
1009 1294 1054 1336 in
1072 1309 1192 1353 pace,
1217 1294 1423 1354 quoniam

42 1380 64 1406 »
96 1362 301 1407 viderunt
321 1360 437 1405 oculi
458 1361 539 1404 mei
564 1361 748 1405 salutare
765 1364 927 1406 tuum2.
952 1383 968 1403 »
991 1366 1122 1422 Ergo,
1147 1382 1167 1405 «
1191 1363 1426 1409 Benedicat

44 1450 64 1476 »
99 1449 177 1477 nos
198 1436 326 1486 Deus,
353 1442 396 1476 et
417 1432 668 1475 misereatur
688 1434 838 1487 nostri,
864 1433 1082 1478 illuminet
1103 1434 1274 1479 vultum
1297 1450 1424 1479 suum

43 1521 64 1546 »
99 1519 228 1562 super
258 1518 356 1557 nos,
386 1511 436 1545 ut
469 1517 780 1560 cognoscamus
809 1504 853 1547 in
880 1514 991 1548 terra
1018 1505 1132 1549 viam
1158 1514 1294 1549 tuam.
1324 1524 1344 1547 »
1373 1509 1425 1550 In

40 1590 126 1635 qua
148 1575 289 1618 terra?
308 1575 407 1630 «hln
429 1573 631 1617 omnibus
647 1574 864 1632 gentibus.
892 1593 912 1616 »
932 1578 1074 1629 Quam
1094 1576 1238 1621 viam?
1259 1595 1279 1619 α
1305 1576 1426 1622 Salu-

43 1662 64 1687 »
98 1654 188 1689 tare
210 1653 350 1688 tuum.
379 1660 400 1684 »

99 1718 176 1760 VI.
212 1715 328 1768 Quid
357 1714 574 1774 sequitur,
600 1715 700 1774 quia
731 1716 1005 1773 cognoscitur
1026 1718 1070 1760 in
1092 1725 1206 1761 terra
1231 1717 1301 1762 via
1323 1718 1422 1774 Dei,

39 1787 142 1848 quia
164 1785 438 1845 cognoscitur
454 1785 500 1829 in
515 1786 716 1829 omnibus
734 1787 936 1844 gentibus
952 1787 1137 1832 salutare
1153 1788 1260 1833 Dei?
1278 1807 1297 1830 «
1314 1791 1426 1833 Con-

41 1876 63 1901 »
98 1858 306 1902 fiteantur
335 1855 414 1898 tibi
445 1855 613 1914 populi,
650 1858 786 1914 Deus3
822 1859 1112 1903 confiteantur
1134 1858 1229 1914 tibi,
1261 1859 1420 1919 inquit,

42 1947 63 1972 »
97 1928 250 1990 populi
280 1933 471 1974 omnesss.
496 1946 515 1968 »
535 1929 686 1973 Existit
718 1928 968 1984 haereticus,
1002 1938 1045 1973 et
1077 1928 1181 1973 dicit
1211 1949 1221 1974 2
1252 1933 1358 1988 Ego
1378 1929 1424 1973 in

39 2000 184 2048 Africa
206 2001 390 2062 populos
419 2001 562 2045 habeo
583 2020 594 2056 3
627 2009 670 2043 et
691 1998 799 2043 alius
826 2015 876 2043 ex
907 1999 988 2043 alia
1014 2008 1136 2059 parte
1163 2020 1171 2044 :
1200 2003 1257 2044 Et
1279 2015 1357 2058 ego
1378 2001 1423 2044 in

39 2072 205 2117 Galatia
227 2072 411 2132 populos
437 2072 593 2116 habeo.
622 2074 686 2115 Tu
708 2071 753 2115 in
771 2071 931 2126 Africa,
961 2069 1034 2115 ille
1057 2071 1102 2115 in
1120 2069 1287 2116 Galatia
1309 2091 1317 2116 :
1343 2087 1422 2130 ego

38 2142 161 2188 illum
180 2160 326 2204 quaero
344 2143 420 2204 qui
432 2143 597 2202 ubique
613 2142 760 2185 habet.
783 2144 909 2186 Certe
927 2140 982 2185 ad
995 2142 1119 2186 istam
1134 2158 1285 2186 vocem
1301 2142 1423 2187 exul-

38 2223 130 2258 tare
156 2230 231 2259 vos
253 2215 344 2258 ausi
362 2215 475 2269 estis,
494 2213 702 2273 quoniam
729 2211 905 2256 audistis
934 2232 942 2257 :
973 2232 993 2254 «
1019 2213 1321 2257 Confiteantur
1341 2214 1422 2257 tihi

42 2301 63 2326 »
97 2284 276 2344 populi,
313 2288 441 2328 Deus.
471 2302 491 2324 »
529 2282 688 2328 Audite
709 2292 963 2343 sequentem
983 2298 1182 2337 versum,
1209 2284 1309 2343 quia
1333 2299 1422 2329 non

41 2355 96 2400 de
119 2365 240 2415 parte
272 2356 466 2417 loquitur
496 2374 505 2400 :
542 2374 560 2395 «
588 2355 889 2401 Confiteantur
910 2355 988 2398 tibi
1012 2354 1163 2415 populi
1202 2371 1364 2399 omnes.
1398 2373 1417 2396 »

39 2426 271 2472 Ambulate
293 2428 338 2470 in
358 2427 427 2471 via
447 2442 548 2471 cum
569 2426 772 2470 omnibus
803 2425 1004 2484 gentibus
1018 2461 1028 2480 ,
1055 2425 1274 2470 ambulate
1291 2427 1335 2470 in
1353 2426 1421 2470 via

39 2511 140 2541 cum
163 2497 365 2542 omnibus
386 2496 573 2556 populis,
607 2512 634 2541 o
655 2495 734 2540 filii
756 2496 886 2555 pacis,
909 2495 986 2539 filii
1007 2496 1147 2539 unicae
1165 2495 1416 2550 Catholicae,

41 2567 261 2612 ambulate
286 2568 331 2610 in
352 2568 419 2611 via
436 2603 446 2623 ,
468 2575 638 2612 cantate
660 2566 946 2611 ambulantes.
982 2567 1168 2611 Faciunt
1185 2567 1268 2612 hoc
1291 2567 1419 2611 viato-

90 2658 98 2673 ¹
117 2660 135 2682 2
154 2653 224 2683 Cor.
245 2663 316 2692 xm,
331 2650 362 2693 4.
388 2669 428 2674 ——
448 2659 460 2674 ²
477 2653 553 2684 Luc.
570 2662 604 2691 u,
624 2660 680 2692 29,
701 2651 751 2684 30,
774 2668 811 2672 —
838 2650 851 2673 3
866 2651 943 2683 Psal.
967 2662 1052 2689 mvr,
1074 2650 1114 2694 [4.-
