1889 3285
370 192 451 230 528
808 199 842 227 s.
879 201 1110 229 Auous'nm
1144 203 1323 229 Emscom

367 265 554 310 humiles
576 265 661 309 sint
677 280 848 309 necesse
865 275 929 310 est
961 285 970 310 2
995 267 1282 325 perdiderunt
1309 267 1509 326 spiritum
1532 281 1683 322 suum,
1710 276 1754 310 et

369 336 579 395 Spiritum
602 335 679 379 Dei
701 335 882 379 habent.
906 339 943 380 Α
963 352 1052 396 quo
1073 335 1359 396 perdiderunt
1379 337 1575 397 spiritum
1592 338 1753 380 suum?

365 408 436 451 Ab
459 407 534 451 illo
550 407 625 467 qui
642 405 784 451 aufert
808 408 1007 466 spiritum
1025 408 1288 467 principum.
1314 407 1680 468 Quandoquidem
1691 407 1756 451 di-

366 477 480 522 citur
492 477 531 521 ei
544 477 590 520 in
602 476 685 522 alio
695 476 792 522 loco
810 497 820 523 z
841 497 858 518 (ι
871 477 1053 522 Auferes
1067 479 1266 538 spiritum
1281 494 1449 533 eorum,
1474 489 1516 523 et
1530 477 1750 532 deficient,

369 567 389 590 »
429 558 472 593 et
504 549 548 592 in
577 548 804 608 pulverem
830 565 957 593 suum
979 558 1304 594 convertentur.
1327 549 1512 594 Emittes
1546 548 1753 608 Spiritum

368 637 389 660 »
425 627 568 673 tuum,
585 628 629 663 et
640 620 926 674 creabuntur,
942 629 985 664 et
1008 619 1235 664 innovabis
1258 619 1412 664 faciem
1424 621 1586 663 terrae¹.
1607 638 1626 660 »
1652 621 1755 664 Nes-

365 689 433 733 cio
459 689 556 749 quis
570 689 782 734 intellexit
793 689 983 750 aliquid,
999 705 1127 734 suum
1147 689 1245 735 vult
1262 705 1351 734 esse
1363 725 1373 744 ,
1390 689 1538 733 adhuc
1555 689 1754 748 spiritum

366 776 494 804 suum
516 761 651 805 habet
672 782 682 819 3
705 761 871 806 bonum
894 770 958 805 est
978 760 1039 805 illi
1072 770 1122 805 ut
1137 761 1292 821 perdat
1312 760 1510 820 spiritum
1535 775 1688 813 suum,
1711 767 1755 803 et

364 831 524 876 habeat
548 831 758 891 Spiritum
779 832 882 877 Dei:
903 832 1047 876 adhuc
1068 832 1182 876 inter
1198 832 1412 892 principes
1428 830 1621 890 superbit
1639 851 1650 888 3
1669 830 1754 874 bo-

365 917 473 946 num
495 911 558 946 est
581 913 632 946 ut
660 904 810 947 redeat
837 903 894 947 ad
924 902 1150 963 pulverem
1180 918 1307 946 suum
1323 937 1334 957 ,
1371 911 1415 945 et
1447 901 1588 946 dicat:
1614 920 1635 943 «
1656 903 1753 945 Me-

371 993 388 1013 »
414 982 563 1017 mento
584 1008 595 1028 ,
622 973 822 1029 Domine,
846 974 949 1034 quia
972 973 1113 1033 pulvis
1127 976 1316 1017 sumus&
1344 991 1364 1013 η
1384 973 1426 1017 Si
1448 972 1563 1016 enim
1581 981 1623 1016 te
1646 986 1754 1016 con-

365 1041 500 1087 fessus
522 1043 657 1087 fueris
679 1043 931 1104 pulverem3
956 1047 1071 1088 Deus
1094 1043 1148 1087 de
1171 1042 1349 1103 pulvere
1382 1041 1486 1086 facit
1513 1042 1749 1086 hominem.

365 1116 526 1159 Omnes
549 1115 625 1175 qui
646 1115 692 1158 in
709 1116 895 1160 circuitu
908 1117 1000 1176 ejus
1018 1125 1135 1169 sunt,
1159 1115 1352 1159 offerunt
1371 1129 1566 1157 munera.
1591 1115 1753 1157 Omnes

366 1184 551 1229 humiles
588 1187 853 1230 confitentur
886 1187 925 1230 ei
943 1222 954 1241 ,
992 1196 1035 1230 et
1072 1185 1257 1230 adorant
1293 1200 1407 1228 eum.
1439 1203 1459 1226 «
1496 1182 1693 1228 Terribili
1728 1202 1747 1225 »

365 1255 559 1299 offerunt
580 1272 774 1300 munera.
798 1256 922 1301 Unde
935 1256 1118 1301 terribili
1140 1276 1158 1298 «
1179 1254 1382 1300 Exultate
1399 1270 1499 1299 cum
1522 1256 1749 1298 tremoress.

367 1344 387 1366 »
424 1329 481 1369 Et
499 1326 536 1370 ei
552 1328 627 1386 qui
645 1326 789 1371 aufert
811 1327 1012 1387 spiritum
1028 1326 1277 1387 principum
1300 1345 1307 1370 :
1340 1347 1356 1367 »
1374 1325 1416 1368 id
1436 1334 1518 1380 est,
1545 1324 1658 1369 tollit
1675 1341 1755 1369 au-

364 1395 534 1440 daciam
555 1398 861 1456 superborum.
884 1417 912 1440 1<
935 1397 1135 1441 Terribili
1157 1396 1275 1456 apud
1295 1412 1415 1455 reges
1437 1405 1577 1440 terrae.
1602 1414 1622 1437 »
1646 1398 1752 1439 Ter-

364 1466 510 1510 ribiles
532 1477 634 1511 sunt
664 1483 782 1526 reges
810 1480 933 1512 terrae
949 1504 959 1523 ,
985 1468 1061 1512 sed
1082 1467 1154 1512 ille
1177 1483 1307 1527 super
1324 1482 1494 1521 omnes,
1523 1467 1599 1526 qui
1624 1475 1754 1510 terret

364 1552 483 1594 reges
506 1546 647 1581 terrae.
675 1541 780 1582 Esto
805 1554 879 1582 rex
914 1548 1060 1591 terrae,
1095 1547 1138 1579 et
1167 1539 1249 1579 erit
1283 1538 1362 1579 tibi
1396 1536 1598 1580 terribilis
1621 1540 1760 1580 Deus„

365 1606 625 1661 Quomodo,
651 1606 843 1665 inquies,
876 1621 949 1649 ero
973 1621 1045 1649 rex
1067 1607 1222 1649 terraeP
1244 1608 1360 1663 Rege
1383 1614 1542 1649 terram
1559 1641 1570 1660 ,
1585 1638 1588 1640 v
1603 1615 1647 1649 et
1671 1606 1752 1649 eris

364 1691 437 1720 rex
460 1685 601 1720 terrae.
632 1676 731 1720 Noli
759 1691 862 1735 ergo
885 1676 1089 1720 aviditate
1110 1675 1352 1735 imperandi
1374 1691 1534 1735 ponere
1552 1676 1630 1720 tibi
1652 1685 1752 1720 ante

363 1747 512 1792 oculos
530 1745 774 1807 provincias
795 1746 1020 1791 latissimas
1035 1782 1045 1802 ,
1071 1763 1157 1808 qua
1172 1756 1245 1790 tua
1264 1762 1396 1805 regna
1410 1745 1648 1802 diffundas,
1668 1756 1753 1790 ter—-

361 1832 452 1862 ram
471 1833 601 1877 quam
616 1826 761 1877 portas
780 1832 893 1876 rege.
915 1816 1031 1861 Audi
1048 1816 1305 1877 Apostolum
1324 1826 1543 1875 regentem
1562 1827 1747 1862 terram:

365 1907 386 1930 ‹<
419 1890 518 1933 Non
539 1888 599 1932 sic
620 1886 832 1947 pugillor,
858 1889 981 1948 quasi
1016 1891 1159 1931 aerem
1192 1888 1452 1945 verberans,
1483 1887 1559 1931 sed
1590 1888 1750 1945 castigo

362 1977 383 2001 >›
419 1975 576 2019 corpus
598 1974 746 2002 meum
767 1994 777 2014 ,
804 1968 847 2002 et
874 1958 920 2002 in
951 1959 1205 2003 servitutem
1231 1958 1380 2018 redigo
1396 1994 1407 2014 ,
1443 1974 1498 2002 ne
1525 1957 1639 2003 forte
1659 1958 1749 2003 aliis

365 2051 382 2072 »
418 2031 676 2090 praedicans,
692 2030 783 2090 ipse
798 2030 1011 2090 reprobus
1025 2031 1186 2075 efficiar
1209 2031 1241 2074 4.
1267 2033 1416 2089 »Ergo
1435 2065 1447 2086 ,
1473 2029 1625 2074 fratres
1641 2029 1744 2085 mei,

360 2110 495 2145 estote
515 2101 560 2144 in
586 2101 772 2145 circuitu
800 2102 912 2161 ejus,
935 2110 985 2144 ut
1007 2116 1083 2160 per
1102 2115 1424 2161 quemcumque
1449 2100 1570 2145 vobis
1591 2100 1748 2145 veritas

359 2172 578 2227 sonuerit,
618 2188 708 2216 non
737 2172 857 2215 illam
878 2172 1099 2231 imputetis
1128 2171 1212 2226 illi,
1238 2187 1315 2231 per
1343 2186 1475 2231 quem
1497 2181 1648 2229 sonat,
1672 2171 1749 2215 sed

360 2241 415 2286 de
432 2241 575 2286 medio
595 2242 649 2285 sit
673 2242 899 2297 omnibus,
928 2242 1030 2303 quia
1049 2241 1274 2302 aequaliter
1301 2241 1422 2285 adest
1448 2241 1664 2286 omnibus.
1691 2244 1749 2286 Et

359 2323 496 2358 estote
524 2312 738 2370 humiles,
773 2329 828 2358 ne
857 2314 981 2359 vobis
1011 2322 1055 2357 et
1084 2329 1160 2359 vos
1195 2313 1275 2373 ipsi
1297 2314 1537 2373 usurpetis,
1570 2314 1604 2358 si
1638 2312 1747 2374 quid

407 2427 416 2444 ¹
449 2420 528 2453 Psal.
548 2431 636 2463 exn,
657 2430 699 2463 29
715 2445 724 2463 ,
757 2420 810 2455 30.
840 2437 882 2443 —
905 2420 983 2454 21d.
1003 2431 1065 2461 cu,
1099 2419 1152 2462 14.
1173 2437 1216 2443 —
1237 2418 1250 2444 ³
1274 2421 1319 2453 Id.
1338 2431 1385 2462 11,
1404 2431 1455 2453 11.
1482 2437 1524 2443 —
1541 2419 1557 2451 ⁴
1575 2432 1587 2453 1
1605 2423 1676 2454 Cor.
1697 2431 1742 2463 ix,

359 2476 415 2519 26,
434 2485 489 2519 27.
