1889 3285
395 242 448 281 14
813 250 847 278 s.
883 248 1113 279 Aueusrmr
1145 251 1327 278 EPISCOPI

392 326 548 362 verunt
573 317 654 361 sibi
688 334 697 361 ε
719 315 971 360 exclamavit
986 315 1062 375 qui
1082 314 1198 359 misit
1219 314 1376 373 digitos
1392 313 1438 357 in
1461 321 1775 373 compunctum

390 386 503 431 latus
519 422 529 442 ‚
555 395 598 430 et
622 385 681 430 ait
714 404 723 430 ι
749 405 768 428 α
795 385 1003 429 Dominus
1028 399 1148 428 meus
1176 394 1220 428 et
1241 387 1354 428 Deus
1372 397 1492 426 meus
1509 384 1538 425 ¹.
1563 401 1582 423 »
1603 381 1775 426 Miseri-

391 456 537 502 cordia
560 471 640 516 pro
666 455 742 500 illo
774 464 971 499 mortuus
993 463 1086 498 erat
1101 490 1111 509 ‚
1137 463 1179 498 et
1200 453 1381 498 veritate
1409 451 1465 496 ad
1484 451 1608 496 illum
1631 466 1776 496 resur-

392 536 572 572 rexerat.
601 546 621 569 «
646 526 762 571 Misit
783 525 837 570 de
855 525 968 570 coelo
989 524 1325 569 misericordiam
1348 539 1470 568 suam
1492 532 1535 567 et
1550 523 1777 567 veritatem

393 616 414 639 »
448 614 569 643 suam
589 617 598 642 ε
619 606 662 642 et
678 597 789 641 eruit
810 597 998 640 animam
1019 610 1162 639 meam
1180 594 1234 639 de
1252 595 1398 638 medio
1416 592 1662 643 catulorum
1684 592 1780 638 leo-

394 688 415 711 »
450 685 572 714 num.
601 688 621 711 »
647 669 733 723 Qui
753 677 854 712 sunt
873 666 1006 712 catuli
1022 666 1201 711 leonum
1219 668 1236 709 ‘3
1257 665 1448 726 Populus
1470 664 1543 709 ille
1560 665 1776 720 minutus,

391 740 504 785 male
527 740 734 800 deceptus
755 775 765 795 ‚
790 738 903 783 male
925 738 1129 783 seductus
1155 754 1178 782 a
1199 737 1467 798 principibus
1489 735 1745 780 Judaeorum
1767 755 1776 781 ε

391 820 441 855 ut
459 810 523 855 illi
542 810 706 866 leones,
731 809 793 854 illi
816 808 950 853 catuli
970 808 1165 853 leonum.
1197 809 1359 852 Omnes
1376 806 1670 862 fremuerunt,
1691 821 1782 851 om-

391 898 467 926 nes
498 881 766 926 occiderunt.
797 879 1005 924 Audituri
1027 879 1144 923 enim
1159 894 1307 923 sumus
1323 879 1394 922 hic
1416 887 1460 922 et
1481 877 1645 922 caedem
1661 878 1781 938 ipso-

392 968 491 997 rum
506 987 518 1008 ,
541 952 674 996 modo
695 951 739 995 in
758 950 1127 1011 consequentibus
1149 949 1345 995 versibus
1367 949 1526 994 Psalmi
1544 950 1689 1009 hujus.

450 1037 530 1079 xl.
560 1053 580 1077 «
599 1036 658 1078 Et
677 1034 812 1089 eruit,
837 1033 981 1094 inquit
996 1068 1007 1088 ‚
1038 1033 1227 1077 animam
1249 1047 1393 1076 meam
1410 1032 1465 1076 de
1487 1031 1634 1076 medio
1656 1018 1782 1076 eatu-

394 1124 415 1147 »
440 1105 585 1149 lorum
597 1104 791 1150 leonum.
810 1107 982 1157 »Quare
999 1102 1219 1159 dicis‚«Et
1241 1103 1353 1147 eruit
1367 1103 1558 1147 animam
1578 1104 1778 1146 meamP»

393 1175 509 1229 Quid
527 1175 644 1219 enim
660 1191 807 1234 passus
829 1189 936 1229 eras,
962 1183 1012 1217 ut
1030 1183 1254 1218 erueretur
1267 1175 1410 1218 anima
1427 1183 1503 1218 tua
1515 1174 1533 1214 ‘?
1550 1192 1570 1215 «
1587 1172 1784 1217 Dormivi

395 1264 416 1287 »
451 1245 754 1290 conturbatus.
780 1263 800 1286 »
824 1244 1042 1304 Expressit
1063 1244 1260 1289 Christus
1281 1254 1467 1289 mortem
1489 1259 1626 1287 suam.
1655 1245 1784 1288 Certe

393 1314 448 1359 de
469 1314 545 1360 isso
581 1314 719 1360 David
739 1315 925 1373 legimus
947 1313 1069 1374 quod
1094 1313 1255 1372 fugerit
1289 1314 1334 1358 in
1356 1313 1609 1374 speluncam
1622 1317 1640 1339 ‘²
1657 1349 1669 1369 ,
1692 1329 1786 1358 non

393 1395 541 1431 tamen
561 1386 663 1446 quia
686 1385 893 1430 dormivit
913 1385 961 1429 in
979 1384 1200 1444 spelunca.
1232 1385 1354 1429 Alius
1374 1384 1512 1430 David
1533 1394 1598 1429 est
1617 1385 1664 1428 in
1684 1400 1784 1445 spe-

392 1456 524 1502 lunca
544 1492 556 1512 ,
579 1457 688 1501 alius
708 1456 849 1501 David
867 1465 930 1500 est
946 1457 1023 1516 qui
1044 1457 1168 1501 dicit:
1189 1475 1209 1498 «
1225 1456 1420 1501 Dormivi
1441 1457 1780 1501 conturbatus.»

392 1527 604 1572 Videmus
637 1527 1015 1587 perturbationem
1041 1527 1175 1586 ipsius
1193 1549 1204 1585 3
1237 1543 1328 1572 non
1361 1526 1437 1572 illo
1470 1528 1648 1572 turbato
1663 1563 1674 1583 ‚
1709 1525 1787 1571 sed

392 1597 476 1642 illis
493 1597 791 1643 turbantibus.
821 1596 1065 1641 Turbatum
1082 1612 1127 1641 se
1144 1597 1261 1641 enim
1283 1597 1406 1653 dixit,
1427 1598 1668 1643 seeundum
1687 1597 1785 1657 opi—

391 1669 572 1715 nionem
596 1667 901 1724 frementium,
932 1684 1023 1713 non
1055 1668 1298 1713 seeundum
1330 1669 1545 1714 credentis
1567 1670 1786 1715 conscien-

392 1741 511 1786 tiam.
533 1744 803 1786 Putaverunt
823 1755 867 1784 se
887 1739 952 1783 illi
974 1740 1186 1796 turbasse,
1209 1750 1478 1800 putaverunt
1498 1742 1649 1786 vicisse
1676 1761 1684 1786 :
1709 1740 1784 1785 ille

394 1822 539 1858 autem
563 1813 768 1857 dormivit
795 1812 1097 1856 conturbatus.
1133 1814 1236 1856 Tam
1260 1812 1456 1873 placatus
1477 1823 1569 1858 erat
1591 1813 1670 1857 iste
1687 1822 1784 1857 tur-

392 1884 521 1928 batus
537 1919 548 1939 ,
572 1893 623 1928 ut
643 1881 821 1943 quando
843 1881 1003 1937 vellet,
1030 1881 1254 1927 dormiret.
1285 1885 1424 1928 Nemo
1448 1883 1610 1928 dormit
1626 1884 1784 1929 turba-

393 1963 463 1999 tus
484 1974 492 1999 :
511 1969 660 1998 omnes
677 1953 754 2013 qui
776 1953 1105 2012 perturbantur,
1127 1963 1203 1997 aut
1220 1971 1243 1998 a
1261 1970 1414 1999 somno
1431 1954 1691 2005 excitantur,
1709 1964 1785 1999 aut

393 2025 441 2069 in
463 2040 662 2069 somnum
686 2024 803 2081 vergi
827 2039 917 2067 non
938 2023 1267 2083 permittuntur.
1304 2023 1383 2068 Ille
1405 2033 1552 2069 autem
1584 2025 1784 2069 turbatus

394 2103 460 2139 est
474 2130 485 2150 ⁷
511 2104 554 2138 et
575 2094 796 2138 dormivit.
819 2097 978 2152 Magna
998 2093 1220 2138 humilitas
1239 2095 1503 2153 perturbati,
1522 2111 1681 2154 magna
1704 2111 1784 2155 po-

394 2174 523 2209 testas
544 2165 812 2210 dormientis.
839 2167 900 2209 De
923 2180 1009 2224 qua
1027 2173 1239 2224 potestate
1256 2166 1458 2209 veniebat
1475 2166 1595 2226 quod
1617 2166 1783 2211 dormi-

393 2237 487 2281 vit?
509 2239 571 2281 De
593 2252 680 2296 qua
702 2236 793 2295 ipse
821 2234 926 2279 dicit
947 2255 956 2279 z
987 2254 1006 2276 «
1027 2239 1290 2279 Potestatem
1311 2236 1452 2280 habeo
1474 2237 1665 2296 ponendi
1686 2237 1782 2281 ani-

397 2324 418 2349 »
453 2322 571 2351 mam
592 2322 757 2362 meam,
777 2316 819 2350 et
842 2316 1100 2366 potestatem
1125 2307 1265 2351 habeo
1284 2307 1483 2351 sumendi
1501 2324 1594 2351 eam
1616 2328 1624 2352 :
1651 2323 1782 2352 nemo

397 2394 419 2418 »
454 2376 568 2421 tollit
596 2392 689 2420 eam
725 2392 748 2420 a
771 2392 862 2434 me3
886 2376 962 2420 sed
989 2392 1068 2434 ego
1100 2392 1194 2420 eam
1223 2392 1362 2436 pono,
1400 2387 1442 2421 et
1470 2378 1628 2422 iterum
1655 2394 1782 2423 sumo

398 2465 419 2489 »
455 2463 548 2492 eam
563 2448 594 2491 3.
625 2465 645 2488 »
678 2450 711 2491 T
716 2447 983 2491 urbaverunt
1016 2446 1079 2490 illi
1100 2482 1110 2502 ‚
1149 2455 1192 2491 et
1221 2447 1426 2492 dormivit
1462 2448 1566 2508 ipse.
1601 2468 1620 2491 «
1647 2450 1781 2509 Cujus

446 2560 454 2576 ¹
475 2557 565 2586 Joan.
582 2565 634 2593 xx,
653 2553 707 2586 28.
726 2570 766 2576 -
787 2560 799 2576 ²
823 2565 834 2584 1
857 2555 935 2595 Reg.
956 2564 1041 2594 xxiv,
1064 2552 1095 2595 4
1113 2571 1153 2576 -
1175 2552 1187 2575 3
1203 2557 1294 2586 Joan.
1317 2566 1349 2596 x,
1372 2554 1422 2587 18.
