1889 3285
422 217 476 255 96
862 227 894 253 s.
931 222 1159 253 Aucus-nm
1193 225 1373 254 EPISCOPI

421 311 440 332 »
476 293 675 335 terram1.
705 308 724 331 »
758 292 870 335 Cum
902 298 1044 333 autern
1071 290 1346 349 percussisset
1382 287 1522 334 Edom
1543 322 1554 343 ‚
1587 289 1797 347 percussit

422 380 442 402 «
476 359 712 405 Duodecim
735 358 869 404 millia
890 359 935 403 in
954 358 1067 403 valle
1087 359 1377 404 Salinarum.»
1402 357 1638 403 Duodecim
1662 358 1797 402 millia

416 432 634 490 perfectus
656 440 719 475 est
741 445 947 475 numerus
963 465 973 484 ,
999 430 1069 474 cui
1090 429 1284 489 perfecto
1312 445 1495 474 numero
1529 429 1660 473 etiam
1681 428 1797 473 duo-

417 501 619 545 denarius
661 500 969 560 Apostolorum
1007 514 1214 544 numerus
1248 500 1519 559 deputatur:
1557 514 1647 543 non
1681 498 1798 542 enim

416 569 603 625 frustra,
639 570 719 614 nisi
752 570 854 629 quia
887 585 963 629 per
990 578 1134 614 totum
1166 569 1384 613 mundum
1420 568 1686 613 mittendum
1707 576 1799 612 erat

417 641 616 684 verbum.
643 641 836 685 Verbum
859 650 1001 684 autem
1028 640 1106 685 Dei
1122 639 1243 700 quod
1265 649 1328 684 est
1349 639 1545 685 Christus
1560 674 1570 694 ,
1596 639 1642 682 in
1663 638 1798 682 nubi·
1862 692 1863 696 Ἰ

417 713 499 756 bus
516 746 526 766 ,
551 712 635 756 hoc
662 720 725 756 est
750 712 796 755 in
826 710 1182 771 praedicatoribus
1200 711 1407 754 veritatis.
1437 709 1630 754 Mundus
1652 718 1800 753 autem

417 792 607 843 quatuor
637 782 831 842 partibus
853 791 1035 827 constat.
1071 786 1264 835 Quatuor
1294 783 1383 842 ejus
1405 790 1546 841 partes
1566 779 1800 824 notissimae

418 862 520 897 sunt
556 853 761 897 omnibus
776 887 787 907 ,
815 861 858 897 et
889 867 1002 912 saepe
1037 852 1081 895 in
1118 851 1349 911 Scripturis
1383 859 1633 894 memoratae
1656 869 1664 894 :
1701 866 1800 911 quae

417 924 544 968 etiam
563 933 750 984 quatuor
766 923 885 967 venti
906 922 1034 967 dictae
1056 932 1158 966 sunt
1172 957 1182 977 ,
1198 921 1367 977 Oriens,
1388 920 1616 976 Occidens,
1640 920 1800 981 Aquilo

418 1004 461 1038 et
481 993 725 1039 Meridies‘2.
751 992 819 1038 Ad
840 1008 990 1037 omnes
1021 993 1120 1037 istas
1143 1002 1331 1053 quatuor
1358 1002 1500 1052 partes
1533 992 1710 1036 missum
1739 1001 1802 1035 est

416 1064 599 1108 verbum
616 1099 626 1118 ,
651 1073 702 1107 ut
722 1064 767 1108 in
790 1063 997 1107 Trinitate
1020 1078 1170 1106 omnes
1185 1072 1460 1107 vocarentur.
1481 1060 1802 1106 Duodenarium

417 1150 649 1178 numerum
664 1143 728 1178 ter
742 1133 943 1193 quaterni
967 1131 1146 1176 faciunt.
1159 1134 1315 1176 Merito
1333 1148 1436 1191 ergo
1458 1131 1690 1176 duodecim
1708 1130 1804 1175 mil-

415 1204 472 1249 lia
489 1215 659 1249 terrena
681 1220 879 1264 percussa
898 1213 1025 1259 sunt,
1046 1212 1162 1248 totus
1180 1204 1370 1247 mundus
1391 1218 1617 1263 percussus
1637 1211 1699 1247 est
1719 1221 1727 1246 ε
1747 1201 1802 1247 de

420 1285 510 1320 toto
532 1276 648 1319 enim
664 1274 831 1319 mundo
854 1274 990 1319 electa
1013 1284 1077 1320 est
1097 1274 1304 1329 Ecclesia,
1318 1275 1574 1319 mortificata
1592 1291 1615 1318 a
1634 1283 1804 1318 terrena

417 1347 520 1390 vita.
545 1351 683 1399 Quare
699 1380 710 1400 ,
729 1364 749 1386 «
772 1348 823 1388 In
850 1343 963 1388 valle
990 1344 1291 1389 SalinarumP»
1308 1344 1439 1388 Vallis
1461 1344 1683 1389 humilitas
1706 1354 1770 1389 est
1790 1362 1800 1388 ε

418 1414 566 1460 salinae
598 1430 793 1474 saporem
816 1414 1074 1473 significant.
1103 1413 1232 1458 Multi
1254 1415 1368 1458 enim
1391 1413 1703 1469 humiliantur,
1727 1413 1805 1458 sed

418 1500 527 1529 vane
550 1494 591 1528 et
612 1484 752 1538 fatue,
777 1486 823 1528 in
841 1499 948 1527 vana
966 1492 1179 1528 vetustate
1202 1483 1504 1528 humiliantur.
1520 1484 1686 1528 Patitur
1707 1484 1804 1544 quis
1854 1510 1855 1513 =

419 1554 746 1599 tribulationem
768 1570 846 1614 pro
869 1554 1068 1612 pecunia,
1094 1554 1256 1612 patitur
1276 1553 1600 1597 tribulationem
1624 1569 1704 1613 pro
1727 1554 1804 1598 ho·
1854 1547 1855 1551 ¹

416 1640 522 1669 nore
543 1623 794 1684 temporali,
819 1624 979 1682 patitur
995 1622 1320 1667 tribulationem
1339 1639 1417 1682 pro
1440 1623 1679 1667 commodis
1700 1623 1803 1668 vitae

417 1696 575 1755 hujus,
598 1709 800 1754 passurus
823 1702 886 1737 est
902 1691 1241 1747 tribulationem,
1259 1702 1301 1736 et
1318 1692 1614 1737 humiliandus
1635 1713 1643 1737 :
1668 1709 1804 1754 quare
1852 1699 1853 1741 j

419 1781 509 1810 non
530 1774 708 1824 propter
731 1765 899 1808 Deum?
921 1777 1055 1823 quare
1083 1778 1172 1806 non
1196 1772 1373 1822 propter
1395 1763 1642 1807 Christum?
1669 1779 1802 1823 quare

420 1851 509 1880 non
530 1844 708 1894 propter
743 1847 940 1893 saporem
961 1831 1088 1875 salis?
1123 1835 1192 1876 An
1224 1833 1358 1876 nescis
1388 1833 1468 1876 ubi
1491 1849 1580 1877 esse
1602 1833 1768 1878 dictum
1790 1853 1798 1878 :
1850 1844 1852 1886 ξ

423 1926 443 1948 «
479 1909 566 1949 Vos
586 1905 683 1949 estis
706 1903 767 1948 sal
788 1913 912 1947 terrae
929 1938 940 1958 ,
970 1921 990 1943 »
1012 1912 1076 1957 et,
1107 1922 1126 1944 «
1148 1903 1190 1948 Si
1211 1903 1273 1947 sal
1292 1904 1555 1948 infatuatum
1580 1904 1725 1960 fuerit,
1747 1905 1803 1949 acl

422 1995 443 2016 »
478 1975 664 2019 nihilum
684 1973 847 2018 valebit
869 1973 987 2017 aliud
1002 2009 1013 2027 ,
1037 1974 1117 2017 nisi
1140 1983 1190 2017 ut
1210 1972 1322 2018 foras
1344 1976 1594 2035 projiciatur
1610 1978 1625 2001 ³
1643 1978 1661 2019 Ρ
1678 1994 1698 2017 »
1715 1979 1802 2020 Bo-

420 2061 528 2089 num
560 2054 622 2089 est
650 2060 752 2103 ergo
775 2044 988 2103 sapienter
1010 2043 1243 2087 humiliari.
1271 2047 1384 2088 Ecce
1406 2061 1524 2089 nunc
1547 2061 1693 2090 nonne
1714 2047 1801 2090 hu-

421 2115 644 2160 miliantur
673 2115 895 2159 haeretici?
925 2117 1078 2160 Nonne
1116 2113 1232 2173 leges
1260 2124 1409 2159 contra
1440 2115 1536 2160 illos
1566 2116 1678 2160 datae
1701 2126 1803 2161 sunt

420 2186 550 2230 etiam
579 2186 632 2229 ab
661 2185 936 2239 hominibus,
975 2194 1125 2229 contra
1147 2200 1255 2244 quos
1278 2184 1436 2228 divinae
1460 2196 1669 2244 regnant,
1702 2203 1802 2247 quae

420 2255 514 2299 illos
536 2264 635 2299 ante
656 2255 784 2298 etiam
807 2253 1234 2299 condemnaverant?
1248 2257 1359 2298 Ecce
1380 2255 1683 2311 humiliantur,
1703 2273 1801 2301 ecce

420 2324 645 2384 fugantur,
672 2339 770 2368 ecce
786 2324 1131 2383 persecutionem
1154 2324 1393 2383 patiuntur,
1418 2324 1493 2369 sed
1512 2325 1603 2372 sine
1620 2341 1798 2386 sapore,
1844 2373 1845 2379 ,

419 2411 499 2454 pro
521 2393 732 2447 fatuitate,
751 2409 828 2452 pro
849 2394 1052 2437 vanitate.
1081 2397 1177 2437 Jam
1199 2395 1314 2438 enim
1337 2394 1398 2439 sal
1419 2395 1685 2445 infatuatum
1706 2407 1769 2442 est
1788 2417 1796 2442 :

420 2466 520 2510 ideo
551 2466 794 2524 projectum
822 2473 884 2507 est
907 2463 1020 2508 foras
1036 2499 1047 2519 ,
1078 2474 1128 2508 ut
1148 2465 1430 2510 conculcetur
1451 2465 1506 2510 ab
1531 2467 1795 2513 hominibus.

469 2557 477 2574 ¹
499 2550 615 2583 Coloss.
640 2560 685 2589 ni,
703 2548 735 2580 5.
751 2565 793 2572 —
814 2554 826 2571 ²
852 2548 967 2581 Ezech.
988 2560 1109 2590 xxxvii,
1129 2561 1161 2592 9.
1179 2567 1219 2573 -
1239 2548 1252 2573 3
1269 2551 1382 2583 Matth.
1403 2562 1436 2593 v,
1460 2553 1509 2585 13.
