1889 3285
432 240 484 278 84
861 248 893 273 5.
931 247 1010 274 AL‘G
1020 249 1158 274 usiam
1193 248 1373 274 Erlscorr

429 315 602 357 liiorum
621 326 785 356 eoi-uni.
810 314 862 354 Et
885 309 991 370 quid
1004 311 1093 370 jam
1116 309 1277 354 factum
1300 319 1362 354 est
1382 309 1426 353 in
1444 310 1509 353 his
1527 309 1603 369 qui
1621 309 1815 353 conversi

428 386 554 428 sunt?
581 403 598 423 «
633 386 688 426 Et
722 382 1149 440 comprehendantur
1169 382 1215 424 in
1237 382 1440 440 superbia
1464 397 1554 425 sua.
1590 398 1610 420 »
1647 380 1815 424 Dictum

428 462 491 497 est
511 453 626 497 enim
648 451 746 507 illis,
763 451 862 511 quia
876 450 963 505 ille,
984 466 1116 510 quem
1138 450 1409 506 occiderunt,
1436 450 1681 494 resurrexit.
1707 451 1818 494 Cre-

429 524 635 568 diderunt
648 539 746 567 curn
764 522 1053 576 resurrexisse,
1071 522 1172 581 quia
1187 520 1392 566 viderunt
1403 537 1503 565 eum
1517 522 1562 565 in
1584 519 1699 565 coelo
1708 520 1816 579 posi·

429 603 540 649 tum,
560 594 766 654 Spiritum
781 602 978 637 sanctum
991 591 1093 635 inde
1105 592 1282 647 misisse,
1301 601 1344 636 et
1359 607 1429 636 eos
1443 591 1517 651 qui
1532 591 1578 635 in
1589 589 1714 634 illum
1731 605 1817 634 cre-

430 664 636 709 diderunt
650 663 907 723 implevisse¹
923 698 933 717 ,
952 672 994 706 et
1010 662 1273 706 invenerunt
1284 678 1327 706 se
1343 672 1385 706 et
1398 661 1508 705 nihil
1520 661 1762 716 damnasse,
1776 669 1818 706 et

429 735 539 778 nihil
554 734 718 779 fecisse.
744 737 924 777 Factum
945 747 1094 777 eorum
1108 733 1151 776 in
1168 733 1337 776 irritum
1355 732 1489 787 venit,
1508 741 1734 791 peccatum
1757 747 1818 775 re·
1859 756 1861 761 v

429 804 600 848 mansit.
624 803 733 857 Quia
749 819 851 861 ergo
866 801 1028 846 factum
1047 812 1304 846 evacuatum
1322 812 1400 857 est,
1422 810 1647 862 peccatum
1674 811 1819 846 autem
1859 792 1861 798 Ι

427 875 634 918 remansit
645 889 772 933 super
785 873 1006 930 facientes,
1022 874 1319 933 comprehensi
1336 882 1438 917 sunt
1450 873 1493 916 in
1507 872 1708 932 superbia
1723 888 1796 916 sua
1806 906 1816 926 ‚

428 945 632 989 viderunt
655 960 697 988 sc
725 960 771 987 su
781 945 805 987 b
827 944 1056 1004 iniquitate
1078 959 1169 987 sua.
1207 943 1417 987 Restabat
1439 958 1542 1002 ergo
1565 952 1616 986 ut
1637 942 1821 986 confite-

430 1023 580 1058 rentur
600 1023 844 1073 peccatum,
878 1023 920 1056 et
950 1012 1025 1056 ille
1048 1014 1289 1071 ignosceret
1323 1013 1400 1072 qui
1422 1011 1705 1072 peccantibus
1726 1026 1820 1056 ces-
1858 1059 1859 1066 ἶ

429 1093 556 1139 serat,
578 1093 621 1127 et
642 1093 825 1128 mortem
848 1098 968 1127 suam
985 1082 1169 1127 donaret
1192 1083 1355 1127 occisus
1379 1099 1402 1126 a
1425 1081 1624 1136 mortuis,
1649 1090 1693 1125 et
1710 1081 1822 1125 vivi-

430 1157 563 1199 ficans
583 1163 791 1198 mortuos.
814 1154 1127 1213 Comprehensi
1145 1162 1244 1197 sunt
1262 1169 1365 1212 ergo
1387 1153 1432 1196 in
1453 1152 1656 1212 superbia
1677 1168 1768 1195 sua.

490 1228 543 1268 V.
580 1244 599 1265 «
635 1228 690 1268 Et
729 1241 779 1267 ex
817 1223 1046 1267 maledicto
1086 1233 1128 1268 et
1163 1224 1391 1268 mendacio
1440 1223 1822 1268 annuntiabuntur
1856 1225 1887 1278 ξ

432 1314 452 1336 n
481 1295 888 1348 consummationes,
903 1294 949 1336 in
964 1294 1024 1337 ira
1041 1293 1442 1349 consummationis,
1461 1303 1504 1338 et
1516 1310 1605 1338 non
1623 1297 1818 1338 erunt2.»
1885 1313 1887 1341 Α

431 1368 488 1410 Et
509 1367 592 1409 hoc
615 1364 791 1409 difficile
808 1362 1080 1422 intelligitur,
1103 1380 1190 1423 quo
1204 1364 1414 1423 jungatur
1431 1366 1523 1408 «Et
1538 1380 1627 1409 non
1645 1372 1819 1408 erunt.»

432 1436 560 1491 Quid,
596 1452 683 1480 non
720 1436 874 1478 erunt?
895 1434 1131 1477 Videamus
1165 1449 1267 1492 ergo
1309 1434 1576 1494 superiorem
1615 1443 1784 1478 textum
1810 1452 1819 1477 :

433 1521 534 1550 cum
557 1505 857 1564 comprehensi
880 1503 1042 1547 fuerint
1075 1503 1119 1546 in
1158 1504 1357 1563 superbia
1393 1520 1492 1559 sua,
1522 1524 1542 1546 «
1575 1504 1825 1549 Annuntia-
1854 1503 1856 1516 '
1885 1539 1887 1547 Α

437 1596 457 1618 >›
490 1578 656 1621 buntur
688 1592 739 1619 ex
769 1574 1001 1619 maledicto
1031 1584 1073 1618 et
1104 1574 1328 1620 mendacio
1361 1576 1770 1620 consummationes.
1798 1592 1820 1616 »
1854 1594 1856 1600 >

436 1651 544 1701 Quae
578 1657 678 1691 sunt
715 1646 1132 1691 consummationes?
1164 1645 1457 1691 Perfectiones
1493 1665 1501 1690 :
1529 1645 1821 1691 consummari

435 1719 567 1772 enim,
594 1717 741 1776 perfici
775 1726 850 1760 est.
893 1715 1022 1760 Aliud
1045 1724 1107 1758 est
1131 1716 1438 1771 consummari,
1464 1716 1585 1760 aliud
1607 1716 1818 1760 consumi.
1852 1730 1855 1746 ¹

434 1791 771 1833 Consummatur
793 1787 907 1829 enim
929 1783 1048 1849 (fllod
1080 1785 1138 1829 sic
1165 1786 1316 1829 finitur
1342 1795 1391 1830 ut
1412 1787 1695 1846 pelficiatur:
1722 1802 1825 1831 con-
1852 1800 1854 1807 ’

435 1858 619 1902 sumitur
641 1856 762 1917 quod
785 1857 842 1899 sic
857 1856 1006 1899 finitur
1027 1864 1075 1898 ut
1093 1871 1184 1899 non
1205 1856 1507 1916 sit.Supe1hia
1530 1873 1620 1901 non
1641 1858 1823 1917 permit-

435 1930 556 1973 tebat
585 1929 805 1972 hominem
834 1927 1008 1985 perfici,
1043 1926 1154 1970 nihil
1187 1927 1245 1971 sic
1278 1927 1462 1987 impedit
1493 1927 1853 2008 perfectionem.

437 1997 640 2043 Intendat
682 1998 844 2057 quippe
879 1963 1075 2041 Charitas
1099 1999 1250 2041 Vestra
1274 1997 1499 2057 paululum
1540 1997 1594 2042 ad
1627 1998 1672 2042 id
1703 1975 1853 2059 quodi

436 2069 561 2126 dico,
586 2078 628 2112 et
648 2068 790 2111 videte
813 2067 973 2110 malum
997 2067 1124 2111 nimis
1146 2067 1393 2122 molestum,
1415 2068 1540 2111 nimis
1555 2068 1819 2112 cavendum.
1850 2065 1852 2111 ἶ

438 2137 576 2191 Quale
598 2137 759 2181 malum
789 2137 979 2196 putatis?
1002 2137 1208 2190 Quamdiu
1230 2153 1481 2196 exaggerem
1507 2136 1614 2197 quid
1636 2137 1736 2182 mali
1771 2138 1825 2182 sit
1850 2139 1852 2171 ῖ

439 2210 484 2253 in
506 2209 735 2268 superbia?
763 2207 967 2252 Diabolus
995 2207 1097 2250 inde
1130 2207 1271 2251 solum
1304 2207 1553 2267 puniendus
1582 2217 1658 2252 est.
1697 2211 1825 2253 Certe

439 2280 637 2340 princeps
660 2287 722 2322 est
744 2279 939 2322 omnium
967 2286 1261 2337 peccatorum,
1299 2287 1415 2322 certe
1448 2278 1652 2323 seductor
1685 2287 1749 2322 est
1770 2277 1825 2322 ad
1848 2294 1850 2298 ’

439 2348 710 2409 peccandum
736 2368 745 2391 ι
770 2364 856 2392 non
881 2349 918 2391 ei
940 2348 1181 2407 imputatur
1203 2347 1482 2401 adulterium,
1514 2364 1602 2393 non
1622 2347 1823 2392 vinolen-
1847 2354 1850 2395 ἱ

441 2421 517 2473 tia,
539 2435 627 2463 non
651 2418 893 2471 fornicatio,
918 2434 1007 2462 non
1029 2418 1174 2476 rapina
1198 2433 1339 2460 rerum
1361 2418 1598 2462 alienarum
1617 2437 1625 2462 ε
1646 2417 1735 2462 sola
1756 2433 1825 2461 su-

439 2490 587 2549 perbia
613 2489 756 2548 lapsus
788 2498 862 2532 est.
891 2491 946 2531 Et
967 2488 1170 2547 quoniam
1201 2487 1414 2546 superbiae
1443 2503 1587 2532 comes
1617 2496 1680 2532 est
1717 2488 1848 2531 invi->

492 2576 586 2607 ¹Act.
611 2584 683 2615 μς),
707 2574 902 2614 et11,4.-—
926 2579 938 2594 ²
957 2571 1218 2612 Psal.u·111,13,
1243 2572 1291 2611 14.
