1889 3285
297 238 539 269 ENARRATIO
570 242 588 269 1
618 241 665 268 IN
695 238 898 268 PSALMUM
916 235 1044 279 'Lxx‚
1078 239 1216 268 sEntvro
1247 241 1278 267 1.
1384 228 1464 267 371

90 320 207 360 mea,
237 320 329 350 non
346 314 555 366 tanquam
578 321 601 350 a
628 321 698 349 me
719 305 810 365 ipso
836 306 944 350 mihi
965 307 1065 350 data
1089 325 1098 350 :
1123 306 1234 350 sicut
1253 304 1470 365 putabant

89 374 153 419 illi
173 375 249 435 qui
265 391 342 435 per
361 375 551 419 litteram
575 375 871 434 gloriabantur
887 412 898 431 ‚
923 385 966 420 et
987 377 1169 434 gratiam
1187 376 1463 435 respuebant.

87 447 197 490 Nam
213 446 379 490 dictum
398 455 463 490 est
483 445 565 490 alio
586 445 683 491 loco
701 466 709 492 ε
739 465 759 489 «
784 447 938 491 Judica
964 461 1034 490 me
1047 481 1059 501 ,
1083 446 1267 490 Domine
1281 481 1293 500 ‚
1313 461 1468 490 secun-

90 532 112 556 »
146 515 253 559 dum
273 515 486 576 justitiam
505 531 647 560 meam
662 519 692 560 1.
726 534 747 558 n
772 518 898 561 Certe
921 531 1010 561 non
1034 514 1300 574 gloriabatur
1321 517 1366 559 in
1389 531 1466 559 sua

83 586 262 645 justitia.
291 587 376 632 Sed
396 602 548 631 revoca
585 586 640 630 ad
659 588 917 646 Apostolum
944 606 953 631 ε
984 605 1004 628 «
1039 585 1158 639 Quid
1182 587 1299 629 enim
1333 586 1468 630 habes

91 673 112 697 »
146 656 267 716 quod
288 672 378 700 non
407 656 664 716 accepisti2?
689 675 708 697 n
744 666 787 700 et
814 658 872 701 sic
899 656 968 700 dic
990 656 1202 716 justitiam
1236 665 1379 710 tuam,
1416 664 1468 699 ut

86 725 331 770 memineris
353 726 472 786 quod
493 727 707 785 acceperis
728 742 819 784 eam
833 763 843 781 ‚
865 737 906 771 et
920 743 1009 771 non
1031 742 1125 770 eam
1147 726 1337 770 invideas
1353 725 1467 770 acci-

86 795 322 856 pientibus.
357 799 468 841 Nam
495 805 538 840 et
568 796 642 840 ille
664 796 925 851 Pharisaeus,
950 806 1158 856 tanquam
1183 812 1207 840 a
1228 799 1318 840 Deo
1347 811 1471 840 acce-

86 866 239 926 pisset,
265 866 464 911 dicebat:
490 867 688 911 «Gratias
710 867 789 910 tibi
805 902 816 919 ‚
842 866 942 926 quia
961 882 1051 911 non
1072 882 1169 911 sum
1191 867 1303 910 sicut
1323 867 1469 910 caeteri

89 955 110 978 »
145 937 356 981 homines.
384 956 405 979 a)
437 938 602 981 Gratias
634 938 711 982 tibi
744 956 753 982 ε
778 941 909 981 Bene.
952 937 1101 990 «Quia
1128 953 1217 981 non
1240 952 1337 981 sum
1357 937 1470 981 sicut

93 1024 114 1048 »
148 1008 293 1052 caeteri
319 1008 517 1052 homines
541 1028 548 1052 :
578 1026 598 1048 »
623 1009 793 1060 Quare?
817 1006 924 1051 Inde
954 1008 1068 1050 enim
1090 1016 1133 1050 te
1155 1006 1343 1051 delectat
1369 1007 1472 1066 quia

89 1077 232 1122 bonus
260 1093 324 1133 es,
356 1078 477 1138 quod
506 1078 613 1121 alter
640 1077 780 1121 malus
803 1078 897 1121 est?
920 1077 1116 1137 Denique
1148 1076 1256 1137 quid
1276 1076 1470 1121 addidit?

94 1165 115 1189 «
150 1148 306 1208 Injusti
322 1183 332 1202 ‚
357 1157 549 1207 raptores
567 1183 578 1202 ,
605 1146 817 1201 adulteri,
842 1147 954 1190 sicut
982 1156 1025 1190 et
1048 1145 1310 1191 Publicanus
1331 1146 1425 1191 iste.
1447 1164 1468 1189 »

90 1219 185 1261 Hoc
201 1219 292 1277 jam
314 1234 404 1262 non
426 1227 490 1261 est
506 1217 698 1261 exultare
716 1253 726 1269 ,
753 1217 825 1261 sed
850 1216 1072 1260 insultare.
1099 1216 1177 1260 Ille
1201 1227 1347 1261 autem
1366 1233 1473 1277 cap-

90 1288 226 1342 tivus⁷
266 1306 287 1330 ε(
312 1291 400 1333 Nec
423 1287 570 1331 oculos
601 1287 657 1331 ad
679 1287 843 1332 coelum
863 1287 1053 1331 audebat
1084 1287 1225 1331 levare
1240 1323 1251 1342 ‚
1276 1288 1352 1332 sed
1372 1303 1473 1348 per-

92 1376 113 1400 »
147 1358 339 1402 cutiebat
359 1366 510 1416 pectus
532 1373 682 1412 suum⁷
709 1357 855 1401 dicens
882 1376 891 1400 2
917 1356 1100 1400 Domine
1116 1391 1127 1409 ‚
1152 1358 1365 1417 propitius
1378 1367 1470 1403 esto

93 1446 114 1470 »
148 1428 254 1472 mihi
272 1424 529 1487 peccatori3.
550 1445 571 1468 »
588 1431 746 1471 Parum
762 1428 910 1487 itaque
927 1436 1006 1481 est,
1023 1436 1073 1471 ut
1092 1427 1204 1471 illud
1225 1427 1345 1488 quod
1361 1429 1407 1472 in
1426 1438 1467 1473 te

89 1508 154 1543 est
175 1499 341 1543 bonum
368 1513 571 1557 agnoscas
593 1497 713 1558 quod
733 1514 757 1541 a
779 1501 867 1541 Deo
895 1497 948 1540 sit
966 1532 976 1551 ‚
1001 1497 1082 1541 nisi
1104 1498 1233 1541 etiam
1255 1498 1356 1542 inde
1380 1515 1471 1544 non

89 1578 133 1614 te
154 1568 331 1613 extollas
360 1585 490 1628 super
519 1569 646 1612 illum
675 1568 751 1628 qui
781 1567 980 1610 nondum
1010 1567 1170 1625 habet3
1195 1568 1270 1627 qui
1290 1567 1470 1614 fortasse

90 1655 191 1685 cum
222 1640 435 1699 acceperit
459 1675 470 1695 ,
507 1637 684 1683 transiet
716 1647 774 1682 te.
814 1637 1000 1690 Quando
1032 1637 1149 1681 enim
1183 1647 1274 1682 erat
1319 1639 1472 1684 Saulus

92 1711 299 1769 Stephani
318 1710 534 1769 lapidator
552 1711 568 1734 4
582 1744 594 1764 ‚
633 1723 766 1768 quam
797 1707 925 1750 multi
947 1716 1068 1751 erant
1103 1708 1335 1752 Christiani
1357 1726 1469 1770 quo-

89 1796 187 1824 rum
209 1789 300 1824 erat
321 1779 394 1824 ille
419 1780 694 1839 persecutor?
723 1781 886 1822 Tamen
917 1777 1094 1837 quando
1116 1793 1348 1823 conversus
1377 1790 1467 1837 est,

90 1865 239 1895 omnes
261 1851 337 1910 qui
355 1865 399 1895 se
421 1857 724 1909 praecesserant
755 1848 985 1906 superavit.
1011 1850 1127 1906 Ergo
1147 1847 1218 1892 dic
1240 1852 1330 1894 Deo
1352 1851 1473 1910 quod

91 1922 213 1966 audis
243 1922 290 1966 in
322 1921 516 1966 Psalmo:
547 1940 567 1963 «
593 1923 645 1964 In
666 1929 708 1964 te
727 1919 917 1979 speravi,
939 1919 1144 1974 Domine,
1169 1935 1257 1964 non
1280 1920 1470 1967 confun-

91 2011 112 2035 »
147 1994 226 2037 dar
249 1994 296 2036 in
318 2002 533 2037 aeternum
567 2011 576 2036 :
605 1991 653 2034 in
675 2000 750 2034 tua
775 1989 942 2050 justitia
961 2025 972 2045 ‚
1012 2005 1102 2033 non
1133 1990 1180 2033 in
1210 2006 1304 2035 mea
1323 2026 1335 2046 ‚
1367 2008 1470 2038 erue

93 2081 114 2105 »
148 2079 240 2118 me,
257 2072 300 2107 et
319 2064 458 2107 exime
480 2077 564 2105 me.
586 2060 753 2105 Inclina
775 2061 831 2104 ad
852 2076 921 2104 me
943 2076 1091 2104 aurem
1108 2069 1244 2105 tuam.
1265 2065 1360 2106 »Et
1377 2063 1472 2108 haec

90 2133 303 2178 confessio
333 2142 397 2177 est
422 2131 694 2176 humilitatis.
723 2131 805 2184 Qui
826 2129 929 2174 dicit
951 2149 960 2174 ε
990 2149 1010 2172 «
1046 2130 1213 2175 Inclina
1240 2131 1295 2176 ad
1315 2147 1385 2176 me
1411 2151 1420 2178 :
1449 2153 1469 2177 >2

91 2204 324 2249 confitetur
356 2204 457 2263 quia
487 2204 602 2263 jacet
631 2211 841 2262 tanquam
878 2216 992 2260 aeger
1024 2211 1263 2261 prostratus
1301 2203 1471 2249 medico

89 2275 234 2319 stanti.
261 2275 457 2334 Denique
478 2273 576 2317 vide
596 2273 697 2332 quia
715 2287 827 2330 aeger
847 2270 1044 2332 loquitur
1063 2291 1072 2316 ε
1101 2272 1304 2341 §Inclina
1325 2273 1381 2318 ad
1402 2289 1472 2319 me

92 2363 114 2387 »
150 2360 298 2389 aurem
320 2341 440 2389 tuam
456 2379 466 2399 ‚
492 2353 534 2387 et
555 2342 721 2387 salvum
739 2358 809 2386 me
825 2341 909 2386 fac.
938 2359 959 2383 »

149 2419 202 2460 V.
233 2435 254 2458 «
269 2419 374 2461 Esto
395 2415 502 2459 mihi
522 2415 568 2458 in
590 2418 729 2459 Deum
745 2422 1050 2474 protectorem.
1080 2432 1100 2455 »
1121 2416 1219 2459 Non
1241 2414 1296 2459 ad
1317 2431 1386 2459 me
1401 2417 1472 2476 ja-

138 2519 147 2536 ¹
181 2512 262 2544 Psal.
293 2523 362 2553 vu,
392 2522 425 2554 9.
456 2528 497 2534 —·
523 2518 537 2533 ²
573 2522 584 2543 1
614 2512 685 2543 Cor.
707 2521 756 2551 iv,
792 2520 822 2551 ς.
856 2506 1129 2550 -3Luc.xvm‚
1153 2511 1269 2542 11-13.
1292 2510 1364 2539 -4
1395 2513 1467 2543 Aet.

90 2580 150 2609 vn,
167 2568 221 2610 59.

1195 2620 1258 2658 Ξῑι.
