1889 3285
408 231 491 270 262
837 242 872 271 s.
908 243 1136 273 Aucus-nm
1167 248 1347 276 El’lscom

407 309 550 352 nescio
573 317 723 352 utrum
745 309 877 368 possit
896 310 975 354 ista
996 309 1240 357 differentia
1261 313 1561 359 demonstrari.
1577 314 1781 368 Proinde,

406 378 517 421 sicut
551 393 844 438 coeperamus,
880 379 1172 441 relinquentes
1203 383 1282 427 ista
1310 384 1369 428 eis
1406 385 1482 444 qui
1511 393 1717 444 possunt,
1742 392 1785 427 et

406 447 566 507 quibus
586 457 710 493 vacat
730 448 832 493 talia
854 448 1096 494 discernere
1110 486 1123 506 ,
1146 461 1190 496 et
1210 462 1325 498 certa
1348 453 1693 498 differentiarum
1713 468 1785 497 ra·-

402 518 521 562 tione
542 518 723 565 definire
742 539 755 577 3
777 535 856 564 nos
877 529 1091 580 quantum
1112 520 1346 582 adjuvante
1367 523 1552 568 Domino
1572 522 1783 578 valemus,

403 589 534 649 hujus
556 590 714 637 Psalmi
735 600 899 635 textum
923 592 1244 638 consideremus
1265 603 1396 655 atque
1417 604 1664 640 tractemus.

464 674 523 714 ΙΙ.
548 690 567 713 ‹<
592 675 786 732 Exurgat
806 675 935 728 Deus,
958 682 1002 718 et
1023 673 1284 734 dissipentur
1302 676 1465 720 inimici
1486 677 1576 736 ejus
1593 678 1623 720 ¹.
1651 693 1672 718 »
1691 678 1787 720 Jam

409 741 571 785 factum
597 752 659 786 est
677 778 687 797 ‚
713 744 929 787 exurrexit
947 744 1157 800 Christus,
1181 745 1257 805 qui
1277 754 1341 790 est
1364 761 1494 806 super
1510 746 1655 790 omnia
1672 749 1788 790 Deus

411 811 668 857 benedictus
695 813 741 857 in
768 814 973 870 saecula2‚
1012 824 1056 859 et
1089 815 1269 875 dispersi
1291 825 1392 861 sunt
1415 816 1580 861 inimici
1601 817 1692 877 ejus
1713 831 1791 877 per
1846 838 1847 842 ¹

409 897 558 927 omnes
581 893 749 943 gentes,
773 887 797 929 J
801 884 930 941 udaei,
954 885 1000 929 in
1023 900 1075 930 eo
1090 885 1184 945 ipso
1200 885 1297 930 loco
1318 886 1394 930 ubi
1408 886 1652 931 inimicitias
1674 902 1790 930 exer-

407 964 619 1009 cuerunt,
651 954 883 1012 debellati,
921 965 1052 1017 atque
1074 956 1178 1002 inde
1208 972 1288 1017 per
1318 966 1474 1002 cuncta
1502 957 1712 1017 dispersi.-
1747 966 1790 1001 et

408 1040 528 1070 nunc
550 1025 752 1081 oderunt,
776 1027 851 1071 sed
868 1036 1086 1083 metuunt,
1105 1037 1147 1072 et
1163 1028 1208 1072 in
1226 1029 1318 1088 ipso
1339 1037 1460 1072 metu
1483 1027 1651 1073 faciunt
1671 1028 1793 1089 quod

408 1096 630 1157 sequitur,
660 1117 680 1139 «
704 1101 762 1143 Et
793 1097 966 1158 fugiant
988 1100 1065 1159 qui
1094 1098 1283 1144 oderunt
1311 1115 1412 1143 eum
1440 1115 1464 1143 a
1488 1098 1596 1144 facie
1624 1100 1728 1159 ejus.
1766 1117 1788 1140 »

405 1170 529 1226 Fuga
551 1168 713 1227 quippe
735 1168 895 1223 animi,
921 1178 984 1213 est
1006 1170 1149 1214 timor.
1179 1172 1288 1214 Nam
1311 1169 1472 1214 carnali
1494 1168 1599 1228 fuga
1615 1185 1704 1229 quo
1720 1168 1793 1213 fu-

405 1238 528 1296 giunt
551 1237 606 1281 ab
629 1238 720 1297 ejus
738 1237 860 1293 facie,
882 1239 956 1298 qui
973 1240 1140 1301 ubique
1154 1241 1393 1299 praesentiae
1415 1256 1504 1284 suae
1525 1239 1793 1284 demonstrat

407 1308 644 1352 effectum?
669 1327 689 1350 «
720 1312 815 1361 Quo
849 1309 980 1353 abibo
997 1344 1008 1364 ‚
1034 1310 1178 1369 inquit
1197 1310 1270 1354 ille
1286 1345 1296 1364 ‚
1322 1311 1377 1354 ab
1399 1310 1552 1370 spiritu
1572 1319 1650 1354 tuo
1667 1346 1678 1365 ‚
1704 1319 1748 1355 et
1769 1326 1794 1355 a

408 1397 430 1420 »
464 1377 574 1423 facie
601 1387 677 1422 tua
707 1394 796 1439 quo
821 1376 985 1438 fugiam
1012 1380 1066 1420 ³?
1094 1397 1114 1420 »
1150 1380 1309 1424 Animo
1332 1381 1470 1439 ?ergo‚
1501 1395 1591 1424 non
1613 1395 1794 1440 corpore

411 1449 618 1509 fugiunt3
643 1449 838 1495 timendo
864 1450 1052 1506 scilicet,
1080 1449 1396 1509 non‘latend03
1420 1466 1501 1496 nec
1528 1452 1582 1495 ab
1603 1467 1654 1496 ea
1684 1451 1795 1497 facie

411 1535 544 1580 quam
566 1536 657 1564 non
677 1520 850 1576 vident,
874 1520 950 1564 sed
982 1520 1036 1564 ab
1065 1536 1114 1564 ea
1133 1535 1266 1580 quam
1281 1521 1430 1565 videre
1451 1530 1681 1579 coguntur.
1707 1525 1795 1566 Fa-

406 1590 493 1634 cies
513 1590 675 1650 quippe
697 1591 787 1651 ejus
810 1589 1025 1650 appellata
1057 1599 1119 1634 est
1148 1591 1379 1649 praesentia
1410 1592 1501 1651 ejus
1532 1607 1611 1652 per
1639 1590 1796 1636 Eccle-

409 1660 514 1704 siam
538 1661 644 1720 ejus.
667 1660 792 1704 Unde
814 1659 896 1704 illis
921 1660 1243 1705 inimicantibus
1265 1660 1375 1706 dixit
1395 1681 1406 1706 ι
1433 1680 1454 1704 «
1478 1662 1650 1707 Amodo
1670 1661 1796 1706 vide-

417 1751 438 1774 »
473 1732 574 1776 bitis
596 1730 756 1775 Filium
774 1730 962 1775 hominis
995 1730 1241 1775 venientem
1279 1731 1324 1774 in
1353 1731 1547 1776 nubibus
1561 1732 1593 1776 4.
1622 1749 1643 1773 n
1677 1731 1797 1777 Sicut

408 1801 590 1846 venitin
610 1799 801 1844 Ecclesia
822 1816 914 1856 sua,
933 1799 1185 1845 diffundens
1207 1816 1302 1844 eam
1319 1809 1412 1846 toto
1434 1801 1540 1846 orbe
1559 1810 1793 1857 terrarum,

411 1873 458 1916 in
484 1886 573 1931 quo
593 1871 772 1930 dispersi
794 1880 897 1914 sunt
918 1871 1082 1915 inimici
1115 1872 1220 1931 ejus.
1246 1872 1378 1916 Venit
1398 1881 1545 1916 autem
1565 1873 1612 1916 in
1638 1871 1797 1917 talibus

413 1942 608 1986 nubibus
629 1940 683 1984 de
705 1939 907 2001 qualibus
925 1940 1030 1985 dicit
1050 1960 1060 1985 ε
1088 1960 1108 1983 «
1132 1941 1354 1987 Mandabo
1376 1943 1568 1988 nubibus
1584 1943 1691 1987 meis
1706 1978 1718 1998 ‚
1742 1958 1798 1986 ne

415 2030 437 2053 ³)
473 2010 628 2071 pluant
652 2026 780 2070 super
803 2025 898 2054 eam
917 2010 1101 2054 imbreni
1120 2013 1150 2054 ⁵.
1173 2012 1363 2071 Fugiant
1383 2027 1484 2071 ergo
1506 2012 1583 2072 qui
1609 2012 1800 2056 oderunt

416 2100 437 2123 »
474 2096 574 2125 eum
608 2096 632 2125 a
665 2080 774 2125 facie
807 2082 900 2141 ejus
933 2100 942 2125 :
973 2099 994 2122 n
1029 2081 1213 2125 timeant
1244 2098 1267 2125 a
1294 2083 1522 2141 praesentia
1550 2091 1799 2126 sanctorum

415 2152 700 2212 fideliumque
730 2153 845 2212 ejus,
870 2151 925 2195 de
946 2151 1104 2212 quibus
1125 2150 1250 2196 dicit:
1273 2171 1291 2192 «
1308 2155 1421 2198 Cum
1442 2153 1520 2197 uni
1541 2168 1592 2198 ex
1607 2152 1798 2197 minimis

415 2241 437 2264 »
471 2223 577 2267 meis
594 2222 751 2267 fecistis
771 2258 782 2278 ‚
805 2222 912 2267 mihi
932 2222 1092 2268 fecistis
1107 2223 1138 2266 ⁶.
1169 2241 1189 2264 ι)

471 2309 553 2350 111.
589 2325 609 2348 «
649 2306 766 2350 Sicut
793 2306 940 2351 deficit
972 2305 1119 2350 fumus
1135 2341 1145 2361 ,
1178 2305 1383 2352 deficiant
1403 2308 1434 2352 ⁷.
1474 2325 1497 2351 ».
1532 2306 1798 2352 Extulerunt

413 2377 529 2422 enim
546 2392 590 2421 se
607 2377 661 2420 ab
682 2377 855 2434 ignibus
873 2376 1073 2422 odiorum
1090 2392 1268 2422 suorum
1282 2377 1328 2421 in
1349 2377 1564 2437 superbiae
1585 2378 1791 2438 typhum,

460 2490 472 2526 J
492 2484 572 2516 Psal.
590 2494 675 2515 van
688 2509 697 2525 ,
717 2492 748 2516 2.
768 2499 810 2506 —-
838 2489 851 2505 ²
878 2484 969 2521 Rom.
1000 2494 1032 2515 ix
1045 2507 1054 2524 ,
1085 2483 1116 2515 5.
1136 2500 1177 2506 -—
1197 2481 1210 2505 3
1230 2483 1311 2516 Psal.
1331 2494 1470 2516 exxxvm
1484 2509 1493 2524 ,
1521 2494 1553 2526 7.
1571 2501 1614 2507 -—
1636 2482 1651 2513 4
1667 2483 1794 2526 Mattb.

413 2550 502 2581 xxvr,
518 2538 573 2580 64.
599 2556 639 2562 —-
656 2537 670 2562 5
689 2540 758 2572 lsai.
783 2550 817 2581 v,
837 2539 870 2571 6.
891 2555 932 2562 —-
949 2537 964 2562 6
982 2538 1095 2571 Matth.
1117 2548 1194 2581 xxv,
1213 2537 1268 2580 4ο.
1293 2556 1335 2562 -
1356 2546 1369 2571 7
1391 2539 1471 2572 Psal.
1491 2550 1587 2580 nvn,
1608 2539 1639 2571 3.
