1889 3285
357 216 596 245 En'AiiRATio
629 218 673 244 nv
706 219 908 245 PSALMUM
939 218 1055 244 vai.
1328 204 1410 243 243

35 284 136 345 quia
162 283 238 343 qui
262 282 366 327 colit
403 298 507 336 nos,
537 281 705 325 habitat
736 282 780 326 in
812 282 951 326 uobis.
986 284 1042 325 Et
1071 281 1178 340 quid
1205 281 1263 324 ait
1295 279 1412 325 idem

33 352 294 413 Apostolus?
319 371 339 394 «
359 355 451 410 Ego
472 350 689 410 plantavi,
725 351 882 411 Apollo
904 351 1058 410 rigavit
1076 386 1087 406 ‚
1123 350 1198 395 sed
1216 354 1328 395 Deus
1345 351 1413 395 in-

36 442 58 468 »
92 423 360 468 crementum
378 422 513 466 dedit.
539 425 654 480 Ergo
672 438 814 482 neque
836 423 913 483 qui
933 421 1102 482 plantat
1133 430 1197 465 est
1221 421 1408 481 aliquid,

36 511 58 536 »
91 509 235 554 neque
255 493 331 554 qui
350 493 461 552 rigat
481 527 492 547 ‚
517 491 591 536 sed
606 493 681 552 qui
702 492 1017 537 incrementum
1038 491 1112 536 dat
1130 493 1282 536 Deus².
1297 510 1317 532 »
1334 490 1413 535 Ille

34 579 137 623 ergo
157 564 474 608 incrementum
491 561 581 606 dat.
606 562 831 622 Numquid
847 561 958 606 forte
980 562 1050 606 isti
1066 571 1168 606 sunt
1190 560 1413 620 agricolae?

32 633 232 692 Agricola
253 634 368 678 enim
389 632 547 677 dicitur
569 633 646 693 qui
666 632 832 692 plantat
848 669 858 688 ,
883 633 960 694 qui
977 633 1088 692 rigat
1111 652 1120 677 z
1138 632 1245 675 dixit
1267 641 1414 675 autem

31 703 265 764 Apostolus
291 723 301 748 :
329 723 350 746 υ,
372 706 466 762 Ego
498 703 716 763 plantavi,
741 703 898 763 Apollo
930 703 1098 762 rigavit.
1127 703 1412 756 »Quaerimus

31 775 151 821 unde
183 777 272 836 ipse
300 777 384 820 hoc
420 774 571 820 fecerit
591 778 608 818 ’Β
635 775 885 835 Respondet
905 775 1151 836 Apostolus.
1177 794 1194 816 «
1217 777 1314 821 Non
1336 789 1416 833 ego

34 864 56 888 »
91 856 236 891 autem
252 882 264 902 ‚
290 845 367 891 sed
392 846 529 905 gratia
552 846 628 890 Dei
650 850 864 890 mecumss.
893 864 914 887 »
940 848 1055 904 Ergo
1073 860 1351 906 quocumque
1372 853 1416 888 te

31 918 224 972 verteris,
247 917 334 961 sive
352 932 428 976 per
442 915 644 976 Angelos,
663 919 801 960 Deum
816 917 1005 961 invenies
1023 916 1253 976 agricolam
1268 925 1412 974 tuum3

26 987 118 1033 sive
139 1004 215 1048 per
237 989 495 1047 Prophetas,
519 989 609 1047 ipse
630 996 693 1031 est
709 985 894 1045 agricola
915 996 1042 1044 tuus3
1065 988 1153 1031 sive
1176 1001 1252 1046 per
1271 989 1414 1045 Apos-

31 1057 141 1104 tolos
153 1093 164 1114 ,
189 1058 390 1103 eumdem
410 1058 551 1118 ipsum
569 1073 750 1117 agnosce
770 1057 999 1115 agricolam
1017 1067 1158 1104 tuum.
1184 1057 1298 1110 Quid
1316 1071 1418 1114 ergo

29 1131 135 1174 nos?
158 1132 355 1174 Fortasse
377 1129 559 1188 operarii
577 1145 725 1173 sumus
739 1128 935 1187 agricolae
948 1128 1063 1172 illius
1077 1163 1088 1184 ‚
1107 1137 1151 1172 et
1167 1128 1251 1172 hoc
1271 1127 1415 1187 ipsum

31 1199 86 1244 ab
113 1200 207 1260 ipso
233 1200 461 1260 impartitis
491 1200 676 1255 viribus7
702 1209 745 1243 et
765 1200 820 1243 ab
842 1200 933 1259 ipso
955 1198 1115 1244 donata
1139 1199 1288 1257 gratia.
1315 1201 1413 1258 Ipse

29 1286 133 1330 ergo
155 1281 198 1315 et
219 1271 325 1316 colit
339 1306 350 1326 ‚
377 1280 420 1314 et
441 1272 758 1315 incrementum
782 1270 871 1315 dat.
896 1270 1098 1330 Agricola
1119 1281 1265 1315 autem
1282 1270 1414 1314 homo

17 1342 198 1386 »vineam
223 1342 325 1387 colit
347 1343 582 1397 hactenus,
609 1351 660 1385 ut
692 1351 810 1397 aret,
838 1351 990 1401 putet,
1016 1341 1221 1386 adhibeat
1253 1350 1411 1386 caetera

20 1430 128 1474 quae
145 1414 365 1474 pertinent
387 1413 442 1458 ad
459 1413 746 1472 agricolarum
767 1412 1036 1471 diligentiam
1063 1432 1071 1458 :
1096 1412 1247 1473 pluere
1272 1413 1412 1456 vineae

22 1499 119 1529 ,suae
154 1499 246 1528 non
282 1493 439 1543 potest.
477 1483 605 1537 Quod
633 1484 667 1527 si
689 1482 802 1528 forte
823 1484 999 1542 irrigare
1017 1493 1187 1543 potest,
1212 1483 1268 1527 de
1290 1485 1415 1543 cujus

17 1557 208 1615 potest?
239 1558 335 1614 Ipse
370 1554 548 1615 quidem
580 1555 702 1600 ducit
732 1555 778 1598 in
799 1555 941 1598 rivum
961 1589 972 1609 ,
1010 1554 1086 1599 sed
1113 1557 1227 1602 Deus
1258 1553 1412 1613 implet

28 1625 212 1670 fontem.
246 1630 468 1671 Postremo
498 1625 544 1669 in
570 1626 695 1670 vinea
725 1641 803 1669 sua
827 1625 1145 1669 incrementum
1179 1624 1282 1669 dare
1315 1639 1407 1687 sar-

20 1700 185 1744 mentis
216 1715 306 1744 non
333 1706 496 1757 potest,
530 1697 718 1741 formare
741 1695 905 1740 fructus
926 1711 1015 1740 non
1039 1704 1206 1754 potest,
1233 1694 1410 1739 modifi-

14 1786 125 1815 ..care
156 1770 318 1814 semina
359 1783 449 1813 non
486 1777 642 1827 potest.
678 1770 890 1825 Tempora
931 1765 1139 1824 gignendi
1174 1774 1415 1825 temperare

13 1855 120 1887 *non
141 1851 297 1902 potest.
324 1844 436 1885 Deus
459 1848 605 1883 autem
636 1837 714 1898 qui
735 1837 880 1882 omnia
902 1845 1072 1896 potest,
1098 1836 1285 1895 agricola
1306 1852 1412 1881 nos-

17 1922 96 1958 :ter
116 1923 204 1968 est,
235 1912 372 1956 securi
401 1925 563 1955 sumus.
589 1912 721 1953 Forte
749 1908 809 1952 ait
846 1907 1031 1968 aliquis:
1063 1911 1129 1952 Tu
1163 1908 1268 1952 dicis
1306 1907 1412 1965 agri-

16 1984 170 2029 :colam
208 1976 405 2027 nostrum
433 1997 522 2025 esse
553 1983 692 2025 Deum
719 1980 839 2024 :imo
870 1994 949 2037 ego
989 1977 1222 2038 Apostolos
1249 1979 1416 2037 agrico-

14 2054 91 2099 ·las
116 2054 214 2099 dico
231 2089 241 2109 ‚
275 2054 352 2114 qui
372 2053 577 2097 dixerunt
595 2071 604 2096 :
628 2071 648 2094 ι(
675 2053 768 2109 Ego
789 2049 1003 2110 plantavi,
1025 2049 1185 2110 Apollo
1197 2049 1367 2109 rigavit.
1388 2068 1409 2092 »

32 2123 76 2172 Si
98 2141 178 2185 ego
194 2125 291 2170 dico
307 2160 318 2180 ‚
344 2139 473 2168 nemo
495 2124 643 2171 credat
660 2142 669 2167 z
689 2123 724 2167 si
744 2122 940 2167 Christus
962 2121 1067 2166 dicit
1091 2141 1100 2166 :
1126 2123 1204 2166 Vae
1224 2122 1301 2183 qui
1324 2137 1415 2167 non

14 2197 181 2242 credit.
197 2195 316 2250 Quid
337 2211 439 2255 ergo
458 2195 666 2239 Dominus
682 2194 879 2239 Christus
901 2194 984 2238 ait?
1011 2212 1028 2233 «
1050 2195 1145 2252 Ego
1170 2208 1264 2237 sum
1286 2193 1384 2237 vitis
1399 2228 1410 2249 ,

33 2286 54 2310 n
88 2283 164 2313 vos
184 2257 413 2319 sarmenta,
439 2269 566 2310 Pater
588 2280 710 2308 meus
726 2263 913 2323 agricola
926 2264 958 2307 3.
979 2281 999 2305 »
1020 2262 1144 2308 sitiat
1164 2279 1265 2323 ergo
1284 2272 1411 2319 terra,

12 2347 74 2383 et
96 2338 196 2382 edat
226 2352 353 2382 voces
374 2336 463 2380 sitis
496 2352 584 2380 suae
611 2355 619 2380 :
646 2335 853 2395 quoniam
872 2334 1079 2394 scriptum
1097 2343 1161 2378 est
1181 2353 1190 2378 :
1214 2352 1235 2375 «
1257 2334 1414 2378 Anima

36 2429 54 2451 »
89 2424 185 2453 mea
205 2409 316 2452 sicut
337 2417 449 2451 terra
470 2407 560 2451 sine
573 2421 686 2466 aqua
709 2405 788 2449 tibi
802 2406 833 2448 4.
862 2423 883 2446 »
903 2404 1027 2450 Dicat
1049 2420 1151 2463 ergo
1174 2413 1288 2448 terra
1310 2420 1414 2448 nos-

79 2512 89 2528 ¹
116 2516 128 2537 1
155 2507 226 2537 Cor.
248 2515 307 2545 ιιι,
331 2505 403 2546 6-9.
434 2520 475 2526 —-
509 2509 522 2526 2
547 2503 593 2534 Id.
615 2513 701 2551 xv,⁶
723 2513 772 2533 ιο.
810 2519 851 2523 --
884 2499 897 2523 3
926 2503 1016 2533 Joan.
1051 2512 1114 2542 xv,
1139 2500 1206 2533 1-5.
1233 2517 1274 2524 --
1295 2499 1311 2530 4
1329 2500 1411 2532 Psal.

33 2573 128 2602 ctxn,
146 2562 179 2594 6.

1220 2611 1282 2648 16.
