1889 3285
425 245 507 283 122
868 251 902 281 s.
938 251 1168 281 AUGUSTINI
1199 253 1382 281 El>1scoP1

422 329 535 364 stum
564 317 777 378 intelligas
794 327 925 378 caput
944 327 986 362 et
1009 334 1180 378 corpus,
1205 319 1424 378 passiones
1444 317 1603 363 Christi
1630 317 1803 366 nonnisi

421 391 467 433 in
498 390 669 434 Christo
698 409 706 433 2
738 389 772 433 si
798 398 943 432 autem
970 389 1192 433 Christum
1224 388 1438 447 intelligas
1471 387 1610 433 solum
1643 398 1800 448 caput,

421 460 637 520 passiones
662 458 821 503 Christi
849 459 1004 503 nonin
1036 458 1127 503 solo
1154 459 1338 504 Christo.
1367 458 1409 503 Si
1441 458 1555 502 enim
1587 458 1804 517 passiones

424 533 583 578 Christi
619 533 664 575 in
699 531 790 576 solo
812 533 1009 586 Christo,
1041 531 1130 577 imo
1150 532 1196 575 in
1221 532 1312 576 solo
1339 532 1506 591 capite,
1540 530 1659 575 unde
1700 530 1806 576 dicit

422 603 644 664 quoddam
668 603 914 648 membrum
931 604 1021 663 ejus
1039 602 1198 648 Paulus
1215 602 1458 662 apostolus:
1474 621 1494 644 «
1511 605 1568 646 Ut
1580 601 1804 661 suppleam

426 692 445 715 »
463 690 561 737 quae
583 673 741 717 desunt
762 689 1058 732 pressurarum
1077 673 1237 723 Christi
1249 674 1295 725 in
1311 688 1439 717 carne
1455 674 1566 717 mea¹
1579 674 1628 716 Ρ»
1641 673 1684 717 Si
1705 687 1807 730 ergo

422 744 467 788 in
490 744 693 787 membris
717 744 876 789 Christi
910 760 977 799 es,
1005 745 1270 805 quicumque
1296 745 1428 788 homo
1447 779 1458 798 ‚
1490 743 1684 804 quisquis
1712 744 1807 789 haec

421 816 565 869 audis,
589 814 782 874 quisquis
804 815 898 859 haec
926 831 1044 860 nunc
1065 831 1155 859 non
1178 814 1299 859 audis
1330 835 1338 859 ε
1362 817 1379 873 (
1400 815 1474 859 sed
1497 823 1643 858 tamen
1665 815 1804 870 audis,

422 884 457 928 si
473 885 517 932 in
535 885 738 929 membris
761 885 920 930 Christi
938 901 1005 929 es:
1031 888 1048 943 )
1068 885 1286 946 quidquid
1303 885 1458 945 pateris
1476 884 1530 929 ab
1552 885 1610 934 eis
1628 885 1809 945 quinon

421 965 525 999 sunt
545 955 591 1004 in
607 956 811 1003 membris
840 956 999 1004 Christi
1029 955 1177 1000 deerat
1208 955 1478 1016 passionibus
1507 955 1681 1003 Christi.
1703 954 1809 1001 Ideo

422 1025 612 1081 additur,
634 1027 734 1087 quia
750 1026 925 1085 deerat,
943 1042 1191 1071 mensuram
1207 1025 1375 1086 imples,
1395 1042 1486 1072 non
1500 1024 1806 1085 supersundis:

421 1107 593 1150 tantum
621 1098 777 1158 pateris
810 1108 1024 1158 quantum
1052 1114 1103 1142 ex
1123 1097 1394 1158 passionibus
1419 1097 1505 1148 tuis
1534 1095 1812 1153 inferendum

422 1178 513 1213 erat
544 1169 755 1214 universae
781 1170 965 1229 passioni
993 1169 1179 1224 Christi,
1209 1169 1284 1229 qui
1319 1183 1466 1228 passus
1492 1177 1556 1215 est
1594 1168 1637 1213 in
1669 1169 1811 1228 capite

422 1248 585 1293 nostro,
613 1248 655 1283 et
675 1239 838 1298 patitur
864 1239 909 1285 in
936 1239 1140 1287 membris
1162 1239 1247 1283 suis
1262 1274 1272 1294 ,
1297 1237 1344 1282 id
1364 1247 1451 1293 est,
1481 1238 1528 1287 in
1549 1238 1806 1298 nobisipsis.

422 1308 491 1354 Ad
515 1323 793 1353 communem
821 1309 935 1353 hanc
956 1310 1079 1368 quasi
1102 1323 1194 1352 rem
1217 1307 1438 1367 publicam
1472 1316 1666 1354 nostram
1699 1309 1811 1368 quis-

421 1395 507 1440 que
529 1395 609 1439 pro
630 1378 810 1423 modulo
834 1388 981 1423 nostro
1005 1378 1240 1423 exolvimus
1269 1377 1390 1438 quod
1411 1376 1638 1433 debemus,
1673 1387 1716 1422 et
1731 1394 1812 1438 pro

420 1451 685 1511 possessione
712 1450 868 1494 virium
897 1459 1140 1494 nostrarum
1177 1449 1300 1509 quasi
1330 1464 1542 1493 canonem
1564 1449 1813 1508 passionum
1876 1467 1879 1472 ·

421 1520 661 1578 inferimus..
696 1521 928 1565 Pariatoria
973 1520 1167 1580 plenaria
1205 1520 1454 1579 passionum
1489 1520 1685 1564 omnium
1723 1536 1813 1565 non

422 1593 517 1647 erit,
542 1592 622 1637 nisi
643 1608 743 1636 cum
765 1592 972 1636 saeculum
995 1592 1168 1636 finitum
1192 1590 1336 1634 fuerit.
1368 1593 1646 1651 «Quousque
1683 1607 1813 1651 appo-

425 1681 445 1704 »
480 1663 579 1708 nitis
603 1679 731 1722 super
751 1663 1004 1719 hominem?
1025 1681 1045 1702 »
1071 1662 1298 1722 Quidquid
1319 1661 1428 1720 passi
1448 1670 1547 1704 sunt
1582 1662 1811 1721 Prophetae

423 1749 446 1777 a
462 1732 671 1792 sanguine
687 1733 798 1776 Abel
814 1733 919 1792 justi
943 1748 1079 1793 usque
1099 1733 1153 1775 ad
1175 1731 1428 1789 sanguinem
1455 1731 1710 1786 Zachariae2,
1732 1747 1811 1791 ap—

420 1805 610 1865 positum
631 1814 693 1848 est
715 1820 843 1863 super
861 1804 1100 1858 hominem,
1123 1803 1225 1863 quia
1243 1812 1559 1862 praecesserunt
1575 1801 1812 1847 adventum

422 1874 729 1921 incarnationis
752 1874 913 1924 Christi
934 1874 1136 1935 quaedam
1174 1873 1365 1917 membra
1387 1873 1549 1918 Christi
1584 1892 1593 1918 :
1624 1873 1735 1917 sicut
1765 1874 1812 1917 in

423 1955 625 1990 nascente
653 1944 865 2005 quodam,
902 1945 1101 1989 nondum
1134 1943 1314 2004 quidem
1346 1943 1611 2003 procedente
1639 1945 1808 2004 capite,

423 2017 627 2077 processit
653 2018 840 2072 manus3,
867 2016 942 2060 sed
964 2025 1109 2060 tamen
1130 2015 1259 2075 capiti
1281 2015 1624 2061 connectebatur
1650 2025 1693 2060 ct
1716 2031 1811 2060 ma-

424 2104 520 2132 nus.
544 2087 685 2132 Nolite
706 2103 807 2146 ergo
829 2096 998 2146 putare,
1030 2085 1209 2141 fratres,
1248 2101 1397 2137 omnes
1427 2086 1564 2145 justos
1593 2086 1669 2145 qui
1702 2086 1812 2145 passi
1841 2090 1843 2097 '

424 2167 525 2202 sunt
549 2158 889 2218 persecutionem
917 2157 1189 2217 iniquorum,
1221 2157 1351 2200 etiam
1372 2154 1469 2200 illos
1498 2157 1574 2216 qui
1597 2165 1813 2201 venerunt
1841 2190 1843 2199 ,

422 2230 538 2273 missi
561 2239 658 2273 ante
681 2229 851 2278 Domini
876 2227 1113 2281 adventum
1137 2227 1431 2287 praenuntiare
1454 2227 1627 2272 Domini
1645 2226 1811 2273 adven-
1840 2269 1841 2273 ,

426 2309 546 2355 tum,
578 2315 666 2343 non
686 2299 942 2358 pertinuisse
969 2297 1024 2342 ad
1056 2298 1251 2342 membra
1289 2297 1465 2342 Christi.
1492 2297 1618 2343 Absit
1639 2307 1689 2342 ut
1722 2313 1812 2344 non
1839 2321 1842 2330 ι

424 2370 640 2430 pertineat
663 2370 717 2413 ad
744 2369 938 2413 membra
966 2368 1153 2423 Christi,
1180 2368 1256 2428 qui
1290 2368 1478 2426 pertinet
1512 2367 1567 2412 ad
1589 2368 1811 2426 civitatem
1838 2397 1840 2421 :

425 2457 524 2501 quae
542 2456 684 2499 regem
704 2440 837 2483 habet
854 2440 1088 2484 Christum.
1114 2439 1189 2483 llla
1209 2455 1295 2483 una
1309 2447 1372 2482 est
1394 2438 1632 2485 Jerusalem
1652 2438 1809 2483 coeles-
1838 2430 1840 2482 ἕ

425 2513 494 2568 tis,
519 2512 666 2556 civitas
688 2520 834 2555 sancta
863 2531 872 2555 2
897 2511 990 2555 haec
1017 2526 1104 2554 una
1135 2511 1282 2555 civitas
1315 2525 1454 2561 unum
1482 2509 1616 2562 habet
1644 2525 1805 2569 regem.
1836 2506 1839 2529 ⁹

475 2604 483 2619 ¹
500 2597 615 2630 Coloss.
632 2608 654 2638 ι,
679 2596 733 2639 24.
756 2614 796 2620 -
813 2604 825 2619 ²
839 2597 951 2630 Matth.
973 2597 1128 2634 xx111‚55.
1153 2614 1192 2620 —
1214 2595 1325 2639 {Gen
1347 2607 1483 2638 xxxx-111,
1497 2604 1551 2638 27.
