1889 3285
428 283 668 313 mnam-no
701 287 746 313 IN
778 286 979 314 PsALMUM
1012 287 1111 314 va.
1359 278 1444 316 229

69 350 163 395 silia
185 348 416 409 perdendi,
441 348 516 392 ille
537 350 780 393 excaecandi
802 361 844 394 et
876 349 1090 407 salvandi3
1114 351 1359 395 excaecandi
1379 367 1448 395 su-

67 421 225 480 perbos
248 455 258 474 ,
302 418 493 463 salvandi
537 419 721 463 humiles
768 439 777 463 :
823 421 878 464 ad
919 421 1002 464 hoc
1046 428 1191 463 autem
1240 421 1448 480 superbos

67 490 181 549 ipsos
201 488 466 543 excaecandi,
497 498 547 533 ut
568 489 715 533 caecati
738 489 1092 543 humiliarentur,
1114 489 1328 534 humiliati
1341 505 1448 535 con-

66 560 309 615 fiterentur,
349 558 534 603 confessi
559 558 923 603 illuminarentur.
972 577 992 600 «
1011 558 1228 603 Terribilis
1263 560 1310 603 in
1351 575 1450 604 con·

72 651 89 672 »
124 629 225 673 siliis
246 645 375 690 super
396 629 504 674 filios
526 629 769 674 hominum.
799 649 819 671 »
850 633 961 674 Vere
982 628 1200 674 terribilis.
1226 633 1338 674 Ecce
1364 647 1450 675 cae-

65 701 169 745 citas
186 717 236 744 ex
257 710 379 760 parte
401 700 532 744 Israel
549 699 661 745 facta
684 710 747 744 est
767 721 775 745 :
799 716 897 745 ecce
914 703 938 745 J
942 700 1056 744 udaei
1078 716 1128 743 ex
1145 700 1302 760 quihus
1322 711 1449 745 natus

65 780 129 815 est
145 771 355 825 Christus,
382 769 484 815 foris
506 780 605 815 sunt
632 790 640 814 :
661 786 760 814 ecce
782 772 940 814 Gentes
963 786 1062 830 quae
1084 779 1232 814 contra
1250 770 1449 815 ,Iudaeam

66 849 208 894 erant,
228 841 273 884 in
295 840 466 885 Christo
483 840 601 885 intus
618 843 758 885 sunt¹.
782 859 802 883 «
819 841 1036 884 Terribilis
1049 841 1094 884 in
1115 841 1303 885 consiliis
1321 856 1451 901 super

66 929 87 953 »
123 911 233 956 filios
254 912 498 956 hominum.
530 930 550 952 »
1265 904 1269 906 i

121 985 202 1026 XI.
230 986 462 1042 Propterea
487 982 594 1043 quid
615 981 717 1027 fecit
738 992 902 1028 terrore
922 983 1087 1028 consilii
1110 984 1201 1028 sui?
1223 985 1449 1029 Convertit

64 1067 183 1096 mare
199 1053 243 1096 in
265 1052 443 1097 aridam.
464 1056 558 1098 Hoc
575 1053 690 1097 enim
708 1053 903 1113 sequitur
926 1073 935 1098 :
958 1073 977 1095 «
999 1053 1083 1104 Qui
1101 1054 1315 1097 convertit
1334 1069 1449 1097 mare

65 1139 85 1163 υ
120 1122 166 1166 in
189 1122 352 1167 aridam
366 1124 397 1166 ².
428 1142 447 1164 »
472 1126 591 1167 Mare
612 1132 702 1166 erat
720 1123 926 1178 mundus,
948 1138 1116 1167 amarus
1134 1123 1335 1179 salsitate,
1359 1133 1450 1167 tur-

60 1192 267 1236 bulentus
300 1202 582 1252 tempestate,
620 1193 797 1237 saeviens
830 1194 1037 1238 fluctibus
1066 1194 1446 1253 persecutionum,

60 1278 178 1305 mare
195 1273 286 1306 erat
312 1283 320 1306 2
343 1272 458 1306 certe
480 1264 523 1305 in
547 1262 709 1306 aridam
726 1278 983 1307 conversum
1002 1273 1065 1307 est
1086 1279 1217 1318 mare,
1243 1264 1375 1308 modo
1397 1265 1448 1308 si-

59 1332 112 1375 tit
129 1347 288 1391 aquam
310 1331 482 1375 dulcem
500 1332 707 1387 mundus,
730 1334 805 1392 qui
823 1333 928 1376 salsa
948 1333 1101 1392 plenus
1120 1343 1225 1377 erat.
1242 1335 1346 1387 Quis
1363 1335 1447 1378 hoc

59 1400 188 1445 fecit?
215 1421 232 1442 «
254 1403 337 1455 Qui
362 1402 575 1446 convertit
596 1417 713 1446 mare
734 1403 779 1446 in
803 1402 982 1447 aridam.
1007 1422 1027 1444 »
1051 1406 1147 1447 Jam
1172 1404 1314 1447 anima
1332 1405 1449 1448 Gen-

58 1474 169 1517 tium
193 1473 389 1517 omnium
411 1474 518 1533 quid
543 1473 671 1517 dicit?
709 1493 728 1516 «
764 1474 920 1518 Anima
949 1489 1044 1518 mea
1070 1474 1190 1518 velut
1218 1484 1330 1519 terra
1358 1476 1448 1519 sine

62 1562 84 1584 »
120 1560 229 1604 aqua
264 1545 384 1588 tibi3.
417 1545 502 1597 Qui
524 1545 739 1589 convertit
766 1560 884 1588 mare
908 1545 953 1588 in
980 1545 1159 1588 aridam.
1194 1548 1246 1589 In
1268 1547 1449 1590 flumine

61 1631 82 1654 »
117 1613 446 1672 pertransibunt
463 1613 587 1672 pede.
619 1633 638 1655 »
665 1613 734 1657 Illi
754 1614 835 1673 ipsi
855 1614 931 1674 qui
959 1615 1154 1658 conversi
1177 1625 1278 1659 sunt
1300 1616 1345 1659 in
1364 1615 1449 1659 ari-

58 1684 186 1739 dam,
207 1700 307 1728 cum
329 1693 470 1728 essent
491 1693 615 1728 antea
639 1699 772 1739 mare,
795 1702 815 1725 «
841 1688 892 1728 In
916 1685 1096 1728 flumine
1117 1686 1227 1745 pede
1248 1696 1451 1745 pertran-

60 1771 81 1795 »
117 1755 309 1798 sibunt.»
332 1754 448 1807 Quid
471 1763 533 1798 est
555 1755 746 1797 flumen?
769 1754 956 1798 Flumen
974 1765 1038 1799 est
1052 1755 1192 1799 omnis
1208 1756 1448 1801 mortalitas

57 1824 217 1868 saeculi.
247 1823 402 1868 Videte
429 1825 595 1868 flumen
628 1844 635 1868 :
669 1823 750 1868 alia
780 1825 963 1868 veniunt
996 1835 1039 1869 et
1066 1834 1321 1882 transeunt,
1363 1827 1445 1872 alia

57 1895 289 1940 transitura
313 1895 567 1939 succedunt.
594 1898 750 1940 Nonne
773 1896 830 1939 sic
848 1896 897 1938 fit
916 1896 960 1938 in
984 1912 1095 1955 aqua
1117 1897 1325 1952 fluminis,
1346 1914 1447 1958 quae

57 1966 112 2010 de
133 1975 246 2010 terra
276 1967 492 2019 nascitur,
523 1975 565 2009 et
598 1968 771 2010 manat?
792 1967 944 2010 Omnis
968 1967 1043 2026 qui
1072 1976 1199 2011 natus
1221 1977 1299 2022 est,
1320 1968 1446 2013 cedat

56 2046 230 2096 oportet
252 2037 470 2081 nascituro
499 2056 508 2081 :
533 2045 576 2080 et
600 2037 738 2081 omnis
765 2038 846 2081 iste
874 2037 981 2081 ordo
1004 2053 1150 2081 rerum
1170 2038 1414 2083 labentium
1431 2075 1442 2096 ,

55 2107 214 2151 fluvius
231 2106 408 2167 quidam
429 2116 506 2151 est.
529 2110 582 2151 In
598 2107 728 2151 istum
748 2108 933 2152 fluvium
953 2124 1042 2153 non
1060 2124 1104 2153 se
1126 2109 1271 2153 mittat
1285 2109 1445 2169 cupida

54 2177 213 2229 anima,
233 2192 323 2220 non
344 2192 388 2220 se
410 2177 567 2231 mittat,
588 2186 685 2221 stet.
711 2181 769 2222 Et
790 2179 1011 2237 quomodo
1034 2180 1233 2223 transibit
1253 2179 1444 2224 delecta-

54 2248 193 2291 tiones
210 2262 354 2290 rerum
382 2247 697 2306 periturarum?
720 2247 881 2292 Credat
902 2248 945 2292 in
972 2249 1210 2304 Christum,
1232 2259 1275 2293 et
1292 2251 1448 2294 transi-

53 2318 119 2362 bit
134 2317 245 2377 pede
276 2337 284 2361 :
310 2318 462 2361 transit
483 2318 559 2362 illo
581 2318 708 2373 duce,
734 2319 845 2379 pede
874 2321 1042 2364 transit.
1069 2321 1184 2374 Quid
1207 2331 1270 2365 est
1299 2341 1306 2366 :
1332 2321 1445 2381 pede

55 2388 261 2432 transire?
279 2387 424 2431 Facile
444 2389 642 2433 transire.
667 2392 764 2434 Non
788 2390 945 2450 quaerit
973 2406 1136 2450 equum
1158 2400 1209 2435 ut
1231 2401 1438 2445 transcat,

53 2475 141 2504 non
164 2459 341 2516 erigitur
369 2460 571 2519 superbia
600 2460 655 2504 ad
681 2461 997 2505 transeundum
1034 2463 1201 2507 flumen
1227 2483 1235 2507 :
1262 2461 1439 2506 humilis

104 2572 112 2587 ¹
141 2567 229 2596 Rom.
247 2576 289 2605 xi,
309 2565 361 2596 25.
380 2583 420 2588 —-
435 2572 449 2588 ²
466 2566 545 2597 Psal.
564 2576 636 2607 rw,
656 2566 689 2597 6.
711 2584 752 2589 —-
773 2565 850 2598 3111.
874 2578 971 2605 cun,
986 2567 1018 2599 6.
