<?xml version="1.0" encoding="UTF-8"?>
<!DOCTYPE html PUBLIC "-//W3C//DTD XHTML 1.0 Transitional//EN"
    "http://www.w3.org/TR/xhtml1/DTD/xhtml1-transitional.dtd">
<html xmlns="http://www.w3.org/1999/xhtml" xml:lang="en" lang="en">
 <head>
  <title>
</title>
<meta http-equiv="Content-Type" content="text/html;charset=utf-8" />
  <meta name='ocr-system' content='tesseract 3.04.00' />
  <meta name='ocr-capabilities' content='ocr_page ocr_carea ocr_par ocr_line ocrx_word'/>
</head>
<body>
  <div class='ocr_page' id='page_1' title='image "./operaomniaaccura09auguuoft_0372.png"; bbox 0 0 1889 3285; ppageno 0'>
   <div class='ocr_carea' id='block_1_1' title="bbox 395 238 1334 275">
    <p class='ocr_par' dir='ltr' id='par_1_1' title="bbox 395 238 1334 275">
     <span class='ocr_line' id='line_1_1' title="bbox 395 238 1334 275; baseline -0.001 0"><span class='ocrx_word' id='word_1_1' title='bbox 395 238 477 275; x_wconf 75' lang='lat'><strong>360</strong></span> <span class='ocrx_word' id='word_1_2' title='bbox 827 250 859 275; x_wconf 87' lang='lat' dir='ltr'><strong>s.</strong></span> <span class='ocrx_word' id='word_1_3' title='bbox 899 249 1122 274; x_wconf 67' lang='lat' dir='ltr'><strong>At&#39;GUsTINl</strong></span> <span class='ocrx_word' id='word_1_4' title='bbox 1157 249 1334 275; x_wconf 70' lang='lat' dir='ltr'><strong>nrrscorl</strong></span> 
     </span>
    </p>
   </div>
   <div class='ocr_carea' id='block_1_2' title="bbox 384 311 1772 652">
    <p class='ocr_par' dir='ltr' id='par_1_2' title="bbox 384 311 1772 652">
     <span class='ocr_line' id='line_1_2' title="bbox 392 311 1770 373; baseline 0 -17"><span class='ocrx_word' id='word_1_5' title='bbox 392 322 460 356; x_wconf 89' lang='lat' dir='ltr'><strong>tus</strong></span> <span class='ocrx_word' id='word_1_6' title='bbox 489 320 573 365; x_wconf 84' lang='lat' dir='ltr'><strong>est,</strong></span> <span class='ocrx_word' id='word_1_7' title='bbox 599 311 674 370; x_wconf 87' lang='lat' dir='ltr'><strong>qui</strong></span> <span class='ocrx_word' id='word_1_8' title='bbox 696 326 786 355; x_wconf 91' lang='lat' dir='ltr'><strong>non</strong></span> <span class='ocrx_word' id='word_1_9' title='bbox 808 320 871 355; x_wconf 88' lang='lat' dir='ltr'><strong>est</strong></span> <span class='ocrx_word' id='word_1_10' title='bbox 893 312 1111 368; x_wconf 77' lang='lat' dir='ltr'><strong>Christus3</strong></span> <span class='ocrx_word' id='word_1_11' title='bbox 1136 320 1211 355; x_wconf 86' lang='lat' dir='ltr'><strong>aut</strong></span> <span class='ocrx_word' id='word_1_12' title='bbox 1237 311 1428 356; x_wconf 78' lang='lat' dir='ltr'>Ecclesia</span> <span class='ocrx_word' id='word_1_13' title='bbox 1450 321 1535 368; x_wconf 84' lang='lat' dir='ltr'><strong>est,</strong></span> <span class='ocrx_word' id='word_1_14' title='bbox 1563 328 1660 373; x_wconf 83' lang='lat' dir='ltr'><strong>quae</strong></span> <span class='ocrx_word' id='word_1_15' title='bbox 1682 327 1770 356; x_wconf 92' lang='lat' dir='ltr'><strong>non</strong></span> 
     </span>
     <span class='ocr_line' id='line_1_3' title="bbox 387 380 1772 426; baseline 0.001 -2"><span class='ocrx_word' id='word_1_16' title='bbox 387 389 451 424; x_wconf 86' lang='lat' dir='ltr'><strong>ost</strong></span> <span class='ocrx_word' id='word_1_17' title='bbox 477 380 683 425; x_wconf 82' lang='lat' dir='ltr'><strong>Ecclesia.</strong></span> <span class='ocrx_word' id='word_1_18' title='bbox 709 381 838 425; x_wconf 88' lang='lat' dir='ltr'><strong>Multi</strong></span> <span class='ocrx_word' id='word_1_19' title='bbox 869 381 984 424; x_wconf 91' lang='lat' dir='ltr'><strong>enim</strong></span> <span class='ocrx_word' id='word_1_20' title='bbox 1016 380 1218 424; x_wconf 75' lang='lat' dir='ltr'><strong>dixerunt</strong></span> <span class='ocrx_word' id='word_1_21' title='bbox 1246 396 1418 425; x_wconf 83' lang='lat' dir='ltr'><strong>carnem</strong></span> <span class='ocrx_word' id='word_1_22' title='bbox 1447 398 1536 426; x_wconf 89' lang='lat' dir='ltr'><strong>non</strong></span> <span class='ocrx_word' id='word_1_23' title='bbox 1570 383 1772 426; x_wconf 84' lang='lat' dir='ltr'>habuisse</span> 
     </span>
     <span class='ocr_line' id='line_1_4' title="bbox 388 451 1767 509; baseline 0 -14"><span class='ocrx_word' id='word_1_24' title='bbox 388 451 610 495; x_wconf 83' lang='lat' dir='ltr'>Christum</span> <span class='ocrx_word' id='word_1_25' title='bbox 626 485 637 505; x_wconf 91' lang='lat'><strong>,</strong></span> <span class='ocrx_word' id='word_1_26' title='bbox 664 459 708 494; x_wconf 88' lang='lat' dir='ltr'><strong>et</strong></span> <span class='ocrx_word' id='word_1_27' title='bbox 728 466 817 495; x_wconf 91' lang='lat' dir='ltr'><strong>non</strong></span> <span class='ocrx_word' id='word_1_28' title='bbox 840 451 885 494; x_wconf 87' lang='lat' dir='ltr'><strong>in</strong></span> <span class='ocrx_word' id='word_1_29' title='bbox 907 466 1087 509; x_wconf 88' lang='lat' dir='ltr'><strong>corpore</strong></span> <span class='ocrx_word' id='word_1_30' title='bbox 1109 466 1186 494; x_wconf 89' lang='lat' dir='ltr'><strong>suo</strong></span> <span class='ocrx_word' id='word_1_31' title='bbox 1217 451 1495 495; x_wconf 81' lang='lat' dir='ltr'><strong>resurrexisse</strong></span> <span class='ocrx_word' id='word_1_32' title='bbox 1521 452 1767 496; x_wconf 73' lang='lat' dir='ltr'><strong>Christum:</strong></span> 
     </span>
     <span class='ocr_line' id='line_1_5' title="bbox 389 520 1772 582; baseline 0.001 -18"><span class='ocrx_word' id='word_1_33' title='bbox 389 520 480 565; x_wconf 92' lang='lat' dir='ltr'><strong>noli</strong></span> <span class='ocrx_word' id='word_1_34' title='bbox 501 522 624 581; x_wconf 88' lang='lat' dir='ltr'><strong>sequi</strong></span> <span class='ocrx_word' id='word_1_35' title='bbox 649 537 774 566; x_wconf 92' lang='lat' dir='ltr'><strong>voces</strong></span> <span class='ocrx_word' id='word_1_36' title='bbox 797 537 962 566; x_wconf 88' lang='lat' dir='ltr'><strong>eorum.</strong></span> <span class='ocrx_word' id='word_1_37' title='bbox 990 521 1108 566; x_wconf 85' lang='lat' dir='ltr'><strong>Audi</strong></span> <span class='ocrx_word' id='word_1_38' title='bbox 1130 537 1282 566; x_wconf 88' lang='lat' dir='ltr'><strong>vocem</strong></span> <span class='ocrx_word' id='word_1_39' title='bbox 1304 523 1435 581; x_wconf 89' lang='lat' dir='ltr'><strong>ipsius</strong></span> <span class='ocrx_word' id='word_1_40' title='bbox 1462 523 1644 582; x_wconf 88' lang='lat' dir='ltr'><strong>pastoris</strong></span> <span class='ocrx_word' id='word_1_41' title='bbox 1659 558 1670 578; x_wconf 93' lang='lat'><strong>,</strong></span> <span class='ocrx_word' id='word_1_42' title='bbox 1695 522 1772 582; x_wconf 91' lang='lat' dir='ltr'><strong>qui</strong></span> 
     </span>
     <span class='ocr_line' id='line_1_6' title="bbox 384 591 1771 652; baseline 0.001 -16"><span class='ocrx_word' id='word_1_43' title='bbox 384 591 566 636; x_wconf 92' lang='lat' dir='ltr'><strong>indutus</strong></span> <span class='ocrx_word' id='word_1_44' title='bbox 588 602 651 637; x_wconf 89' lang='lat' dir='ltr'><strong>est</strong></span> <span class='ocrx_word' id='word_1_45' title='bbox 668 607 796 636; x_wconf 89' lang='lat' dir='ltr'><strong>carne</strong></span> <span class='ocrx_word' id='word_1_46' title='bbox 811 627 821 647; x_wconf 91' lang='lat'><strong>,</strong></span> <span class='ocrx_word' id='word_1_47' title='bbox 842 602 891 636; x_wconf 90' lang='lat' dir='ltr'><strong>ut</strong></span> <span class='ocrx_word' id='word_1_48' title='bbox 912 601 1126 652; x_wconf 81' lang='lat' dir='ltr'><strong>quaereret</strong></span> <span class='ocrx_word' id='word_1_49' title='bbox 1147 591 1361 651; x_wconf 78' lang='lat' dir='ltr'><strong>perditam</strong></span> <span class='ocrx_word' id='word_1_50' title='bbox 1385 609 1574 637; x_wconf 87' lang='lat' dir='ltr'><strong>carnem.</strong></span> <span class='ocrx_word' id='word_1_51' title='bbox 1607 597 1771 637; x_wconf 87' lang='lat' dir='ltr'><strong>Resur-</strong></span> 
     </span>
    </p>
   </div>
   <div class='ocr_carea' id='block_1_3' title="bbox 386 657 1889 723">
    <p class='ocr_par' dir='ltr' id='par_1_3' title="bbox 386 657 1889 723">
     <span class='ocr_line' id='line_1_7' title="bbox 386 657 1889 723; baseline 0.001 -18"><span class='ocrx_word' id='word_1_52' title='bbox 386 662 518 717; x_wconf 80' lang='lat' dir='ltr'><strong>rexit,</strong></span> <span class='ocrx_word' id='word_1_53' title='bbox 545 671 588 706; x_wconf 92' lang='lat' dir='ltr'><strong>et</strong></span> <span class='ocrx_word' id='word_1_54' title='bbox 615 663 700 707; x_wconf 87' lang='lat' dir='ltr'><strong>ait:</strong></span> <span class='ocrx_word' id='word_1_55' title='bbox 731 682 747 702; x_wconf 90' lang='lat'>«</span> <span class='ocrx_word' id='word_1_56' title='bbox 772 661 974 722; x_wconf 86' lang='lat' dir='ltr'><strong>Palpate,</strong></span> <span class='ocrx_word' id='word_1_57' title='bbox 1011 671 1053 706; x_wconf 91' lang='lat' dir='ltr'><strong>et</strong></span> <span class='ocrx_word' id='word_1_58' title='bbox 1080 662 1224 706; x_wconf 88' lang='lat' dir='ltr'><strong>videte</strong></span> <span class='ocrx_word' id='word_1_59' title='bbox 1241 698 1251 717; x_wconf 85' lang='lat'>‚</span> <span class='ocrx_word' id='word_1_60' title='bbox 1278 663 1379 723; x_wconf 88' lang='lat' dir='ltr'><strong>quia</strong></span> <span class='ocrx_word' id='word_1_61' title='bbox 1404 664 1577 723; x_wconf 85' lang='lat' dir='ltr'><strong>spiritus</strong></span> <span class='ocrx_word' id='word_1_62' title='bbox 1599 679 1772 708; x_wconf 88' lang='lat' dir='ltr'><strong>carnem</strong></span> <span class='ocrx_word' id='word_1_63' title='bbox 1825 657 1848 670; x_wconf 78' lang='lat'><strong>&#39;&#39;</strong></span> <span class='ocrx_word' id='word_1_64' title='bbox 1887 674 1889 677; x_wconf 59' lang='lat'><strong>⁴</strong></span> 
     </span>
    </p>
   </div>
   <div class='ocr_carea' id='block_1_4' title="bbox 383 732 1779 1983">
    <p class='ocr_par' dir='ltr' id='par_1_4' title="bbox 383 732 1779 1983">
     <span class='ocr_line' id='line_1_8' title="bbox 387 732 1774 788; baseline 0.003 -15"><span class='ocrx_word' id='word_1_65' title='bbox 387 749 408 773; x_wconf 90' lang='lat'>»</span> <span class='ocrx_word' id='word_1_66' title='bbox 444 742 487 776; x_wconf 90' lang='lat' dir='ltr'><strong>et</strong></span> <span class='ocrx_word' id='word_1_67' title='bbox 508 748 599 777; x_wconf 87' lang='lat' dir='ltr'><strong>ossa</strong></span> <span class='ocrx_word' id='word_1_68' title='bbox 621 733 856 776; x_wconf 83' lang='lat' dir='ltr'><strong>nonhabet</strong></span> <span class='ocrx_word' id='word_1_69' title='bbox 872 767 883 788; x_wconf 80' lang='lat'>‚</span> <span class='ocrx_word' id='word_1_70' title='bbox 903 733 1014 776; x_wconf 89' lang='lat' dir='ltr'><strong>sicut</strong></span> <span class='ocrx_word' id='word_1_71' title='bbox 1033 747 1101 775; x_wconf 90' lang='lat' dir='ltr'><strong>me</strong></span> <span class='ocrx_word' id='word_1_72' title='bbox 1115 732 1269 776; x_wconf 86' lang='lat' dir='ltr'><strong>videtis</strong></span> <span class='ocrx_word' id='word_1_73' title='bbox 1292 732 1498 776; x_wconf 83' lang='lat' dir='ltr'><strong>habere1.</strong></span> <span class='ocrx_word' id='word_1_74' title='bbox 1527 751 1547 774; x_wconf 86' lang='lat'>»</span> <span class='ocrx_word' id='word_1_75' title='bbox 1573 732 1774 777; x_wconf 79' lang='lat' dir='ltr'><strong>Ostendit</strong></span> 
     </span>
     <span class='ocr_line' id='line_1_9' title="bbox 384 801 1774 862; baseline 0 -16"><span class='ocrx_word' id='word_1_76' title='bbox 384 817 429 846; x_wconf 91' lang='lat' dir='ltr'><strong>se</strong></span> <span class='ocrx_word' id='word_1_77' title='bbox 460 802 566 860; x_wconf 62' lang='lat' dir='ltr'><strong>tibi,</strong></span> <span class='ocrx_word' id='word_1_78' title='bbox 595 818 747 847; x_wconf 90' lang='lat' dir='ltr'><strong>vocem</strong></span> <span class='ocrx_word' id='word_1_79' title='bbox 774 803 864 862; x_wconf 86' lang='lat' dir='ltr'><strong>ejus</strong></span> <span class='ocrx_word' id='word_1_80' title='bbox 900 817 1094 862; x_wconf 79' lang='lat' dir='ltr'><strong>sequere.</strong></span> <span class='ocrx_word' id='word_1_81' title='bbox 1127 801 1328 846; x_wconf 85' lang='lat' dir='ltr'><strong>Ostendit</strong></span> <span class='ocrx_word' id='word_1_82' title='bbox 1356 811 1399 845; x_wconf 91' lang='lat' dir='ltr'><strong>et</strong></span> <span class='ocrx_word' id='word_1_83' title='bbox 1426 802 1663 847; x_wconf 82' lang='lat' dir='ltr'><strong>Ecclesiam</strong></span> <span class='ocrx_word' id='word_1_84' title='bbox 1680 838 1690 858; x_wconf 89' lang='lat'><strong>,</strong></span> <span class='ocrx_word' id='word_1_85' title='bbox 1719 817 1774 846; x_wconf 89' lang='lat' dir='ltr'><strong>ne</strong></span> 
     </span>
     <span class='ocr_line' id='line_1_10' title="bbox 384 873 1771 934; baseline 0 -17"><span class='ocrx_word' id='word_1_86' title='bbox 384 874 482 934; x_wconf 89' lang='lat' dir='ltr'><strong>quis</strong></span> <span class='ocrx_word' id='word_1_87' title='bbox 515 882 558 917; x_wconf 88' lang='lat' dir='ltr'><strong>te</strong></span> <span class='ocrx_word' id='word_1_88' title='bbox 594 873 718 917; x_wconf 86' lang='lat' dir='ltr'><strong>fallat</strong></span> <span class='ocrx_word' id='word_1_89' title='bbox 750 873 926 918; x_wconf 91' lang='lat' dir='ltr'><strong>nomine</strong></span> <span class='ocrx_word' id='word_1_90' title='bbox 964 873 1168 917; x_wconf 72' lang='lat' dir='ltr'><strong>Ecclesiae</strong></span> <span class='ocrx_word' id='word_1_91' title='bbox 1199 893 1208 917; x_wconf 92' lang='lat'>:</span> <span class='ocrx_word' id='word_1_92' title='bbox 1241 892 1261 915; x_wconf 86' lang='lat'>«</span> <span class='ocrx_word' id='word_1_93' title='bbox 1293 874 1560 932; x_wconf 84' lang='lat' dir='ltr'><strong>Oportebat,</strong></span> <span class='ocrx_word' id='word_1_94' title='bbox 1600 874 1771 934; x_wconf 89' lang='lat' dir='ltr'><strong>inquit,</strong></span> 
     </span>
     <span class='ocr_line' id='line_1_11' title="bbox 387 942 1776 1003; baseline 0.002 -19"><span class='ocrx_word' id='word_1_95' title='bbox 387 961 408 984; x_wconf 87' lang='lat'>»</span> <span class='ocrx_word' id='word_1_96' title='bbox 444 943 665 988; x_wconf 89' lang='lat' dir='ltr'><strong>Christum</strong></span> <span class='ocrx_word' id='word_1_97' title='bbox 684 944 771 1003; x_wconf 87' lang='lat' dir='ltr'><strong>pati</strong></span> <span class='ocrx_word' id='word_1_98' title='bbox 786 952 829 987; x_wconf 89' lang='lat' dir='ltr'><strong>et</strong></span> <span class='ocrx_word' id='word_1_99' title='bbox 850 958 1072 1001; x_wconf 80' lang='lat' dir='ltr'><strong>resurgere</strong></span> <span class='ocrx_word' id='word_1_100' title='bbox 1089 959 1112 986; x_wconf 86' lang='lat' dir='ltr'><strong>a</strong></span> <span class='ocrx_word' id='word_1_101' title='bbox 1131 942 1312 987; x_wconf 86' lang='lat' dir='ltr'><strong>mortuis</strong></span> <span class='ocrx_word' id='word_1_102' title='bbox 1334 943 1460 987; x_wconf 87' lang='lat' dir='ltr'><strong>tertia</strong></span> <span class='ocrx_word' id='word_1_103' title='bbox 1478 943 1548 987; x_wconf 91' lang='lat' dir='ltr'><strong>die</strong></span> <span class='ocrx_word' id='word_1_104' title='bbox 1565 978 1576 999; x_wconf 88' lang='lat'><strong>,</strong></span> <span class='ocrx_word' id='word_1_105' title='bbox 1597 952 1640 987; x_wconf 90' lang='lat' dir='ltr'><strong>et</strong></span> <span class='ocrx_word' id='word_1_106' title='bbox 1662 959 1776 1003; x_wconf 82' lang='lat' dir='ltr'><strong>prae-</strong></span> 
     </span>
     <span class='ocr_line' id='line_1_12' title="bbox 387 1013 1775 1073; baseline 0.003 -19"><span class='ocrx_word' id='word_1_107' title='bbox 387 1031 408 1055; x_wconf 85' lang='lat'>»</span> <span class='ocrx_word' id='word_1_108' title='bbox 444 1013 580 1058; x_wconf 87' lang='lat' dir='ltr'><strong>dicari</strong></span> <span class='ocrx_word' id='word_1_109' title='bbox 601 1014 644 1057; x_wconf 93' lang='lat' dir='ltr'><strong>in</strong></span> <span class='ocrx_word' id='word_1_110' title='bbox 667 1013 844 1058; x_wconf 92' lang='lat' dir='ltr'><strong>nomine</strong></span> <span class='ocrx_word' id='word_1_111' title='bbox 861 1015 950 1073; x_wconf 87' lang='lat' dir='ltr'><strong>ejus</strong></span> <span class='ocrx_word' id='word_1_112' title='bbox 973 1013 1280 1073; x_wconf 89' lang='lat' dir='ltr'><strong>poenitentiam</strong></span> <span class='ocrx_word' id='word_1_113' title='bbox 1313 1027 1336 1056; x_wconf 85' lang='lat' dir='ltr'><strong>e</strong></span> <span class='ocrx_word' id='word_1_114' title='bbox 1361 1014 1655 1057; x_wconf 87' lang='lat' dir='ltr'><strong>remissionem</strong></span> <span class='ocrx_word' id='word_1_115' title='bbox 1673 1029 1775 1073; x_wconf 90' lang='lat' dir='ltr'><strong>pec-</strong></span> 
     </span>
     <span class='ocr_line' id='line_1_13' title="bbox 386 1082 1771 1143; baseline -0.001 -17"><span class='ocrx_word' id='word_1_116' title='bbox 386 1103 406 1125; x_wconf 90' lang='lat'>»</span> <span class='ocrx_word' id='word_1_117' title='bbox 442 1092 640 1127; x_wconf 89' lang='lat' dir='ltr'><strong>catorum</strong></span> <span class='ocrx_word' id='word_1_118' title='bbox 654 1098 731 1142; x_wconf 90' lang='lat' dir='ltr'><strong>per</strong></span> <span class='ocrx_word' id='word_1_119' title='bbox 747 1098 896 1127; x_wconf 88' lang='lat' dir='ltr'><strong>omnes</strong></span> <span class='ocrx_word' id='word_1_120' title='bbox 909 1092 1072 1142; x_wconf 84' lang='lat' dir='ltr'><strong>gentes,</strong></span> <span class='ocrx_word' id='word_1_121' title='bbox 1084 1083 1392 1143; x_wconf 88' lang='lat' dir='ltr'><strong>incipientibus</strong></span> <span class='ocrx_word' id='word_1_122' title='bbox 1403 1084 1457 1127; x_wconf 87' lang='lat' dir='ltr'><strong>ab</strong></span> <span class='ocrx_word' id='word_1_123' title='bbox 1467 1086 1490 1127; x_wconf 87' lang='lat' dir='ltr'><strong>J</strong></span> <span class='ocrx_word' id='word_1_124' title='bbox 1494 1082 1771 1127; x_wconf 75' lang='lat' dir='ltr'><strong>erusalem2.»</strong></span> 
     </span>
     <span class='ocr_line' id='line_1_14' title="bbox 383 1152 1772 1213; baseline 0 -16"><span class='ocrx_word' id='word_1_125' title='bbox 383 1153 528 1197; x_wconf 88' lang='lat' dir='ltr'><strong>Habes</strong></span> <span class='ocrx_word' id='word_1_126' title='bbox 548 1168 701 1197; x_wconf 90' lang='lat' dir='ltr'><strong>vocem</strong></span> <span class='ocrx_word' id='word_1_127' title='bbox 719 1153 901 1212; x_wconf 86' lang='lat' dir='ltr'><strong>pastoris</strong></span> <span class='ocrx_word' id='word_1_128' title='bbox 923 1153 1011 1210; x_wconf 63' lang='lat' dir='ltr'><strong>tui,</strong></span> <span class='ocrx_word' id='word_1_129' title='bbox 1034 1152 1123 1197; x_wconf 89' lang='lat' dir='ltr'><strong>noli</strong></span> <span class='ocrx_word' id='word_1_130' title='bbox 1150 1153 1272 1213; x_wconf 88' lang='lat' dir='ltr'><strong>sequi</strong></span> <span class='ocrx_word' id='word_1_131' title='bbox 1294 1168 1446 1197; x_wconf 88' lang='lat' dir='ltr'><strong>vocem</strong></span> <span class='ocrx_word' id='word_1_132' title='bbox 1469 1152 1711 1197; x_wconf 86' lang='lat' dir='ltr'><strong>alienorum</strong></span> <span class='ocrx_word' id='word_1_133' title='bbox 1725 1154 1740 1179; x_wconf 82' lang='lat'>³</span> <span class='ocrx_word' id='word_1_134' title='bbox 1763 1172 1772 1198; x_wconf 80' lang='lat' dir='ltr'><em>z</em></span> 
     </span>
     <span class='ocr_line' id='line_1_15' title="bbox 384 1221 1772 1282; baseline 0 -16"><span class='ocrx_word' id='word_1_135' title='bbox 384 1231 428 1266; x_wconf 89' lang='lat' dir='ltr'><strong>et</strong></span> <span class='ocrx_word' id='word_1_136' title='bbox 450 1221 592 1266; x_wconf 84' lang='lat' dir='ltr'><strong>furem</strong></span> <span class='ocrx_word' id='word_1_137' title='bbox 627 1238 716 1266; x_wconf 90' lang='lat' dir='ltr'><strong>non</strong></span> <span class='ocrx_word' id='word_1_138' title='bbox 749 1222 921 1265; x_wconf 86' lang='lat' dir='ltr'><strong>timebis</strong></span> <span class='ocrx_word' id='word_1_139' title='bbox 936 1257 946 1277; x_wconf 92' lang='lat'><strong>,</strong></span> <span class='ocrx_word' id='word_1_140' title='bbox 981 1223 1015 1265; x_wconf 89' lang='lat' dir='ltr'><strong>si</strong></span> <span class='ocrx_word' id='word_1_141' title='bbox 1039 1238 1189 1266; x_wconf 87' lang='lat' dir='ltr'><strong>vocem</strong></span> <span class='ocrx_word' id='word_1_142' title='bbox 1213 1223 1395 1282; x_wconf 88' lang='lat' dir='ltr'><strong>pastoris</strong></span> <span class='ocrx_word' id='word_1_143' title='bbox 1418 1221 1550 1266; x_wconf 88' lang='lat' dir='ltr'><strong>fueris</strong></span> <span class='ocrx_word' id='word_1_144' title='bbox 1582 1232 1772 1267; x_wconf 86' lang='lat' dir='ltr'><strong>secutus.</strong></span> 
     </span>
     <span class='ocr_line' id='line_1_16' title="bbox 390 1293 1773 1353; baseline -0.001 -15"><span class='ocrx_word' id='word_1_145' title='bbox 390 1293 516 1339; x_wconf 89' lang='lat' dir='ltr'><strong>Unde</strong></span> <span class='ocrx_word' id='word_1_146' title='bbox 535 1303 683 1338; x_wconf 88' lang='lat' dir='ltr'><strong>autem</strong></span> <span class='ocrx_word' id='word_1_147' title='bbox 699 1293 922 1353; x_wconf 81' lang='lat' dir='ltr'><strong>sequeris?</strong></span> <span class='ocrx_word' id='word_1_148' title='bbox 946 1293 989 1338; x_wconf 93' lang='lat' dir='ltr'><strong>Si</strong></span> <span class='ocrx_word' id='word_1_149' title='bbox 1013 1308 1092 1337; x_wconf 89' lang='lat' dir='ltr'><strong>nec</strong></span> <span class='ocrx_word' id='word_1_150' title='bbox 1115 1294 1322 1353; x_wconf 84' lang='lat' dir='ltr'><strong>cuiquam</strong></span> <span class='ocrx_word' id='word_1_151' title='bbox 1340 1294 1569 1338; x_wconf 88' lang='lat' dir='ltr'><strong>hominum</strong></span> <span class='ocrx_word' id='word_1_152' title='bbox 1593 1293 1747 1337; x_wconf 89' lang='lat' dir='ltr'><strong>dixeris</strong></span> <span class='ocrx_word' id='word_1_153' title='bbox 1761 1328 1773 1348; x_wconf 89' lang='lat'><strong>,</strong></span> 
     </span>
     <span class='ocr_line' id='line_1_17' title="bbox 387 1363 1777 1425; baseline -0.001 -17"><span class='ocrx_word' id='word_1_154' title='bbox 387 1365 510 1425; x_wconf 85' lang='lat' dir='ltr'><strong>quasi</strong></span> <span class='ocrx_word' id='word_1_155' title='bbox 547 1365 638 1424; x_wconf 85' lang='lat' dir='ltr'><strong>ejus</strong></span> <span class='ocrx_word' id='word_1_156' title='bbox 665 1363 820 1407; x_wconf 89' lang='lat' dir='ltr'><strong>merito</strong></span> <span class='ocrx_word' id='word_1_157' title='bbox 846 1379 854 1404; x_wconf 90' lang='lat'>:</span> <span class='ocrx_word' id='word_1_158' title='bbox 888 1366 1038 1422; x_wconf 82' lang='lat' dir='ltr'><strong>Euge,</strong></span> <span class='ocrx_word' id='word_1_159' title='bbox 1070 1379 1209 1422; x_wconf 71' lang='lat' dir='ltr'><strong>euge:</strong></span> <span class='ocrx_word' id='word_1_160' title='bbox 1243 1379 1324 1408; x_wconf 90' lang='lat' dir='ltr'><strong>nec</strong></span> <span class='ocrx_word' id='word_1_161' title='bbox 1353 1379 1454 1408; x_wconf 92' lang='lat' dir='ltr'><strong>cum</strong></span> <span class='ocrx_word' id='word_1_162' title='bbox 1487 1363 1777 1422; x_wconf 85' lang='lat' dir='ltr'><strong>gratulatione</strong></span> 
     </span>
     <span class='ocr_line' id='line_1_18' title="bbox 387 1433 1772 1493; baseline -0.001 -15"><span class='ocrx_word' id='word_1_163' title='bbox 387 1434 573 1479; x_wconf 86' lang='lat' dir='ltr'><strong>audieris</strong></span> <span class='ocrx_word' id='word_1_164' title='bbox 594 1469 605 1489; x_wconf 93' lang='lat'><strong>,</strong></span> <span class='ocrx_word' id='word_1_165' title='bbox 647 1449 703 1477; x_wconf 92' lang='lat' dir='ltr'><strong>ne</strong></span> <span class='ocrx_word' id='word_1_166' title='bbox 736 1433 832 1477; x_wconf 91' lang='lat' dir='ltr'><strong>oleo</strong></span> <span class='ocrx_word' id='word_1_167' title='bbox 864 1433 1104 1493; x_wconf 86' lang='lat' dir='ltr'><strong>peccatoris</strong></span> <span class='ocrx_word' id='word_1_168' title='bbox 1137 1433 1392 1493; x_wconf 81' lang='lat' dir='ltr'><strong>pinguescat</strong></span> <span class='ocrx_word' id='word_1_169' title='bbox 1425 1443 1559 1493; x_wconf 90' lang='lat' dir='ltr'><strong>caput</strong></span> <span class='ocrx_word' id='word_1_170' title='bbox 1599 1442 1726 1476; x_wconf 90' lang='lat' dir='ltr'><strong>tuum</strong></span> <span class='ocrx_word' id='word_1_171' title='bbox 1739 1434 1772 1477; x_wconf 81' lang='lat'><strong>4.</strong></span> 
     </span>
     <span class='ocr_line' id='line_1_19' title="bbox 392 1503 1774 1564; baseline 0 -17"><span class='ocrx_word' id='word_1_172' title='bbox 392 1525 413 1547; x_wconf 91' lang='lat'>«</span> <span class='ocrx_word' id='word_1_173' title='bbox 448 1503 680 1559; x_wconf 88' lang='lat' dir='ltr'><strong>Exultent,</strong></span> <span class='ocrx_word' id='word_1_174' title='bbox 705 1512 749 1547; x_wconf 88' lang='lat' dir='ltr'><strong>et</strong></span> <span class='ocrx_word' id='word_1_175' title='bbox 764 1503 1067 1563; x_wconf 88' lang='lat' dir='ltr'><strong>jucundentur</strong></span> <span class='ocrx_word' id='word_1_176' title='bbox 1085 1504 1130 1547; x_wconf 92' lang='lat' dir='ltr'><strong>in</strong></span> <span class='ocrx_word' id='word_1_177' title='bbox 1152 1513 1208 1558; x_wconf 89' lang='lat' dir='ltr'><strong>te,</strong></span> <span class='ocrx_word' id='word_1_178' title='bbox 1228 1519 1377 1548; x_wconf 87' lang='lat' dir='ltr'><strong>omnes</strong></span> <span class='ocrx_word' id='word_1_179' title='bbox 1395 1504 1470 1564; x_wconf 89' lang='lat' dir='ltr'><strong>qui</strong></span> <span class='ocrx_word' id='word_1_180' title='bbox 1487 1512 1692 1564; x_wconf 82' lang='lat' dir='ltr'><strong>quaerunt</strong></span> <span class='ocrx_word' id='word_1_181' title='bbox 1708 1512 1774 1561; x_wconf 68' lang='lat' dir='ltr'><strong>te,</strong></span> 
     </span>
     <span class='ocr_line' id='line_1_20' title="bbox 394 1571 1778 1632; baseline -0.001 -15"><span class='ocrx_word' id='word_1_182' title='bbox 394 1594 415 1617; x_wconf 89' lang='lat'>»</span> <span class='ocrx_word' id='word_1_183' title='bbox 450 1584 494 1618; x_wconf 91' lang='lat' dir='ltr'><strong>et</strong></span> <span class='ocrx_word' id='word_1_184' title='bbox 520 1574 683 1618; x_wconf 87' lang='lat' dir='ltr'><strong>dicant.</strong></span> <span class='ocrx_word' id='word_1_185' title='bbox 710 1593 727 1613; x_wconf 93' lang='lat'>»</span> <span class='ocrx_word' id='word_1_186' title='bbox 752 1571 865 1626; x_wconf 88' lang='lat' dir='ltr'><strong>Quid</strong></span> <span class='ocrx_word' id='word_1_187' title='bbox 886 1571 1033 1616; x_wconf 91' lang='lat' dir='ltr'><strong>dicant</strong></span> <span class='ocrx_word' id='word_1_188' title='bbox 1059 1573 1134 1632; x_wconf 92' lang='lat' dir='ltr'><strong>qui</strong></span> <span class='ocrx_word' id='word_1_189' title='bbox 1160 1572 1384 1617; x_wconf 81' lang='lat' dir='ltr'><strong>exultant?</strong></span> <span class='ocrx_word' id='word_1_190' title='bbox 1411 1592 1431 1615; x_wconf 85' lang='lat'>«</span> <span class='ocrx_word' id='word_1_191' title='bbox 1453 1576 1631 1632; x_wconf 87' lang='lat' dir='ltr'><strong>Semper</strong></span> <span class='ocrx_word' id='word_1_192' title='bbox 1652 1588 1778 1631; x_wconf 86' lang='lat' dir='ltr'><strong>mag-</strong></span> 
     </span>
     <span class='ocr_line' id='line_1_21' title="bbox 393 1642 1778 1703; baseline -0.001 -15"><span class='ocrx_word' id='word_1_193' title='bbox 393 1664 414 1688; x_wconf 91' lang='lat'>»</span> <span class='ocrx_word' id='word_1_194' title='bbox 449 1644 650 1689; x_wconf 86' lang='lat' dir='ltr'><strong>nificetur</strong></span> <span class='ocrx_word' id='word_1_195' title='bbox 671 1642 897 1687; x_wconf 88' lang='lat' dir='ltr'><strong>Dominus.</strong></span> <span class='ocrx_word' id='word_1_196' title='bbox 917 1659 937 1682; x_wconf 80' lang='grc'>»</span> <span class='ocrx_word' id='word_1_197' title='bbox 964 1642 1120 1686; x_wconf 88' lang='lat' dir='ltr'><strong>Dicant</strong></span> <span class='ocrx_word' id='word_1_198' title='bbox 1141 1643 1225 1687; x_wconf 92' lang='lat' dir='ltr'><strong>hoc</strong></span> <span class='ocrx_word' id='word_1_199' title='bbox 1248 1658 1397 1687; x_wconf 91' lang='lat' dir='ltr'><strong>omnes</strong></span> <span class='ocrx_word' id='word_1_200' title='bbox 1419 1644 1496 1703; x_wconf 88' lang='lat' dir='ltr'><strong>qui</strong></span> <span class='ocrx_word' id='word_1_201' title='bbox 1518 1643 1714 1687; x_wconf 85' lang='lat' dir='ltr'><strong>exultant</strong></span> <span class='ocrx_word' id='word_1_202' title='bbox 1735 1652 1778 1687; x_wconf 92' lang='lat' dir='ltr'><strong>et</strong></span> 
     </span>
     <span class='ocr_line' id='line_1_22' title="bbox 388 1713 1778 1777; baseline -0.001 -18"><span class='ocrx_word' id='word_1_203' title='bbox 388 1723 597 1777; x_wconf 80' lang='lat' dir='ltr'><strong>quaerunt</strong></span> <span class='ocrx_word' id='word_1_204' title='bbox 618 1723 676 1758; x_wconf 88' lang='lat' dir='ltr'><strong>te.</strong></span> <span class='ocrx_word' id='word_1_205' title='bbox 702 1713 844 1766; x_wconf 78' lang='lat' dir='ltr'><strong>Quid?</strong></span> <span class='ocrx_word' id='word_1_206' title='bbox 870 1732 890 1754; x_wconf 82' lang='lat'><strong>‹&lt;</strong></span> <span class='ocrx_word' id='word_1_207' title='bbox 917 1715 1093 1772; x_wconf 87' lang='lat' dir='ltr'><strong>Semper</strong></span> <span class='ocrx_word' id='word_1_208' title='bbox 1122 1714 1423 1772; x_wconf 84' lang='lat' dir='ltr'><strong>magnificetur</strong></span> <span class='ocrx_word' id='word_1_209' title='bbox 1440 1714 1676 1769; x_wconf 86' lang='lat' dir='ltr'><strong>Dominus,</strong></span> <span class='ocrx_word' id='word_1_210' title='bbox 1701 1713 1778 1774; x_wconf 92' lang='lat' dir='ltr'><strong>qui</strong></span> 
     </span>
     <span class='ocr_line' id='line_1_23' title="bbox 390 1784 1776 1844; baseline -0.001 -15"><span class='ocrx_word' id='word_1_211' title='bbox 390 1790 412 1829; x_wconf 66' lang='grc' dir='ltr'><strong><em>ἦ</em></strong></span> <span class='ocrx_word' id='word_1_212' title='bbox 447 1786 637 1844; x_wconf 83' lang='lat' dir='ltr'><strong>diligunt</strong></span> <span class='ocrx_word' id='word_1_213' title='bbox 662 1784 848 1828; x_wconf 85' lang='lat' dir='ltr'><strong>salutare</strong></span> <span class='ocrx_word' id='word_1_214' title='bbox 875 1793 1017 1828; x_wconf 89' lang='lat' dir='ltr'><strong>tuum.</strong></span> <span class='ocrx_word' id='word_1_215' title='bbox 1047 1802 1067 1825; x_wconf 60' lang='lat'><strong>³)</strong></span> <span class='ocrx_word' id='word_1_216' title='bbox 1104 1786 1203 1829; x_wconf 93' lang='lat' dir='ltr'><strong>Non</strong></span> <span class='ocrx_word' id='word_1_217' title='bbox 1230 1793 1402 1828; x_wconf 88' lang='lat' dir='ltr'><strong>tantum</strong></span> <span class='ocrx_word' id='word_1_218' title='bbox 1428 1804 1448 1827; x_wconf 87' lang='lat'>«</span> <span class='ocrx_word' id='word_1_219' title='bbox 1472 1785 1776 1842; x_wconf 84' lang='lat' dir='ltr'><strong>Magnificetur</strong></span> 
     </span>
     <span class='ocr_line' id='line_1_24' title="bbox 390 1853 1779 1914; baseline 0 -16"><span class='ocrx_word' id='word_1_220' title='bbox 390 1875 410 1898; x_wconf 85' lang='lat'>»</span> <span class='ocrx_word' id='word_1_221' title='bbox 446 1856 673 1909; x_wconf 89' lang='lat' dir='ltr'><strong>Dominus,</strong></span> <span class='ocrx_word' id='word_1_222' title='bbox 698 1872 718 1895; x_wconf 86' lang='lat'>»</span> <span class='ocrx_word' id='word_1_223' title='bbox 737 1853 813 1898; x_wconf 89' lang='lat' dir='ltr'><strong>sed</strong></span> <span class='ocrx_word' id='word_1_224' title='bbox 831 1854 960 1898; x_wconf 83' lang='lat' dir='ltr'><strong>etiam</strong></span> <span class='ocrx_word' id='word_1_225' title='bbox 987 1873 1007 1896; x_wconf 90' lang='lat'>«</span> <span class='ocrx_word' id='word_1_226' title='bbox 1030 1856 1223 1914; x_wconf 89' lang='lat' dir='ltr'><strong>Semper.</strong></span> <span class='ocrx_word' id='word_1_227' title='bbox 1250 1857 1363 1899; x_wconf 89' lang='lat' dir='ltr'><strong>Ecce</strong></span> <span class='ocrx_word' id='word_1_228' title='bbox 1381 1855 1577 1909; x_wconf 84' lang='lat' dir='ltr'><strong>errabas,</strong></span> <span class='ocrx_word' id='word_1_229' title='bbox 1603 1864 1646 1898; x_wconf 92' lang='lat' dir='ltr'><strong>et</strong></span> <span class='ocrx_word' id='word_1_230' title='bbox 1660 1870 1779 1898; x_wconf 86' lang='lat' dir='ltr'><strong>aver—</strong></span> 
     </span>
     <span class='ocr_line' id='line_1_25' title="bbox 390 1924 1774 1983; baseline -0.003 -13"><span class='ocrx_word' id='word_1_231' title='bbox 390 1942 461 1970; x_wconf 86' lang='lat' dir='ltr'><strong>sus</strong></span> <span class='ocrx_word' id='word_1_232' title='bbox 492 1926 547 1969; x_wconf 87' lang='lat' dir='ltr'><strong>ab</strong></span> <span class='ocrx_word' id='word_1_233' title='bbox 576 1940 627 1969; x_wconf 92' lang='lat' dir='ltr'><strong>eo</strong></span> <span class='ocrx_word' id='word_1_234' title='bbox 651 1940 771 1981; x_wconf 79' lang='lat' dir='ltr'><strong>eras;</strong></span> <span class='ocrx_word' id='word_1_235' title='bbox 805 1924 978 1969; x_wconf 88' lang='lat' dir='ltr'><strong>vocavit</strong></span> <span class='ocrx_word' id='word_1_236' title='bbox 1008 1933 1051 1968; x_wconf 89' lang='lat' dir='ltr'><strong>te</strong></span> <span class='ocrx_word' id='word_1_237' title='bbox 1080 1944 1089 1968; x_wconf 88' lang='grc'>;</span> <span class='ocrx_word' id='word_1_238' title='bbox 1118 1944 1137 1966; x_wconf 89' lang='lat'>«</span> <span class='ocrx_word' id='word_1_239' title='bbox 1162 1925 1464 1983; x_wconf 84' lang='lat' dir='ltr'><strong>Magnificetur</strong></span> <span class='ocrx_word' id='word_1_240' title='bbox 1495 1925 1720 1968; x_wconf 91' lang='lat' dir='ltr'><strong>Dominus.</strong></span> <span class='ocrx_word' id='word_1_241' title='bbox 1753 1941 1774 1965; x_wconf 74' lang='lat' dir='ltr'><strong>n</strong></span> 
     </span>
    </p>
   </div>
   <div class='ocr_carea' id='block_1_5' title="bbox 392 1992 1803 2053">
    <p class='ocr_par' dir='ltr' id='par_1_5' title="bbox 392 1992 1803 2053">
     <span class='ocr_line' id='line_1_26' title="bbox 392 1992 1803 2053; baseline -0.002 -13"><span class='ocrx_word' id='word_1_242' title='bbox 392 1999 505 2040; x_wconf 91' lang='lat' dir='ltr'><strong>Ecce</strong></span> <span class='ocrx_word' id='word_1_243' title='bbox 517 1994 742 2053; x_wconf 82' lang='lat' dir='ltr'><strong>inspiravit</strong></span> <span class='ocrx_word' id='word_1_244' title='bbox 755 1994 833 2037; x_wconf 91' lang='lat' dir='ltr'><strong>tibi</strong></span> <span class='ocrx_word' id='word_1_245' title='bbox 844 1993 1158 2038; x_wconf 88' lang='lat' dir='ltr'><strong>confessionem</strong></span> <span class='ocrx_word' id='word_1_246' title='bbox 1173 2004 1466 2053; x_wconf 86' lang='lat' dir='ltr'><strong>peccatorum,</strong></span> <span class='ocrx_word' id='word_1_247' title='bbox 1482 1992 1702 2038; x_wconf 90' lang='lat' dir='ltr'><strong>confessus</strong></span> <span class='ocrx_word' id='word_1_248' title='bbox 1715 2009 1774 2049; x_wconf 89' lang='lat' dir='ltr'><strong>es,</strong></span> <span class='ocrx_word' id='word_1_249' title='bbox 1791 1998 1803 2002; x_wconf 19' lang='grc' dir='ltr'>Χ</span> 
     </span>
    </p>
   </div>
   <div class='ocr_carea' id='block_1_6' title="bbox 384 2064 1779 2616">
    <p class='ocr_par' dir='ltr' id='par_1_6' title="bbox 384 2064 1779 2616">
     <span class='ocr_line' id='line_1_27' title="bbox 389 2064 1778 2123; baseline -0.002 -13"><span class='ocrx_word' id='word_1_250' title='bbox 389 2064 510 2110; x_wconf 87' lang='lat' dir='ltr'><strong>dedit</strong></span> <span class='ocrx_word' id='word_1_251' title='bbox 523 2065 710 2119; x_wconf 87' lang='lat' dir='ltr'><strong>veniam,</strong></span> <span class='ocrx_word' id='word_1_252' title='bbox 729 2083 749 2105; x_wconf 87' lang='lat'>«</span> <span class='ocrx_word' id='word_1_253' title='bbox 765 2064 1068 2122; x_wconf 81' lang='lat' dir='ltr'><strong>Magnificetur</strong></span> <span class='ocrx_word' id='word_1_254' title='bbox 1086 2065 1311 2108; x_wconf 89' lang='lat' dir='ltr'><strong>Dominus.</strong></span> <span class='ocrx_word' id='word_1_255' title='bbox 1330 2084 1349 2105; x_wconf 85' lang='lat'>»</span> <span class='ocrx_word' id='word_1_256' title='bbox 1369 2068 1392 2109; x_wconf 85' lang='lat' dir='ltr'><strong>J</strong></span> <span class='ocrx_word' id='word_1_257' title='bbox 1397 2079 1465 2107; x_wconf 89' lang='lat' dir='ltr'><strong>am</strong></span> <span class='ocrx_word' id='word_1_258' title='bbox 1480 2064 1651 2123; x_wconf 89' lang='lat' dir='ltr'><strong>coepisti</strong></span> <span class='ocrx_word' id='word_1_259' title='bbox 1663 2065 1778 2123; x_wconf 86' lang='lat' dir='ltr'><strong>juste</strong></span> 
     </span>
     <span class='ocr_line' id='line_1_28' title="bbox 388 2134 1779 2194; baseline -0.001 -15"><span class='ocrx_word' id='word_1_260' title='bbox 388 2136 555 2180; x_wconf 89' lang='lat' dir='ltr'><strong>vivere:</strong></span> <span class='ocrx_word' id='word_1_261' title='bbox 567 2136 658 2194; x_wconf 88' lang='lat' dir='ltr'><strong>jam</strong></span> <span class='ocrx_word' id='word_1_262' title='bbox 672 2144 779 2194; x_wconf 88' lang='lat' dir='ltr'><strong>puto</strong></span> <span class='ocrx_word' id='word_1_263' title='bbox 794 2136 917 2194; x_wconf 86' lang='lat' dir='ltr'><strong>quasi</strong></span> <span class='ocrx_word' id='word_1_264' title='bbox 923 2135 1090 2194; x_wconf 88' lang='lat' dir='ltr'><strong>justum</strong></span> <span class='ocrx_word' id='word_1_265' title='bbox 1105 2143 1168 2178; x_wconf 89' lang='lat' dir='ltr'><strong>est</strong></span> <span class='ocrx_word' id='word_1_266' title='bbox 1180 2144 1230 2178; x_wconf 92' lang='lat' dir='ltr'><strong>ut</strong></span> <span class='ocrx_word' id='word_1_267' title='bbox 1245 2144 1288 2178; x_wconf 91' lang='lat' dir='ltr'><strong>et</strong></span> <span class='ocrx_word' id='word_1_268' title='bbox 1299 2144 1349 2178; x_wconf 93' lang='lat' dir='ltr'><strong>tu</strong></span> <span class='ocrx_word' id='word_1_269' title='bbox 1362 2134 1660 2192; x_wconf 81' lang='lat' dir='ltr'><strong>magnificeris.</strong></span> <span class='ocrx_word' id='word_1_270' title='bbox 1674 2138 1779 2178; x_wconf 90' lang='lat' dir='ltr'><strong>Ete-</strong></span> 
     </span>
     <span class='ocr_line' id='line_1_29' title="bbox 389 2204 1775 2263; baseline 0 -15"><span class='ocrx_word' id='word_1_271' title='bbox 389 2206 481 2249; x_wconf 91' lang='lat' dir='ltr'><strong>nim</strong></span> <span class='ocrx_word' id='word_1_272' title='bbox 493 2220 595 2249; x_wconf 91' lang='lat' dir='ltr'><strong>cum</strong></span> <span class='ocrx_word' id='word_1_273' title='bbox 608 2213 649 2248; x_wconf 88' lang='lat' dir='ltr'><strong>te</strong></span> <span class='ocrx_word' id='word_1_274' title='bbox 661 2215 836 2248; x_wconf 86' lang='lat' dir='ltr'><strong>vocaret</strong></span> <span class='ocrx_word' id='word_1_275' title='bbox 847 2213 1060 2248; x_wconf 85' lang='lat' dir='ltr'><strong>errantem</strong></span> <span class='ocrx_word' id='word_1_276' title='bbox 1069 2239 1079 2259; x_wconf 86' lang='lat'><strong>,</strong></span> <span class='ocrx_word' id='word_1_277' title='bbox 1091 2204 1437 2263; x_wconf 80' lang='lat' dir='ltr'><strong>magnificandus</strong></span> <span class='ocrx_word' id='word_1_278' title='bbox 1450 2214 1541 2249; x_wconf 86' lang='lat' dir='ltr'><strong>erat</strong></span> <span class='ocrx_word' id='word_1_279' title='bbox 1550 2206 1775 2261; x_wconf 68' lang='lat' dir='ltr'><strong>Dominus,</strong></span> 
     </span>
     <span class='ocr_line' id='line_1_30' title="bbox 388 2274 1777 2334; baseline -0.001 -14"><span class='ocrx_word' id='word_1_280' title='bbox 388 2291 490 2320; x_wconf 90' lang='lat' dir='ltr'><strong>cum</strong></span> <span class='ocrx_word' id='word_1_281' title='bbox 504 2275 584 2318; x_wconf 87' lang='lat' dir='ltr'><strong>tibi</strong></span> <span class='ocrx_word' id='word_1_282' title='bbox 599 2275 826 2319; x_wconf 86' lang='lat' dir='ltr'><strong>confitenti</strong></span> <span class='ocrx_word' id='word_1_283' title='bbox 844 2284 1019 2334; x_wconf 87' lang='lat' dir='ltr'><strong>peccata</strong></span> <span class='ocrx_word' id='word_1_284' title='bbox 1033 2274 1207 2325; x_wconf 79' lang='lat' dir='ltr'><strong>dimisit,</strong></span> <span class='ocrx_word' id='word_1_285' title='bbox 1223 2274 1567 2332; x_wconf 84' lang='lat' dir='ltr'><strong>magnificandus</strong></span> <span class='ocrx_word' id='word_1_286' title='bbox 1580 2284 1672 2319; x_wconf 88' lang='lat' dir='ltr'><strong>erat</strong></span> <span class='ocrx_word' id='word_1_287' title='bbox 1687 2278 1777 2319; x_wconf 90' lang='lat' dir='ltr'><strong>Do-</strong></span> 
     </span>
     <span class='ocr_line' id='line_1_31' title="bbox 389 2344 1779 2404; baseline -0.001 -14"><span class='ocrx_word' id='word_1_288' title='bbox 389 2346 554 2390; x_wconf 88' lang='lat' dir='ltr'><strong>minus:</strong></span> <span class='ocrx_word' id='word_1_289' title='bbox 568 2344 699 2389; x_wconf 90' lang='lat' dir='ltr'><strong>modo</strong></span> <span class='ocrx_word' id='word_1_290' title='bbox 712 2346 803 2404; x_wconf 86' lang='lat' dir='ltr'><strong>jam</strong></span> <span class='ocrx_word' id='word_1_291' title='bbox 819 2344 998 2389; x_wconf 88' lang='lat' dir='ltr'><strong>audiens</strong></span> <span class='ocrx_word' id='word_1_292' title='bbox 1011 2344 1144 2389; x_wconf 89' lang='lat' dir='ltr'><strong>verba</strong></span> <span class='ocrx_word' id='word_1_293' title='bbox 1159 2345 1195 2404; x_wconf 89' lang='lat' dir='ltr'><strong>ej</strong></span> <span class='ocrx_word' id='word_1_294' title='bbox 1203 2360 1251 2388; x_wconf 91' lang='lat' dir='ltr'><strong>us</strong></span> <span class='ocrx_word' id='word_1_295' title='bbox 1267 2345 1438 2403; x_wconf 88' lang='lat' dir='ltr'><strong>coepisti</strong></span> <span class='ocrx_word' id='word_1_296' title='bbox 1457 2346 1682 2404; x_wconf 85' lang='lat' dir='ltr'><strong>proficere,</strong></span> <span class='ocrx_word' id='word_1_297' title='bbox 1689 2346 1779 2404; x_wconf 86' lang='lat' dir='ltr'><strong>jus-</strong></span> 
     </span>
     <span class='ocr_line' id='line_1_32' title="bbox 384 2413 1774 2476; baseline -0.001 -15"><span class='ocrx_word' id='word_1_298' title='bbox 384 2418 574 2461; x_wconf 86' lang='lat' dir='ltr'><strong>tificatus</strong></span> <span class='ocrx_word' id='word_1_299' title='bbox 590 2431 649 2471; x_wconf 88' lang='lat' dir='ltr'><strong>es,</strong></span> <span class='ocrx_word' id='word_1_300' title='bbox 668 2416 902 2475; x_wconf 90' lang='lat' dir='ltr'><strong>pervenisti</strong></span> <span class='ocrx_word' id='word_1_301' title='bbox 923 2415 979 2460; x_wconf 87' lang='lat' dir='ltr'><strong>ad</strong></span> <span class='ocrx_word' id='word_1_302' title='bbox 1000 2413 1237 2476; x_wconf 84' lang='lat' dir='ltr'><strong>quamdam</strong></span> <span class='ocrx_word' id='word_1_303' title='bbox 1260 2415 1434 2460; x_wconf 84' lang='lat' dir='ltr'><strong>virtutis</strong></span> <span class='ocrx_word' id='word_1_304' title='bbox 1451 2415 1774 2474; x_wconf 82' lang='lat' dir='ltr'><strong>excellentiam3</strong></span> 
     </span>
     <span class='ocr_line' id='line_1_33' title="bbox 389 2485 1776 2547; baseline -0.001 -15"><span class='ocrx_word' id='word_1_305' title='bbox 389 2487 575 2547; x_wconf 83' lang='lat' dir='ltr'><strong>dignum</strong></span> <span class='ocrx_word' id='word_1_306' title='bbox 589 2497 653 2532; x_wconf 90' lang='lat' dir='ltr'><strong>est</strong></span> <span class='ocrx_word' id='word_1_307' title='bbox 668 2496 716 2531; x_wconf 90' lang='lat' dir='ltr'><strong>ut</strong></span> <span class='ocrx_word' id='word_1_308' title='bbox 728 2496 771 2531; x_wconf 90' lang='lat' dir='ltr'><strong>et</strong></span> <span class='ocrx_word' id='word_1_309' title='bbox 783 2496 832 2531; x_wconf 89' lang='lat' dir='ltr'><strong>tu</strong></span> <span class='ocrx_word' id='word_1_310' title='bbox 843 2485 1078 2547; x_wconf 86' lang='lat' dir='ltr'><strong>aliquando</strong></span> <span class='ocrx_word' id='word_1_311' title='bbox 1101 2486 1404 2545; x_wconf 84' lang='lat' dir='ltr'><strong>magnificeris.</strong></span> <span class='ocrx_word' id='word_1_312' title='bbox 1426 2506 1446 2528; x_wconf 91' lang='lat'>«</span> <span class='ocrx_word' id='word_1_313' title='bbox 1461 2486 1616 2531; x_wconf 89' lang='lat' dir='ltr'><strong>Dicant</strong></span> <span class='ocrx_word' id='word_1_314' title='bbox 1631 2507 1640 2531; x_wconf 69' lang='grc' dir='ltr'>ε</span> <span class='ocrx_word' id='word_1_315' title='bbox 1659 2489 1776 2532; x_wconf 89' lang='lat' dir='ltr'><strong>Sem-</strong></span> 
     </span>
     <span class='ocr_line' id='line_1_34' title="bbox 439 2570 1639 2616; baseline -0.002 -11"><span class='ocrx_word' id='word_1_316' title='bbox 439 2580 448 2596; x_wconf 90' lang='lat'><em>¹</em></span> <span class='ocrx_word' id='word_1_317' title='bbox 468 2575 546 2607; x_wconf 89' lang='lat' dir='ltr'><strong>Luc.</strong></span> <span class='ocrx_word' id='word_1_318' title='bbox 573 2584 662 2615; x_wconf 84' lang='lat' dir='ltr'><strong>xxiv,</strong></span> <span class='ocrx_word' id='word_1_319' title='bbox 681 2574 736 2616; x_wconf 83' lang='lat'><strong>39.</strong></span> <span class='ocrx_word' id='word_1_320' title='bbox 757 2590 800 2597; x_wconf 89' lang='lat'>—</span> <span class='ocrx_word' id='word_1_321' title='bbox 821 2579 834 2597; x_wconf 82' lang='lat'>²</span> <span class='ocrx_word' id='word_1_322' title='bbox 852 2572 934 2606; x_wconf 83' lang='lat' dir='ltr'><strong>Ibid.</strong></span> <span class='ocrx_word' id='word_1_323' title='bbox 954 2572 1011 2614; x_wconf 70' lang='lat'><strong>46.</strong></span> <span class='ocrx_word' id='word_1_324' title='bbox 1030 2589 1072 2596; x_wconf 84' lang='lat'><strong>-·</strong></span> <span class='ocrx_word' id='word_1_325' title='bbox 1086 2570 1099 2596; x_wconf 83' lang='lat'>3</span> <span class='ocrx_word' id='word_1_326' title='bbox 1113 2574 1204 2605; x_wconf 79' lang='lat' dir='ltr'><strong>Joan.</strong></span> <span class='ocrx_word' id='word_1_327' title='bbox 1220 2583 1254 2614; x_wconf 86' lang='lat' dir='ltr'><strong>x,</strong></span> <span class='ocrx_word' id='word_1_328' title='bbox 1271 2572 1301 2605; x_wconf 85' lang='lat'><strong>5.</strong></span> <span class='ocrx_word' id='word_1_329' title='bbox 1323 2589 1364 2595; x_wconf 89' lang='lat'>—</span> <span class='ocrx_word' id='word_1_330' title='bbox 1388 2570 1404 2601; x_wconf 71' lang='lat' dir='ltr'><strong>l,</strong></span> <span class='ocrx_word' id='word_1_331' title='bbox 1419 2571 1500 2605; x_wconf 84' lang='lat' dir='ltr'><strong>Psal.</strong></span> <span class='ocrx_word' id='word_1_332' title='bbox 1519 2582 1586 2613; x_wconf 75' lang='lat' dir='ltr'><strong>ext,</strong></span> <span class='ocrx_word' id='word_1_333' title='bbox 1608 2571 1639 2603; x_wconf 88' lang='lat'><strong>5.</strong></span> 
     </span>
    </p>
   </div>
   <div class='ocr_carea' id='block_1_7' title="bbox 1823 0 1889 1327">
    <p class='ocr_par' dir='ltr' id='par_1_7' title="bbox 1823 0 1889 1327">
     <span class='ocr_line' id='line_1_35' title="bbox 1823 0 1889 1327; baseline 0 0"><span class='ocrx_word' id='word_1_334' title='bbox 1823 0 1889 1327; x_wconf 95' lang='lat' dir='ltr'><strong> </strong></span> 
     </span>
    </p>
   </div>
  </div>
 </body>
</html>
