<?xml version="1.0" encoding="UTF-8"?>
<!DOCTYPE html PUBLIC "-//W3C//DTD XHTML 1.0 Transitional//EN"
    "http://www.w3.org/TR/xhtml1/DTD/xhtml1-transitional.dtd">
<html xmlns="http://www.w3.org/1999/xhtml" xml:lang="en" lang="en">
 <head>
  <title>
</title>
<meta http-equiv="Content-Type" content="text/html;charset=utf-8" />
  <meta name='ocr-system' content='tesseract 3.04.00' />
  <meta name='ocr-capabilities' content='ocr_page ocr_carea ocr_par ocr_line ocrx_word'/>
</head>
<body>
  <div class='ocr_page' id='page_1' title='image "./operaomniaaccura09auguuoft_0230.png"; bbox 0 0 1889 3285; ppageno 0'>
   <div class='ocr_carea' id='block_1_1' title="bbox 357 244 1294 284">
    <p class='ocr_par' dir='ltr' id='par_1_1' title="bbox 357 244 1294 284">
     <span class='ocr_line' id='line_1_1' title="bbox 357 244 1294 284; baseline -0.005 0"><span class='ocrx_word' id='word_1_1' title='bbox 357 245 440 284; x_wconf 78' lang='lat'>218</span> <span class='ocrx_word' id='word_1_2' title='bbox 783 244 817 280; x_wconf 70' lang='grc' dir='ltr'>ἔ.</span> <span class='ocrx_word' id='word_1_3' title='bbox 852 250 1082 281; x_wconf 69' lang='lat' dir='ltr'>Aueus&#39;mm</span> <span class='ocrx_word' id='word_1_4' title='bbox 1111 253 1294 282; x_wconf 75' lang='lat' dir='ltr'>Enscom</span> 
     </span>
    </p>
   </div>
   <div class='ocr_carea' id='block_1_2' title="bbox 351 315 1748 1988">
    <p class='ocr_par' dir='ltr' id='par_1_2' title="bbox 351 315 1747 1567">
     <span class='ocr_line' id='line_1_2' title="bbox 359 315 1739 378; baseline -0.002 -17"><span class='ocrx_word' id='word_1_5' title='bbox 359 339 381 362; x_wconf 87' lang='lat'>»</span> <span class='ocrx_word' id='word_1_6' title='bbox 415 333 535 363; x_wconf 89' lang='lat' dir='ltr'>suam</span> <span class='ocrx_word' id='word_1_7' title='bbox 552 337 561 362; x_wconf 91' lang='lat'>:</span> <span class='ocrx_word' id='word_1_8' title='bbox 581 335 601 358; x_wconf 89' lang='lat'>»</span> <span class='ocrx_word' id='word_1_9' title='bbox 618 326 662 361; x_wconf 88' lang='lat' dir='ltr'>et</span> <span class='ocrx_word' id='word_1_10' title='bbox 679 318 838 361; x_wconf 89' lang='lat' dir='ltr'>iterum</span> <span class='ocrx_word' id='word_1_11' title='bbox 855 333 865 358; x_wconf 72' lang='grc' dir='ltr'><strong><em>ε</em></strong></span> <span class='ocrx_word' id='word_1_12' title='bbox 885 317 1129 378; x_wconf 88' lang='lat' dir='ltr'>«Alioquin</span> <span class='ocrx_word' id='word_1_13' title='bbox 1148 316 1392 362; x_wconf 81' lang='lat' dir='ltr'>mercedem</span> <span class='ocrx_word' id='word_1_14' title='bbox 1411 330 1502 360; x_wconf 88' lang='lat' dir='ltr'>non</span> <span class='ocrx_word' id='word_1_15' title='bbox 1521 315 1739 359; x_wconf 89' lang='lat' dir='ltr'>habebitis</span> 
     </span>
     <span class='ocr_line' id='line_1_3' title="bbox 359 385 1735 448; baseline -0.003 -16"><span class='ocrx_word' id='word_1_16' title='bbox 359 408 380 431; x_wconf 83' lang='lat'>»</span> <span class='ocrx_word' id='word_1_17' title='bbox 416 388 534 448; x_wconf 86' lang='lat' dir='ltr'>apud</span> <span class='ocrx_word' id='word_1_18' title='bbox 548 391 720 432; x_wconf 82' lang='lat' dir='ltr'>Patrem</span> <span class='ocrx_word' id='word_1_19' title='bbox 737 396 930 432; x_wconf 87' lang='lat' dir='ltr'>vestrum</span> <span class='ocrx_word' id='word_1_20' title='bbox 946 388 1022 446; x_wconf 90' lang='lat' dir='ltr'>qui</span> <span class='ocrx_word' id='word_1_21' title='bbox 1038 387 1084 431; x_wconf 88' lang='lat' dir='ltr'>in</span> <span class='ocrx_word' id='word_1_22' title='bbox 1104 387 1225 431; x_wconf 88' lang='lat' dir='ltr'>coelis</span> <span class='ocrx_word' id='word_1_23' title='bbox 1247 389 1353 431; x_wconf 65' lang='grc' dir='ltr'>θεῖ’.</span> <span class='ocrx_word' id='word_1_24' title='bbox 1370 389 1532 444; x_wconf 80' lang='lat' dir='ltr'>»Ergo‚</span> <span class='ocrx_word' id='word_1_25' title='bbox 1548 385 1735 445; x_wconf 87' lang='lat' dir='ltr'>inquies,</span> 
     </span>
     <span class='ocr_line' id='line_1_4' title="bbox 357 456 1738 518; baseline -0.004 -15"><span class='ocrx_word' id='word_1_26' title='bbox 357 460 496 503; x_wconf 86' lang='lat' dir='ltr'>debeo</span> <span class='ocrx_word' id='word_1_27' title='bbox 518 457 783 503; x_wconf 86' lang='lat' dir='ltr'>abscondere</span> <span class='ocrx_word' id='word_1_28' title='bbox 798 473 926 518; x_wconf 86' lang='lat' dir='ltr'>opera</span> <span class='ocrx_word' id='word_1_29' title='bbox 940 473 1050 513; x_wconf 83' lang='lat' dir='ltr'>mea,</span> <span class='ocrx_word' id='word_1_30' title='bbox 1064 473 1119 501; x_wconf 87' lang='lat' dir='ltr'>ne</span> <span class='ocrx_word' id='word_1_31' title='bbox 1133 456 1287 501; x_wconf 84' lang='lat' dir='ltr'>faciam</span> <span class='ocrx_word' id='word_1_32' title='bbox 1305 471 1451 500; x_wconf 83' lang='lat' dir='ltr'>coram</span> <span class='ocrx_word' id='word_1_33' title='bbox 1463 456 1738 499; x_wconf 75' lang='lat' dir='ltr'>hominibus?</span> 
     </span>
     <span class='ocr_line' id='line_1_5' title="bbox 355 525 1739 588; baseline -0.004 -14"><span class='ocrx_word' id='word_1_34' title='bbox 355 532 468 575; x_wconf 85' lang='lat' dir='ltr'>Non.</span> <span class='ocrx_word' id='word_1_35' title='bbox 497 528 580 573; x_wconf 86' lang='lat' dir='ltr'>Sed</span> <span class='ocrx_word' id='word_1_36' title='bbox 600 528 706 588; x_wconf 85' lang='lat' dir='ltr'>quid</span> <span class='ocrx_word' id='word_1_37' title='bbox 721 528 808 572; x_wconf 84' lang='lat' dir='ltr'>ait?</span> <span class='ocrx_word' id='word_1_38' title='bbox 825 547 846 570; x_wconf 89' lang='lat'>«</span> <span class='ocrx_word' id='word_1_39' title='bbox 867 532 1061 572; x_wconf 81' lang='lat' dir='ltr'>Luceant</span> <span class='ocrx_word' id='word_1_40' title='bbox 1076 542 1204 586; x_wconf 83' lang='lat' dir='ltr'>opera</span> <span class='ocrx_word' id='word_1_41' title='bbox 1219 536 1359 570; x_wconf 85' lang='lat' dir='ltr'>vestra</span> <span class='ocrx_word' id='word_1_42' title='bbox 1381 541 1526 569; x_wconf 85' lang='lat' dir='ltr'>coram</span> <span class='ocrx_word' id='word_1_43' title='bbox 1546 525 1739 569; x_wconf 90' lang='lat' dir='ltr'>homini-</span> 
     </span>
     <span class='ocr_line' id='line_1_6' title="bbox 359 596 1740 657; baseline -0.001 -17"><span class='ocrx_word' id='word_1_44' title='bbox 359 618 380 640; x_wconf 77' lang='lat'>»</span> <span class='ocrx_word' id='word_1_45' title='bbox 415 599 512 642; x_wconf 86' lang='lat' dir='ltr'>bus.</span> <span class='ocrx_word' id='word_1_46' title='bbox 533 616 553 639; x_wconf 74' lang='lat' dir='ltr'>n</span> <span class='ocrx_word' id='word_1_47' title='bbox 571 601 741 657; x_wconf 86' lang='lat' dir='ltr'>Anceps</span> <span class='ocrx_word' id='word_1_48' title='bbox 759 613 862 657; x_wconf 77' lang='lat' dir='ltr'>ergo</span> <span class='ocrx_word' id='word_1_49' title='bbox 885 597 1134 642; x_wconf 79' lang='lat' dir='ltr'>remanebo.</span> <span class='ocrx_word' id='word_1_50' title='bbox 1156 600 1246 641; x_wconf 86' lang='lat' dir='ltr'>Hac</span> <span class='ocrx_word' id='word_1_51' title='bbox 1267 596 1374 640; x_wconf 86' lang='lat' dir='ltr'>mihi</span> <span class='ocrx_word' id='word_1_52' title='bbox 1394 596 1499 640; x_wconf 88' lang='lat' dir='ltr'>dicis</span> <span class='ocrx_word' id='word_1_53' title='bbox 1516 615 1525 640; x_wconf 73' lang='grc' dir='ltr'>ι</span> <span class='ocrx_word' id='word_1_54' title='bbox 1545 597 1740 639; x_wconf 83' lang='lat' dir='ltr'>«Cavete</span> 
     </span>
     <span class='ocr_line' id='line_1_7' title="bbox 360 667 1740 728; baseline 0 -19"><span class='ocrx_word' id='word_1_55' title='bbox 360 688 382 710; x_wconf 87' lang='lat'>»</span> <span class='ocrx_word' id='word_1_56' title='bbox 417 668 557 713; x_wconf 87' lang='lat' dir='ltr'>facere</span> <span class='ocrx_word' id='word_1_57' title='bbox 575 669 787 728; x_wconf 85' lang='lat' dir='ltr'>justitiam</span> <span class='ocrx_word' id='word_1_58' title='bbox 810 676 996 711; x_wconf 89' lang='lat' dir='ltr'>vestram</span> <span class='ocrx_word' id='word_1_59' title='bbox 1022 682 1169 711; x_wconf 90' lang='lat' dir='ltr'>coram</span> <span class='ocrx_word' id='word_1_60' title='bbox 1190 668 1441 712; x_wconf 86' lang='lat' dir='ltr'>hominibus</span> <span class='ocrx_word' id='word_1_61' title='bbox 1459 685 1468 710; x_wconf 72' lang='grc' dir='ltr'>ε</span> <span class='ocrx_word' id='word_1_62' title='bbox 1491 684 1511 709; x_wconf 72' lang='lat' dir='ltr'>n.</span> <span class='ocrx_word' id='word_1_63' title='bbox 1532 667 1613 709; x_wconf 89' lang='lat' dir='ltr'>hac</span> <span class='ocrx_word' id='word_1_64' title='bbox 1633 667 1740 710; x_wconf 86' lang='lat' dir='ltr'>mihi</span> 
     </span>
     <span class='ocr_line' id='line_1_8' title="bbox 359 735 1736 796; baseline -0.002 -16"><span class='ocrx_word' id='word_1_65' title='bbox 359 757 381 780; x_wconf 78' lang='lat'>)›</span> <span class='ocrx_word' id='word_1_66' title='bbox 415 737 520 782; x_wconf 87' lang='lat' dir='ltr'>dicis</span> <span class='ocrx_word' id='word_1_67' title='bbox 536 757 544 782; x_wconf 92' lang='lat'><strong>:</strong></span> <span class='ocrx_word' id='word_1_68' title='bbox 563 757 583 779; x_wconf 90' lang='lat'>«</span> <span class='ocrx_word' id='word_1_69' title='bbox 604 741 798 781; x_wconf 82' lang='lat' dir='ltr'>Luceant</span> <span class='ocrx_word' id='word_1_70' title='bbox 819 753 948 796; x_wconf 83' lang='lat' dir='ltr'>opera</span> <span class='ocrx_word' id='word_1_71' title='bbox 969 747 1110 781; x_wconf 86' lang='lat' dir='ltr'>vestra</span> <span class='ocrx_word' id='word_1_72' title='bbox 1130 737 1246 781; x_wconf 82' lang='lat' dir='ltr'>bona</span> <span class='ocrx_word' id='word_1_73' title='bbox 1269 752 1415 781; x_wconf 87' lang='lat' dir='ltr'>coram</span> <span class='ocrx_word' id='word_1_74' title='bbox 1430 735 1697 780; x_wconf 89' lang='lat' dir='ltr'>hominibus.</span> <span class='ocrx_word' id='word_1_75' title='bbox 1715 754 1736 777; x_wconf 86' lang='lat'>»</span> 
     </span>
     <span class='ocr_line' id='line_1_9' title="bbox 357 807 1743 868; baseline -0.002 -16"><span class='ocrx_word' id='word_1_76' title='bbox 357 808 473 862; x_wconf 88' lang='lat' dir='ltr'>Quid</span> <span class='ocrx_word' id='word_1_77' title='bbox 493 808 764 852; x_wconf 79' lang='lat' dir='ltr'>observabo?</span> <span class='ocrx_word' id='word_1_78' title='bbox 783 807 889 868; x_wconf 84' lang='lat' dir='ltr'>quid</span> <span class='ocrx_word' id='word_1_79' title='bbox 907 807 1062 852; x_wconf 86' lang='lat' dir='ltr'>faciam</span> <span class='ocrx_word' id='word_1_80' title='bbox 1075 809 1096 851; x_wconf 78' lang='grc' dir='ltr'>Ξ)</span> <span class='ocrx_word' id='word_1_81' title='bbox 1116 807 1223 866; x_wconf 86' lang='lat' dir='ltr'>quid</span> <span class='ocrx_word' id='word_1_82' title='bbox 1238 807 1509 867; x_wconf 79' lang='lat' dir='ltr'>relinquam?</span> <span class='ocrx_word' id='word_1_83' title='bbox 1531 809 1636 850; x_wconf 85' lang='lat' dir='ltr'>Tam</span> <span class='ocrx_word' id='word_1_84' title='bbox 1653 821 1743 850; x_wconf 87' lang='lat' dir='ltr'>non</span> 
     </span>
     <span class='ocr_line' id='line_1_10' title="bbox 355 876 1740 938; baseline -0.003 -15"><span class='ocrx_word' id='word_1_85' title='bbox 355 887 499 938; x_wconf 85' lang='lat' dir='ltr'>potest</span> <span class='ocrx_word' id='word_1_86' title='bbox 522 879 655 922; x_wconf 91' lang='lat' dir='ltr'>homo</span> <span class='ocrx_word' id='word_1_87' title='bbox 686 879 846 922; x_wconf 86' lang='lat' dir='ltr'>servire</span> <span class='ocrx_word' id='word_1_88' title='bbox 866 877 1040 922; x_wconf 88' lang='lat' dir='ltr'>duobus</span> <span class='ocrx_word' id='word_1_89' title='bbox 1062 877 1248 922; x_wconf 89' lang='lat' dir='ltr'>dominis</span> <span class='ocrx_word' id='word_1_90' title='bbox 1271 876 1437 920; x_wconf 87' lang='lat' dir='ltr'>diversa</span> <span class='ocrx_word' id='word_1_91' title='bbox 1459 876 1740 935; x_wconf 79' lang='lat' dir='ltr'>jubentibus,</span> 
     </span>
     <span class='ocr_line' id='line_1_11' title="bbox 356 945 1746 1008; baseline -0.001 -16"><span class='ocrx_word' id='word_1_92' title='bbox 356 963 490 1008; x_wconf 86' lang='lat' dir='ltr'>quam</span> <span class='ocrx_word' id='word_1_93' title='bbox 511 963 593 992; x_wconf 85' lang='lat' dir='ltr'>nec</span> <span class='ocrx_word' id='word_1_94' title='bbox 607 948 685 991; x_wconf 91' lang='lat' dir='ltr'>uni</span> <span class='ocrx_word' id='word_1_95' title='bbox 706 947 872 992; x_wconf 89' lang='lat' dir='ltr'>diversa</span> <span class='ocrx_word' id='word_1_96' title='bbox 889 947 1079 1008; x_wconf 85' lang='lat' dir='ltr'>jubenti.</span> <span class='ocrx_word' id='word_1_97' title='bbox 1105 949 1203 991; x_wconf 87' lang='lat' dir='ltr'>Non</span> <span class='ocrx_word' id='word_1_98' title='bbox 1228 947 1286 990; x_wconf 86' lang='lat' dir='ltr'>ait</span> <span class='ocrx_word' id='word_1_99' title='bbox 1312 946 1522 990; x_wconf 88' lang='lat' dir='ltr'>Dominus</span> <span class='ocrx_word' id='word_1_100' title='bbox 1543 961 1551 986; x_wconf 95' lang='lat'><strong>:</strong></span> <span class='ocrx_word' id='word_1_101' title='bbox 1570 945 1746 990; x_wconf 83' lang='lat' dir='ltr'>Diversa</span> 
     </span>
     <span class='ocr_line' id='line_1_12' title="bbox 351 1014 1740 1078; baseline -0.003 -16"><span class='ocrx_word' id='word_1_102' title='bbox 351 1018 503 1078; x_wconf 85' lang='lat' dir='ltr'>jubeo.</span> <span class='ocrx_word' id='word_1_103' title='bbox 520 1017 673 1061; x_wconf 88' lang='lat' dir='ltr'>Finem</span> <span class='ocrx_word' id='word_1_104' title='bbox 688 1017 880 1073; x_wconf 79' lang='lat' dir='ltr'>attende,</span> <span class='ocrx_word' id='word_1_105' title='bbox 896 1019 942 1061; x_wconf 89' lang='lat' dir='ltr'>in</span> <span class='ocrx_word' id='word_1_106' title='bbox 955 1019 1087 1061; x_wconf 86' lang='lat' dir='ltr'>finem</span> <span class='ocrx_word' id='word_1_107' title='bbox 1100 1025 1248 1061; x_wconf 83' lang='lat' dir='ltr'>canta:</span> <span class='ocrx_word' id='word_1_108' title='bbox 1265 1031 1353 1076; x_wconf 85' lang='lat' dir='ltr'>quo</span> <span class='ocrx_word' id='word_1_109' title='bbox 1365 1016 1451 1060; x_wconf 83' lang='lat' dir='ltr'>fine</span> <span class='ocrx_word' id='word_1_110' title='bbox 1462 1015 1610 1069; x_wconf 84' lang='lat' dir='ltr'>facias,</span> <span class='ocrx_word' id='word_1_111' title='bbox 1627 1014 1740 1059; x_wconf 86' lang='lat' dir='ltr'>vide.</span> 
     </span>
     <span class='ocr_line' id='line_1_13' title="bbox 359 1085 1745 1147; baseline -0.003 -15"><span class='ocrx_word' id='word_1_112' title='bbox 359 1090 402 1134; x_wconf 89' lang='lat' dir='ltr'>Si</span> <span class='ocrx_word' id='word_1_113' title='bbox 416 1089 514 1132; x_wconf 86' lang='lat' dir='ltr'>ideo</span> <span class='ocrx_word' id='word_1_114' title='bbox 528 1088 633 1132; x_wconf 80' lang='lat' dir='ltr'>facis</span> <span class='ocrx_word' id='word_1_115' title='bbox 656 1097 713 1132; x_wconf 50' lang='lat' dir='ltr'>ut*</span> <span class='ocrx_word' id='word_1_116' title='bbox 723 1097 771 1132; x_wconf 90' lang='lat' dir='ltr'>tu</span> <span class='ocrx_word' id='word_1_117' title='bbox 787 1088 1052 1147; x_wconf 78' lang='lat' dir='ltr'>glorificeris,</span> <span class='ocrx_word' id='word_1_118' title='bbox 1072 1089 1158 1132; x_wconf 90' lang='lat' dir='ltr'>hoc</span> <span class='ocrx_word' id='word_1_119' title='bbox 1174 1086 1380 1146; x_wconf 82' lang='lat' dir='ltr'>prohibui</span> <span class='ocrx_word' id='word_1_120' title='bbox 1398 1104 1407 1129; x_wconf 74' lang='grc' dir='ltr'>ε</span> <span class='ocrx_word' id='word_1_121' title='bbox 1427 1085 1461 1129; x_wconf 89' lang='lat' dir='ltr'>si</span> <span class='ocrx_word' id='word_1_122' title='bbox 1483 1094 1627 1129; x_wconf 88' lang='lat' dir='ltr'>autem</span> <span class='ocrx_word' id='word_1_123' title='bbox 1646 1085 1745 1129; x_wconf 88' lang='lat' dir='ltr'>ideo</span> 
     </span>
     <span class='ocr_line' id='line_1_14' title="bbox 357 1155 1746 1218; baseline -0.003 -16"><span class='ocrx_word' id='word_1_124' title='bbox 357 1168 408 1202; x_wconf 88' lang='lat' dir='ltr'>ut</span> <span class='ocrx_word' id='word_1_125' title='bbox 428 1161 542 1202; x_wconf 87' lang='lat' dir='ltr'>Deus</span> <span class='ocrx_word' id='word_1_126' title='bbox 561 1157 842 1215; x_wconf 85' lang='lat' dir='ltr'>glorificetur,</span> <span class='ocrx_word' id='word_1_127' title='bbox 867 1159 950 1202; x_wconf 89' lang='lat' dir='ltr'>hoc</span> <span class='ocrx_word' id='word_1_128' title='bbox 966 1159 1087 1218; x_wconf 80' lang='lat' dir='ltr'>jussi.</span> <span class='ocrx_word' id='word_1_129' title='bbox 1119 1156 1293 1201; x_wconf 85' lang='lat' dir='ltr'>Psallite</span> <span class='ocrx_word' id='word_1_130' title='bbox 1315 1171 1417 1214; x_wconf 79' lang='lat' dir='ltr'>ergo</span> <span class='ocrx_word' id='word_1_131' title='bbox 1425 1190 1442 1211; x_wconf 79' lang='grc'>,</span> <span class='ocrx_word' id='word_1_132' title='bbox 1466 1170 1557 1199; x_wconf 91' lang='lat' dir='ltr'>non</span> <span class='ocrx_word' id='word_1_133' title='bbox 1578 1155 1746 1199; x_wconf 88' lang='lat' dir='ltr'>nomini</span> 
     </span>
     <span class='ocr_line' id='line_1_15' title="bbox 357 1224 1746 1284; baseline -0.003 -12"><span class='ocrx_word' id='word_1_134' title='bbox 357 1237 520 1283; x_wconf 88' lang='lat' dir='ltr'>vestro,</span> <span class='ocrx_word' id='word_1_135' title='bbox 557 1228 633 1272; x_wconf 82' lang='lat' dir='ltr'>sed</span> <span class='ocrx_word' id='word_1_136' title='bbox 666 1229 831 1272; x_wconf 87' lang='lat' dir='ltr'>nomini</span> <span class='ocrx_word' id='word_1_137' title='bbox 854 1229 1027 1272; x_wconf 86' lang='lat' dir='ltr'>Domini</span> <span class='ocrx_word' id='word_1_138' title='bbox 1049 1228 1127 1272; x_wconf 92' lang='lat' dir='ltr'>Dei</span> <span class='ocrx_word' id='word_1_139' title='bbox 1160 1228 1304 1272; x_wconf 86' lang='lat' dir='ltr'>vestri.</span> <span class='ocrx_word' id='word_1_140' title='bbox 1338 1229 1424 1270; x_wconf 88' lang='lat' dir='ltr'>Vos</span> <span class='ocrx_word' id='word_1_141' title='bbox 1445 1224 1640 1284; x_wconf 84' lang='lat' dir='ltr'>psallite,</span> <span class='ocrx_word' id='word_1_142' title='bbox 1670 1224 1746 1269; x_wconf 84' lang='lat' dir='ltr'>ille</span> 
     </span>
     <span class='ocr_line' id='line_1_16' title="bbox 359 1295 1745 1355; baseline -0.002 -13"><span class='ocrx_word' id='word_1_143' title='bbox 359 1298 597 1343; x_wconf 85' lang='lat' dir='ltr'>laudetur:</span> <span class='ocrx_word' id='word_1_144' title='bbox 630 1313 707 1342; x_wconf 87' lang='lat' dir='ltr'>vos</span> <span class='ocrx_word' id='word_1_145' title='bbox 735 1298 848 1341; x_wconf 87' lang='lat' dir='ltr'>hene</span> <span class='ocrx_word' id='word_1_146' title='bbox 873 1299 1027 1352; x_wconf 84' lang='lat' dir='ltr'>vivite,</span> <span class='ocrx_word' id='word_1_147' title='bbox 1060 1297 1132 1341; x_wconf 88' lang='lat' dir='ltr'>ille</span> <span class='ocrx_word' id='word_1_148' title='bbox 1164 1296 1443 1355; x_wconf 80' lang='lat' dir='ltr'>glorificetur.</span> <span class='ocrx_word' id='word_1_149' title='bbox 1475 1295 1600 1340; x_wconf 89' lang='lat' dir='ltr'>Unde</span> <span class='ocrx_word' id='word_1_150' title='bbox 1630 1296 1745 1339; x_wconf 90' lang='lat' dir='ltr'>enim</span> 
     </span>
     <span class='ocr_line' id='line_1_17' title="bbox 358 1366 1747 1428; baseline -0.003 -15"><span class='ocrx_word' id='word_1_151' title='bbox 358 1369 528 1413; x_wconf 84' lang='lat' dir='ltr'>habetis</span> <span class='ocrx_word' id='word_1_152' title='bbox 557 1368 698 1428; x_wconf 85' lang='lat' dir='ltr'>ipsum</span> <span class='ocrx_word' id='word_1_153' title='bbox 722 1368 835 1411; x_wconf 86' lang='lat' dir='ltr'>bene</span> <span class='ocrx_word' id='word_1_154' title='bbox 857 1368 1026 1412; x_wconf 79' lang='lat' dir='ltr'>vivere?</span> <span class='ocrx_word' id='word_1_155' title='bbox 1056 1367 1099 1412; x_wconf 92' lang='lat' dir='ltr'>Si</span> <span class='ocrx_word' id='word_1_156' title='bbox 1129 1376 1342 1410; x_wconf 86' lang='lat' dir='ltr'>aeternum</span> <span class='ocrx_word' id='word_1_157' title='bbox 1370 1366 1609 1421; x_wconf 85' lang='lat' dir='ltr'>haberetis,</span> <span class='ocrx_word' id='word_1_158' title='bbox 1635 1381 1747 1410; x_wconf 80' lang='lat' dir='ltr'>nun.-</span> 
     </span>
     <span class='ocr_line' id='line_1_18' title="bbox 359 1437 1746 1499; baseline -0.002 -17"><span class='ocrx_word' id='word_1_159' title='bbox 359 1454 492 1499; x_wconf 85' lang='lat' dir='ltr'>quam</span> <span class='ocrx_word' id='word_1_160' title='bbox 515 1439 628 1483; x_wconf 85' lang='lat' dir='ltr'>male</span> <span class='ocrx_word' id='word_1_161' title='bbox 649 1438 841 1482; x_wconf 81' lang='lat' dir='ltr'>fixissetis</span> <span class='ocrx_word' id='word_1_162' title='bbox 863 1454 871 1479; x_wconf 93' lang='lat'>:</span> <span class='ocrx_word' id='word_1_163' title='bbox 893 1439 927 1482; x_wconf 90' lang='lat' dir='ltr'>si</span> <span class='ocrx_word' id='word_1_164' title='bbox 950 1453 973 1481; x_wconf 85' lang='lat' dir='ltr'>a</span> <span class='ocrx_word' id='word_1_165' title='bbox 993 1438 1117 1482; x_wconf 88' lang='lat' dir='ltr'>vobis</span> <span class='ocrx_word' id='word_1_166' title='bbox 1138 1437 1354 1481; x_wconf 83' lang='lat' dir='ltr'>haberetis</span> <span class='ocrx_word' id='word_1_167' title='bbox 1370 1472 1381 1491; x_wconf 88' lang='lat'>‚</span> <span class='ocrx_word' id='word_1_168' title='bbox 1407 1451 1636 1496; x_wconf 88' lang='lat' dir='ltr'>nunquam</span> <span class='ocrx_word' id='word_1_169' title='bbox 1656 1451 1746 1480; x_wconf 91' lang='lat' dir='ltr'>non</span> 
     </span>
     <span class='ocr_line' id='line_1_19' title="bbox 360 1507 1497 1567; baseline -0.004 -14"><span class='ocrx_word' id='word_1_170' title='bbox 360 1511 472 1553; x_wconf 89' lang='lat' dir='ltr'>bene</span> <span class='ocrx_word' id='word_1_171' title='bbox 493 1510 712 1553; x_wconf 76' lang='lat' dir='ltr'>vixissetis.</span> <span class='ocrx_word' id='word_1_172' title='bbox 742 1528 762 1550; x_wconf 90' lang='lat'>«</span> <span class='ocrx_word' id='word_1_173' title='bbox 788 1508 961 1552; x_wconf 82' lang='lat' dir='ltr'>Psallite</span> <span class='ocrx_word' id='word_1_174' title='bbox 985 1516 1131 1552; x_wconf 90' lang='lat' dir='ltr'>autem</span> <span class='ocrx_word' id='word_1_175' title='bbox 1153 1507 1320 1552; x_wconf 90' lang='lat' dir='ltr'>nomini</span> <span class='ocrx_word' id='word_1_176' title='bbox 1343 1508 1448 1567; x_wconf 89' lang='lat' dir='ltr'>ejus.</span> <span class='ocrx_word' id='word_1_177' title='bbox 1477 1525 1497 1548; x_wconf 74' lang='lat'>&gt;1</span> 
     </span>
    </p>

    <p class='ocr_par' dir='ltr' id='par_1_3' title="bbox 360 1576 1748 1988">
     <span class='ocr_line' id='line_1_20' title="bbox 420 1576 1748 1637; baseline -0.004 -13"><span class='ocrx_word' id='word_1_178' title='bbox 420 1582 496 1624; x_wconf 90' lang='lat' dir='ltr'>IV.</span> <span class='ocrx_word' id='word_1_179' title='bbox 526 1599 547 1622; x_wconf 88' lang='lat'>«</span> <span class='ocrx_word' id='word_1_180' title='bbox 571 1583 679 1624; x_wconf 88' lang='lat' dir='ltr'>Date</span> <span class='ocrx_word' id='word_1_181' title='bbox 707 1578 889 1637; x_wconf 82' lang='lat' dir='ltr'>gloriam</span> <span class='ocrx_word' id='word_1_182' title='bbox 919 1576 1039 1622; x_wconf 86' lang='lat' dir='ltr'>laudi</span> <span class='ocrx_word' id='word_1_183' title='bbox 1062 1579 1198 1637; x_wconf 79' lang='lat' dir='ltr'>ejus2.</span> <span class='ocrx_word' id='word_1_184' title='bbox 1226 1595 1247 1619; x_wconf 88' lang='lat'>»</span> <span class='ocrx_word' id='word_1_185' title='bbox 1275 1580 1429 1621; x_wconf 87' lang='lat' dir='ltr'>Totam</span> <span class='ocrx_word' id='word_1_186' title='bbox 1457 1576 1748 1620; x_wconf 86' lang='lat' dir='ltr'>intentionem</span> 
     </span>
     <span class='ocr_line' id='line_1_21' title="bbox 361 1637 1747 1705; baseline -0.004 -11"><span class='ocrx_word' id='word_1_187' title='bbox 361 1659 552 1694; x_wconf 87' lang='lat' dir='ltr'>nostram</span> <span class='ocrx_word' id='word_1_188' title='bbox 573 1650 619 1693; x_wconf 87' lang='lat' dir='ltr'>in</span> <span class='ocrx_word' id='word_1_189' title='bbox 642 1648 819 1692; x_wconf 90' lang='lat' dir='ltr'>laudem</span> <span class='ocrx_word' id='word_1_190' title='bbox 842 1648 920 1692; x_wconf 92' lang='lat' dir='ltr'>Dei</span> <span class='ocrx_word' id='word_1_191' title='bbox 943 1648 1098 1702; x_wconf 80' lang='lat' dir='ltr'>mittit,</span> <span class='ocrx_word' id='word_1_192' title='bbox 1122 1645 1232 1691; x_wconf 90' lang='lat' dir='ltr'>nihil</span> <span class='ocrx_word' id='word_1_193' title='bbox 1254 1647 1380 1690; x_wconf 91' lang='lat' dir='ltr'>nobis</span> <span class='ocrx_word' id='word_1_194' title='bbox 1400 1637 1610 1705; x_wconf 86' lang='lat' dir='ltr'>relinquit</span> <span class='ocrx_word' id='word_1_195' title='bbox 1628 1645 1747 1689; x_wconf 84' lang='lat' dir='ltr'>unde</span> 
     </span>
     <span class='ocr_line' id='line_1_22' title="bbox 360 1715 1746 1776; baseline -0.003 -12"><span class='ocrx_word' id='word_1_196' title='bbox 360 1719 606 1765; x_wconf 84' lang='lat' dir='ltr'>laudemur.</span> <span class='ocrx_word' id='word_1_197' title='bbox 629 1718 876 1763; x_wconf 89' lang='lat' dir='ltr'>Gloriemur</span> <span class='ocrx_word' id='word_1_198' title='bbox 897 1716 999 1761; x_wconf 86' lang='lat' dir='ltr'>inde</span> <span class='ocrx_word' id='word_1_199' title='bbox 1020 1717 1156 1776; x_wconf 81' lang='lat' dir='ltr'>magis</span> <span class='ocrx_word' id='word_1_200' title='bbox 1174 1752 1185 1771; x_wconf 80' lang='lat'><strong>‚</strong></span> <span class='ocrx_word' id='word_1_201' title='bbox 1210 1726 1252 1761; x_wconf 86' lang='lat' dir='ltr'>et</span> <span class='ocrx_word' id='word_1_202' title='bbox 1271 1716 1535 1774; x_wconf 84' lang='lat' dir='ltr'>gaudeamus</span> <span class='ocrx_word' id='word_1_203' title='bbox 1561 1731 1571 1757; x_wconf 78' lang='lat' dir='ltr'>t</span> <span class='ocrx_word' id='word_1_204' title='bbox 1592 1715 1656 1760; x_wconf 88' lang='lat' dir='ltr'>illi</span> <span class='ocrx_word' id='word_1_205' title='bbox 1675 1717 1746 1760; x_wconf 89' lang='lat' dir='ltr'>in—</span> 
     </span>
     <span class='ocr_line' id='line_1_23' title="bbox 360 1787 1746 1846; baseline -0.003 -12"><span class='ocrx_word' id='word_1_206' title='bbox 360 1791 618 1843; x_wconf 80' lang='lat' dir='ltr'>haereamus,</span> <span class='ocrx_word' id='word_1_207' title='bbox 638 1789 685 1832; x_wconf 90' lang='lat' dir='ltr'>in</span> <span class='ocrx_word' id='word_1_208' title='bbox 698 1787 774 1832; x_wconf 90' lang='lat' dir='ltr'>illo</span> <span class='ocrx_word' id='word_1_209' title='bbox 790 1787 1036 1831; x_wconf 82' lang='lat' dir='ltr'>laudemur.</span> <span class='ocrx_word' id='word_1_210' title='bbox 1057 1787 1248 1831; x_wconf 81' lang='lat' dir='ltr'>Audistis</span> <span class='ocrx_word' id='word_1_211' title='bbox 1271 1802 1373 1831; x_wconf 86' lang='lat' dir='ltr'>cum</span> <span class='ocrx_word' id='word_1_212' title='bbox 1388 1787 1602 1845; x_wconf 83' lang='lat' dir='ltr'>legeretur</span> <span class='ocrx_word' id='word_1_213' title='bbox 1614 1789 1746 1846; x_wconf 87' lang='lat' dir='ltr'>Apos-</span> 
     </span>
     <span class='ocr_line' id='line_1_24' title="bbox 362 1855 1746 1917; baseline -0.003 -13"><span class='ocrx_word' id='word_1_214' title='bbox 362 1859 476 1904; x_wconf 88' lang='lat' dir='ltr'>tolus</span> <span class='ocrx_word' id='word_1_215' title='bbox 506 1875 515 1900; x_wconf 92' lang='lat'>:</span> <span class='ocrx_word' id='word_1_216' title='bbox 545 1878 565 1901; x_wconf 85' lang='lat'>«</span> <span class='ocrx_word' id='word_1_217' title='bbox 589 1858 745 1902; x_wconf 80' lang='lat' dir='ltr'>Videte</span> <span class='ocrx_word' id='word_1_218' title='bbox 775 1858 1049 1902; x_wconf 83' lang='lat' dir='ltr'>vocationem</span> <span class='ocrx_word' id='word_1_219' title='bbox 1080 1866 1288 1911; x_wconf 80' lang='lat' dir='ltr'>vestram,</span> <span class='ocrx_word' id='word_1_220' title='bbox 1322 1855 1496 1911; x_wconf 86' lang='lat' dir='ltr'>fratres,</span> <span class='ocrx_word' id='word_1_221' title='bbox 1530 1857 1632 1917; x_wconf 88' lang='lat' dir='ltr'>quia</span> <span class='ocrx_word' id='word_1_222' title='bbox 1655 1871 1746 1900; x_wconf 91' lang='lat' dir='ltr'>non</span> 
     </span>
     <span class='ocr_line' id='line_1_25' title="bbox 363 1926 1743 1988; baseline 0.001 -18"><span class='ocrx_word' id='word_1_223' title='bbox 363 1947 385 1970; x_wconf 88' lang='lat'>»</span> <span class='ocrx_word' id='word_1_224' title='bbox 419 1928 548 1973; x_wconf 87' lang='lat' dir='ltr'>multi</span> <span class='ocrx_word' id='word_1_225' title='bbox 568 1930 780 1988; x_wconf 87' lang='lat' dir='ltr'>sapientes</span> <span class='ocrx_word' id='word_1_226' title='bbox 801 1927 1041 1972; x_wconf 87' lang='lat' dir='ltr'>secundum</span> <span class='ocrx_word' id='word_1_227' title='bbox 1065 1942 1254 1981; x_wconf 85' lang='lat' dir='ltr'>carnem,</span> <span class='ocrx_word' id='word_1_228' title='bbox 1269 1942 1358 1971; x_wconf 90' lang='lat' dir='ltr'>non</span> <span class='ocrx_word' id='word_1_229' title='bbox 1379 1926 1508 1971; x_wconf 86' lang='lat' dir='ltr'>multi</span> <span class='ocrx_word' id='word_1_230' title='bbox 1528 1935 1743 1986; x_wconf 87' lang='lat' dir='ltr'>potentes,</span> 
     </span>
    </p>
   </div>
   <div class='ocr_carea' id='block_1_3' title="bbox 364 1997 1806 2055">
    <p class='ocr_par' dir='ltr' id='par_1_4' title="bbox 364 1997 1806 2055">
     <span class='ocr_line' id='line_1_26' title="bbox 364 1997 1806 2055; baseline -0.001 -13"><span class='ocrx_word' id='word_1_231' title='bbox 364 2017 385 2042; x_wconf 90' lang='lat'>»</span> <span class='ocrx_word' id='word_1_232' title='bbox 419 2015 508 2043; x_wconf 90' lang='lat' dir='ltr'>non</span> <span class='ocrx_word' id='word_1_233' title='bbox 538 1999 666 2043; x_wconf 87' lang='lat' dir='ltr'>multi</span> <span class='ocrx_word' id='word_1_234' title='bbox 696 1998 885 2053; x_wconf 81' lang='lat' dir='ltr'>nobiles,</span> <span class='ocrx_word' id='word_1_235' title='bbox 912 1997 988 2042; x_wconf 89' lang='lat' dir='ltr'>sed</span> <span class='ocrx_word' id='word_1_236' title='bbox 1022 1998 1153 2041; x_wconf 85' lang='lat' dir='ltr'>stulta</span> <span class='ocrx_word' id='word_1_237' title='bbox 1176 1998 1331 2041; x_wconf 89' lang='lat' dir='ltr'>mundi</span> <span class='ocrx_word' id='word_1_238' title='bbox 1360 1997 1489 2055; x_wconf 84' lang='lat' dir='ltr'>elegit</span> <span class='ocrx_word' id='word_1_239' title='bbox 1516 2001 1657 2053; x_wconf 82' lang='lat' dir='ltr'>Deus,</span> <span class='ocrx_word' id='word_1_240' title='bbox 1695 2006 1746 2041; x_wconf 93' lang='lat' dir='ltr'>ut</span> <span class='ocrx_word' id='word_1_241' title='bbox 1801 2047 1806 2053; x_wconf 49' lang='grc'><strong>,</strong></span> 
     </span>
    </p>
   </div>
   <div class='ocr_carea' id='block_1_4' title="bbox 363 2067 1746 2270">
    <p class='ocr_par' dir='ltr' id='par_1_5' title="bbox 363 2067 1746 2270">
     <span class='ocr_line' id='line_1_27' title="bbox 364 2067 1746 2128; baseline 0.001 -17"><span class='ocrx_word' id='word_1_242' title='bbox 364 2089 384 2111; x_wconf 88' lang='grc'>»</span> <span class='ocrx_word' id='word_1_243' title='bbox 420 2068 662 2114; x_wconf 86' lang='lat' dir='ltr'>confundat</span> <span class='ocrx_word' id='word_1_244' title='bbox 684 2069 917 2128; x_wconf 84' lang='lat' dir='ltr'>sapientes,</span> <span class='ocrx_word' id='word_1_245' title='bbox 938 2077 981 2112; x_wconf 88' lang='lat' dir='ltr'>et</span> <span class='ocrx_word' id='word_1_246' title='bbox 1003 2068 1174 2111; x_wconf 82' lang='lat' dir='ltr'>infirma</span> <span class='ocrx_word' id='word_1_247' title='bbox 1197 2067 1352 2111; x_wconf 88' lang='lat' dir='ltr'>mundi</span> <span class='ocrx_word' id='word_1_248' title='bbox 1375 2067 1506 2126; x_wconf 78' lang='lat' dir='ltr'>elegit</span> <span class='ocrx_word' id='word_1_249' title='bbox 1530 2071 1643 2112; x_wconf 89' lang='lat' dir='ltr'>Deus</span> <span class='ocrx_word' id='word_1_250' title='bbox 1659 2103 1670 2124; x_wconf 85' lang='lat'>,</span> <span class='ocrx_word' id='word_1_251' title='bbox 1695 2076 1746 2112; x_wconf 92' lang='lat' dir='ltr'>ut</span> 
     </span>
     <span class='ocr_line' id='line_1_28' title="bbox 363 2137 1744 2197; baseline 0.001 -15"><span class='ocrx_word' id='word_1_252' title='bbox 363 2159 384 2182; x_wconf 85' lang='lat'>»</span> <span class='ocrx_word' id='word_1_253' title='bbox 419 2140 663 2185; x_wconf 85' lang='lat' dir='ltr'>confundat</span> <span class='ocrx_word' id='word_1_254' title='bbox 683 2139 833 2191; x_wconf 77' lang='lat' dir='ltr'>fortia3</span> <span class='ocrx_word' id='word_1_255' title='bbox 856 2139 1116 2197; x_wconf 80' lang='lat' dir='ltr'>etignobilia</span> <span class='ocrx_word' id='word_1_256' title='bbox 1136 2138 1292 2182; x_wconf 86' lang='lat' dir='ltr'>mundi</span> <span class='ocrx_word' id='word_1_257' title='bbox 1316 2137 1444 2196; x_wconf 81' lang='lat' dir='ltr'>elegit</span> <span class='ocrx_word' id='word_1_258' title='bbox 1465 2142 1579 2183; x_wconf 93' lang='lat' dir='ltr'>Deus</span> <span class='ocrx_word' id='word_1_259' title='bbox 1597 2175 1608 2194; x_wconf 78' lang='lat'>,</span> <span class='ocrx_word' id='word_1_260' title='bbox 1630 2148 1673 2183; x_wconf 90' lang='lat' dir='ltr'>et</span> <span class='ocrx_word' id='word_1_261' title='bbox 1695 2154 1744 2184; x_wconf 86' lang='lat' dir='ltr'>ea</span> 
     </span>
     <span class='ocr_line' id='line_1_29' title="bbox 364 2217 1744 2270; baseline -0.001 -15"><span class='ocrx_word' id='word_1_262' title='bbox 364 2229 385 2255; x_wconf 82' lang='grc'>))</span> <span class='ocrx_word' id='word_1_263' title='bbox 420 2226 518 2270; x_wconf 79' lang='lat' dir='ltr'>quae</span> <span class='ocrx_word' id='word_1_264' title='bbox 541 2225 630 2254; x_wconf 86' lang='lat' dir='ltr'>non</span> <span class='ocrx_word' id='word_1_265' title='bbox 651 2220 752 2254; x_wconf 83' lang='lat' dir='ltr'>sunt</span> <span class='ocrx_word' id='word_1_266' title='bbox 773 2219 984 2269; x_wconf 83' lang='lat' dir='ltr'>tanquam</span> <span class='ocrx_word' id='word_1_267' title='bbox 1007 2224 1105 2269; x_wconf 64' lang='lat' dir='ltr'>quas</span> <span class='ocrx_word' id='word_1_268' title='bbox 1127 2218 1243 2263; x_wconf 75' lang='lat' dir='ltr'>sunt,</span> <span class='ocrx_word' id='word_1_269' title='bbox 1264 2217 1315 2252; x_wconf 90' lang='lat' dir='ltr'>ut</span> <span class='ocrx_word' id='word_1_270' title='bbox 1335 2223 1385 2251; x_wconf 82' lang='lat' dir='ltr'>ea</span> <span class='ocrx_word' id='word_1_271' title='bbox 1405 2224 1504 2268; x_wconf 83' lang='lat' dir='ltr'>quae</span> <span class='ocrx_word' id='word_1_272' title='bbox 1525 2217 1627 2252; x_wconf 90' lang='lat' dir='ltr'>sunt</span> <span class='ocrx_word' id='word_1_273' title='bbox 1647 2224 1744 2253; x_wconf 85' lang='lat' dir='ltr'>eva-</span> 
     </span>
    </p>
   </div>
   <div class='ocr_carea' id='block_1_5' title="bbox 363 2277 1809 2338">
    <p class='ocr_par' dir='ltr' id='par_1_6' title="bbox 363 2277 1809 2338">
     <span class='ocr_line' id='line_1_30' title="bbox 363 2277 1809 2338; baseline -0.003 -14"><span class='ocrx_word' id='word_1_274' title='bbox 363 2298 384 2321; x_wconf 86' lang='lat'>»</span> <span class='ocrx_word' id='word_1_275' title='bbox 418 2282 642 2324; x_wconf 68' lang='lat' dir='ltr'>euentur3.</span> <span class='ocrx_word' id='word_1_276' title='bbox 666 2298 686 2320; x_wconf 85' lang='lat'>»</span> <span class='ocrx_word' id='word_1_277' title='bbox 713 2280 829 2332; x_wconf 86' lang='lat' dir='ltr'>Quid</span> <span class='ocrx_word' id='word_1_278' title='bbox 844 2278 983 2323; x_wconf 85' lang='lat' dir='ltr'>voluit</span> <span class='ocrx_word' id='word_1_279' title='bbox 1005 2279 1176 2323; x_wconf 79' lang='lat' dir='ltr'>dicere?</span> <span class='ocrx_word' id='word_1_280' title='bbox 1193 2277 1301 2338; x_wconf 84' lang='lat' dir='ltr'>quid</span> <span class='ocrx_word' id='word_1_281' title='bbox 1322 2278 1462 2322; x_wconf 86' lang='lat' dir='ltr'>voluit</span> <span class='ocrx_word' id='word_1_282' title='bbox 1483 2279 1744 2324; x_wconf 75' lang='lat' dir='ltr'>ostendere?</span> <span class='ocrx_word' id='word_1_283' title='bbox 1803 2306 1809 2310; x_wconf 88' lang='lat'><em>.</em></span> 
     </span>
    </p>
   </div>
   <div class='ocr_carea' id='block_1_6' title="bbox 359 2348 1744 2550">
    <p class='ocr_par' dir='ltr' id='par_1_7' title="bbox 359 2348 1744 2550">
     <span class='ocr_line' id='line_1_31' title="bbox 359 2348 1744 2408; baseline -0.001 -14"><span class='ocrx_word' id='word_1_284' title='bbox 359 2348 591 2395; x_wconf 87' lang='lat' dir='ltr'>Descendit</span> <span class='ocrx_word' id='word_1_285' title='bbox 617 2349 825 2393; x_wconf 84' lang='lat' dir='ltr'>Dominus</span> <span class='ocrx_word' id='word_1_286' title='bbox 848 2352 962 2393; x_wconf 88' lang='lat' dir='ltr'>Deus</span> <span class='ocrx_word' id='word_1_287' title='bbox 994 2357 1140 2392; x_wconf 86' lang='lat' dir='ltr'>noster</span> <span class='ocrx_word' id='word_1_288' title='bbox 1165 2351 1287 2391; x_wconf 86' lang='lat' dir='ltr'>Jesus</span> <span class='ocrx_word' id='word_1_289' title='bbox 1319 2348 1514 2393; x_wconf 87' lang='lat' dir='ltr'>Christus</span> <span class='ocrx_word' id='word_1_290' title='bbox 1543 2364 1744 2408; x_wconf 85' lang='lat' dir='ltr'>reparare</span> 
     </span>
     <span class='ocr_line' id='line_1_32' title="bbox 361 2419 1741 2479; baseline 0 -15"><span class='ocrx_word' id='word_1_291' title='bbox 361 2436 496 2479; x_wconf 87' lang='lat' dir='ltr'>genus</span> <span class='ocrx_word' id='word_1_292' title='bbox 511 2421 754 2464; x_wconf 87' lang='lat' dir='ltr'>humanum</span> <span class='ocrx_word' id='word_1_293' title='bbox 770 2455 780 2474; x_wconf 85' lang='lat'><strong>‚</strong></span> <span class='ocrx_word' id='word_1_294' title='bbox 807 2429 850 2463; x_wconf 89' lang='lat' dir='ltr'>et</span> <span class='ocrx_word' id='word_1_295' title='bbox 871 2419 974 2464; x_wconf 86' lang='lat' dir='ltr'>dare</span> <span class='ocrx_word' id='word_1_296' title='bbox 996 2420 1177 2478; x_wconf 80' lang='lat' dir='ltr'>gratiam</span> <span class='ocrx_word' id='word_1_297' title='bbox 1206 2434 1329 2462; x_wconf 86' lang='lat' dir='ltr'>suam</span> <span class='ocrx_word' id='word_1_298' title='bbox 1353 2419 1555 2463; x_wconf 87' lang='lat' dir='ltr'>omnibus</span> <span class='ocrx_word' id='word_1_299' title='bbox 1578 2419 1741 2464; x_wconf 56' lang='lat' dir='ltr'>intelli÷</span> 
     </span>
     <span class='ocr_line' id='line_1_33' title="bbox 362 2489 1744 2550; baseline 0.001 -17"><span class='ocrx_word' id='word_1_300' title='bbox 362 2489 561 2547; x_wconf 83' lang='lat' dir='ltr'>gentibus</span> <span class='ocrx_word' id='word_1_301' title='bbox 575 2525 586 2545; x_wconf 69' lang='lat'>,</span> <span class='ocrx_word' id='word_1_302' title='bbox 606 2490 707 2550; x_wconf 83' lang='lat' dir='ltr'>quia</span> <span class='ocrx_word' id='word_1_303' title='bbox 730 2490 864 2548; x_wconf 78' lang='lat' dir='ltr'>gratia</span> <span class='ocrx_word' id='word_1_304' title='bbox 885 2489 999 2533; x_wconf 86' lang='lat' dir='ltr'>illius</span> <span class='ocrx_word' id='word_1_305' title='bbox 1021 2498 1106 2543; x_wconf 67' lang='lat' dir='ltr'>est,</span> <span class='ocrx_word' id='word_1_306' title='bbox 1132 2505 1221 2533; x_wconf 87' lang='lat' dir='ltr'>non</span> <span class='ocrx_word' id='word_1_307' title='bbox 1242 2489 1395 2533; x_wconf 85' lang='lat' dir='ltr'>merita</span> <span class='ocrx_word' id='word_1_308' title='bbox 1417 2504 1571 2534; x_wconf 88' lang='lat' dir='ltr'>eorum</span> <span class='ocrx_word' id='word_1_309' title='bbox 1592 2509 1600 2534; x_wconf 90' lang='lat'>:</span> <span class='ocrx_word' id='word_1_310' title='bbox 1628 2499 1672 2534; x_wconf 87' lang='lat' dir='ltr'>et</span> <span class='ocrx_word' id='word_1_311' title='bbox 1688 2505 1744 2534; x_wconf 88' lang='lat' dir='ltr'>ne</span> 
     </span>
    </p>
   </div>
   <div class='ocr_carea' id='block_1_7' title="bbox 411 2572 1457 2614">
    <p class='ocr_par' dir='ltr' id='par_1_8' title="bbox 411 2572 1457 2614">
     <span class='ocr_line' id='line_1_34' title="bbox 411 2572 1457 2614; baseline -0.001 -9"><span class='ocrx_word' id='word_1_312' title='bbox 411 2580 419 2595; x_wconf 90' lang='lat'>¹</span> <span class='ocrx_word' id='word_1_313' title='bbox 440 2574 553 2605; x_wconf 72' lang='lat' dir='ltr'>Matth.</span> <span class='ocrx_word' id='word_1_314' title='bbox 577 2585 621 2613; x_wconf 74' lang='lat' dir='ltr'>w,</span> <span class='ocrx_word' id='word_1_315' title='bbox 643 2585 674 2614; x_wconf 83' lang='lat'>1,</span> <span class='ocrx_word' id='word_1_316' title='bbox 693 2583 725 2605; x_wconf 84' lang='lat'>2.</span> <span class='ocrx_word' id='word_1_317' title='bbox 752 2590 786 2596; x_wconf 90' lang='lat'>-—</span> <span class='ocrx_word' id='word_1_318' title='bbox 803 2581 814 2596; x_wconf 77' lang='lat'><strong>²</strong></span> <span class='ocrx_word' id='word_1_319' title='bbox 830 2573 910 2606; x_wconf 82' lang='lat' dir='ltr'>Psal.</span> <span class='ocrx_word' id='word_1_320' title='bbox 930 2584 1002 2613; x_wconf 63' lang='lat' dir='ltr'>tw,</span> <span class='ocrx_word' id='word_1_321' title='bbox 1020 2582 1051 2606; x_wconf 77' lang='lat'>2.</span> <span class='ocrx_word' id='word_1_322' title='bbox 1075 2591 1114 2596; x_wconf 91' lang='lat'>--</span> <span class='ocrx_word' id='word_1_323' title='bbox 1129 2572 1142 2595; x_wconf 81' lang='lat'>3</span> <span class='ocrx_word' id='word_1_324' title='bbox 1164 2585 1176 2604; x_wconf 88' lang='lat'>1</span> <span class='ocrx_word' id='word_1_325' title='bbox 1199 2575 1268 2605; x_wconf 60' lang='lat' dir='ltr'>Cor,</span> <span class='ocrx_word' id='word_1_326' title='bbox 1291 2586 1315 2613; x_wconf 76' lang='grc' dir='ltr'>ι,</span> <span class='ocrx_word' id='word_1_327' title='bbox 1338 2574 1457 2606; x_wconf 81' lang='lat'><strong>26-28.</strong></span> 
     </span>
    </p>
   </div>
   <div class='ocr_carea' id='block_1_8' title="bbox 1828 0 1889 1976">
    <p class='ocr_par' dir='ltr' id='par_1_9' title="bbox 1828 0 1889 1976">
     <span class='ocr_line' id='line_1_35' title="bbox 1828 0 1889 1976; baseline 0 0"><span class='ocrx_word' id='word_1_328' title='bbox 1828 0 1889 1976; x_wconf 95' lang='lat' dir='ltr'> </span> 
     </span>
    </p>
   </div>
   <div class='ocr_carea' id='block_1_9' title="bbox 1868 1945 1889 2154">
    <p class='ocr_par' dir='ltr' id='par_1_10' title="bbox 1868 1945 1889 2154">
     <span class='ocr_line' id='line_1_36' title="bbox 1868 1945 1889 2154; textangle 90"><span class='ocrx_word' id='word_1_329' title='bbox 1868 1945 1889 2154; x_wconf 50' lang='lat' dir='ltr'>H&#39;ssss‘</span> 
     </span>
    </p>
   </div>
   <div class='ocr_carea' id='block_1_10' title="bbox 1833 2164 1870 3285">
    <p class='ocr_par' dir='ltr' id='par_1_11' title="bbox 1833 2164 1870 3285">
     <span class='ocr_line' id='line_1_37' title="bbox 1833 2164 1870 3285; baseline 0 -827"><span class='ocrx_word' id='word_1_330' title='bbox 1833 2164 1870 3285; x_wconf 95' lang='lat' dir='ltr'>     </span> 
     </span>
    </p>
   </div>
   <div class='ocr_carea' id='block_1_11' title="bbox 1870 2336 1888 2450">
    <p class='ocr_par' dir='ltr' id='par_1_12' title="bbox 1870 2336 1888 2450">
     <span class='ocr_line' id='line_1_38' title="bbox 1870 2336 1888 2450; textangle 90"><span class='ocrx_word' id='word_1_331' title='bbox 1870 2408 1887 2450; x_wconf 46' lang='grc' dir='ltr'>*Ξῖ</span> <span class='ocrx_word' id='word_1_332' title='bbox 1870 2336 1888 2367; x_wconf 61' lang='lat' dir='ltr'>:T</span> 
     </span>
    </p>
   </div>
   <div class='ocr_carea' id='block_1_12' title="bbox 1871 2479 1889 2505">
    <p class='ocr_par' dir='ltr' id='par_1_13' title="bbox 1871 2479 1889 2505">
     <span class='ocr_line' id='line_1_39' title="bbox 1871 2479 1889 2505; textangle 90"><span class='ocrx_word' id='word_1_333' title='bbox 1871 2479 1889 2505; x_wconf 47' lang='lat'>¹2„-</span> 
     </span>
    </p>
   </div>
  </div>
 </body>
</html>
