1889 3285
422 268 664 296 ENARRA'HO
693 270 739 296 IN
769 268 971 296 PsALML‘M
1004 269 1138 295 LXVH.
1348 254 1428 292 261

0 347 1 350 ’
61 353 82 377 «
114 337 298 380 Cautate
319 337 430 389 Deo,
445 352 465 375 υ
489 333 657 378 dictum
679 333 897 388 videatur,
917 332 1017 392 quia
1037 347 1083 374 ea
1102 346 1200 391 quae
1220 331 1266 374 in
1283 346 1327 374 se
1343 330 1433 389 ipsa

54 420 175 450 mens
197 406 304 463 agit,
330 408 420 449 Dco
442 413 544 448 nota
566 414 690 459 sunt,
728 404 782 448 ab
807 403 1057 448 hominibus
1078 417 1168 445 non
1192 400 1396 445 videntur
1423 420 1432 445 :

53 491 184 535 opera
205 491 307 519 vero
330 475 445 519 bona
466 475 672 534 quoniam
698 474 797 519 ideo
823 472 1010 517 videnda
1038 481 1139 515 sunt
1167 471 1222 515 ab
1244 470 1437 515 homini-

50 545 163 600 bus,
199 554 250 589 ut
287 544 530 604 glorificent
565 548 741 588 Patrem
775 553 973 589 nostrum
1002 541 1145 602 quiin
1166 540 1287 585 coelis
1319 542 1435 595 est¹‚

50 616 206 660 merito
227 615 394 660 dictum
417 615 471 658 sit
496 634 505 659 ε
545 634 565 657 «
589 614 762 658 Psallite
792 613 958 658 nomini
987 614 1101 672 ejus,
1125 611 1173 655 id
1193 620 1278 665 est,
1305 610 1435 654 diffa-

50 686 231 730 mationi
248 687 354 746 ejus,
372 694 421 729 ut
441 684 719 730 laudabiliter
732 685 997 730 nominetur.
1011 686 1133 727 Hanc
1146 681 1436 726 differentiam

50 755 240 810 alicubi,
265 764 482 815 quantum
501 754 662 810 recolo,
683 755 813 798 etiam
834 756 923 814 ipse
940 762 1113 797 secutus
1131 767 1241 796 sum.
1258 751 1441 795 Memini

51 835 199 870 autem
220 825 373 885 legisse
394 841 472 870 nos
496 827 642 881 etiam,
660 825 864 870 «Psallite
888 828 976 869 Deo
990 827 1008 850 2
1028 842 1037 868 ε
1063 842 1080 864 »
1103 823 1204 883 quia
1221 821 1325 865 talia
1340 837 1441 882 (suae

49 896 276 953 visibiliter
311 896 422 940 bene
445 911 676 955 operamur
691 931 702 950 ‚
738 911 829 939 non
858 903 1031 939 tantum
1051 893 1302 938 hominibus
1317 927 1328 947 ,
1364 890 1440 936 sed

51 966 183 1010 etiam
211 969 301 1010 Deo
322 965 512 1025 placent.
540 968 638 1010 Non
660 974 806 1009 autem
830 964 972 1008 omnia
997 979 1097 1024 quae
1120 966 1211 1007 Deo
1238 962 1436 1022 placent,
1457 971 1462 984 ¹

51 1036 182 1080 etiam
202 1035 456 1080 hominibus
478 1045 676 1094 possunt,
696 1035 799 1095 quia
825 1033 973 1078 videre
995 1048 1085 1077 non
1102 1040 1297 1092 possunt.
1316 1030 1441 1075 Unde

51 1106 211 1150 mirum
230 1114 308 1161 est,
328 1107 363 1150 si
379 1104 750 1166 quemadmodum
772 1113 1009 1162 utrumque
1028 1102 1204 1161 legitur,
1217 1110 1275 1156 et,
1295 1120 1314 1142 t(
1327 1102 1442 1146 Can-

55 1195 76 1218 »
111 1186 199 1221 tate
228 1180 335 1230 Deo,
355 1195 376 1217 >›
398 1186 456 1232 et,
484 1196 505 1218 α
525 1175 696 1220 Psallite
726 1179 844 1232 Deo3
866 1192 886 1215 n
907 1175 967 1218 ita
989 1172 1150 1217 alicubi
1162 1172 1248 1231 legi
1269 1180 1412 1232 potest
1427 1206 1439 1227 ,

55 1266 77 1289 «
111 1249 295 1292 Cantate
312 1247 480 1292 nomini
501 1248 606 1307 ejus.
627 1245 789 1299 »Quod
803 1245 836 1290 si
854 1254 897 1289 et
910 1246 993 1289 hoc
1013 1244 1060 1287 in
1079 1243 1307 1302 Scripturis
1325 1257 1442 1287 sanc-

52 1317 106 1361 tis
124 1316 290 1360 dictum
312 1316 550 1371 invenitur,
566 1317 659 1360 haec
677 1314 922 1359 differentia
938 1314 1095 1358 frustra
1117 1314 1337 1357 elaborata
1359 1321 1437 1356 est.

0 1413 2 1447 Ι
51 1390 203 1432 Movet
224 1387 354 1431 etiam
371 1402 439 1430 me
459 1387 581 1447 quod
596 1385 783 1446 generali
799 1386 974 1430 nomine
988 1385 1122 1443 magis
1135 1383 1294 1428 Psalmi
1309 1399 1443 1443 quam

0 1450 2 1464 ³
53 1457 234 1502 Cantica
254 1466 489 1512 vocantur,
514 1457 573 1500 ita
593 1465 644 1501 ut
662 1455 873 1500 Dominus
901 1456 1062 1499 diceret
1085 1474 1094 1499 :
1125 1474 1144 1496 «
1164 1457 1272 1507 Quae
1289 1454 1443 1511 scripta

56 1545 79 1569 ³»
113 1536 217 1571 sunt
232 1528 278 1570 in
301 1529 417 1586 Lege
440 1535 484 1571 et
506 1526 732 1586 Prophetis
749 1535 792 1569 et
813 1524 989 1571 Psalmis
1012 1524 1067 1569 de
1088 1526 1198 1569 me3.
1219 1527 1314 1568 »Et
1332 1523 1444 1568 liber

0 1581 2 1634 1
53 1597 145 1657 ipse
168 1595 440 1641 Psalmorum
458 1596 618 1640 dicitur
633 1631 644 1651 ,
670 1610 761 1640 non
783 1595 1061 1640 canticorum
1087 1614 1096 1641 z
1121 1614 1141 1637 ι(
1169 1593 1289 1639 Sicut
1310 1594 1446 1653 scrip-

0 1637 2 1707 1
57 1686 78 1709 »
113 1676 210 1712 tum
242 1676 327 1722 est,
363 1667 528 1727 inquit,
552 1667 601 1710 in
624 1666 738 1710 libro
763 1665 1035 1711 Psalmorum
1050 1666 1082 1711 ⁴.
1111 1683 1132 1708 »
1160 1667 1273 1710 Cum
1299 1665 1446 1724 potius

55 1738 298 1783 secundum
318 1738 444 1782 istam
467 1737 767 1785 ,differentiam
785 1771 795 1791 ‚
836 1735 1015 1780 Cantica
1041 1735 1128 1780 dici
1149 1734 1350 1780 debuisse
1381 1736 1448 1780 vi-

0 1806 1 1814 *
56 1808 269 1865 deantur3
299 1808 508 1867 quoniam
529 1807 758 1853 Canticum
787 1805 916 1850 etiam
940 1806 1030 1849 sine
1052 1805 1222 1850 Psalmo
1251 1821 1341 1851 esse
1362 1821 1446 1866 po·-

0 1875 1 1936 j
56 1887 161 1933 test,
190 1877 386 1923 Psalmus
410 1893 514 1921 vero
543 1878 633 1921 sine
649 1876 829 1921 Cantico
852 1890 941 1919 esse
963 1890 1053 1920 non
1074 1884 1232 1935 potest.
1260 1879 1446 1921 Possunt

57 1949 219 1993 etenim
238 1963 328 1992 esse
357 1948 640 2007 cogitationes
672 1946 826 1990 mentis
844 1981 854 2001 ‚
885 1960 1071 2006 quarum
1093 1961 1183 1990 non
1208 1946 1293 1990 sint
1314 1961 1447 2006 opera

57 2019 297 2079 corporalia
319 2038 328 2063 ε
354 2018 526 2063 nullum
549 2028 613 2062 est
631 2026 776 2061 autem
795 2032 902 2077 opus
927 2017 1092 2061 bonum
1110 2052 1120 2072 ,
1145 2019 1268 2077 cujus
1285 2033 1374 2062 non
1394 2017 1449 2062 sit

57 2089 105 2133 in
136 2098 282 2132 mente
310 2088 531 2147 cogitatio.
557 2091 621 2132 Ac
655 2102 732 2147 per
758 2087 842 2132 hoc
873 2086 1108 2148 utrobique
1130 2088 1333 2143 Cantica,
1356 2103 1448 2136 non

59 2158 291 2218 utrobique
314 2158 497 2202 Psalmi:
515 2166 559 2201 et
581 2166 745 2212 tamen,
760 2157 873 2202 sicut
888 2156 991 2212 dixi,
1010 2157 1268 2216 generaliter
1290 2157 1452 2203 Psalmi

60 2228 350 2289 appellantur,
368 2243 458 2271 non
479 2228 683 2278 Cantica3
701 2226 896 2288 liberque
914 2227 1202 2283 Psalmorum,
1226 2243 1316 2272 non
1332 2229 1450 2272 Can-

61 2300 262 2343 ticorum.
285 2301 343 2341 Et
365 2298 398 2341 si
415 2297 717 2356 intelligantur
734 2306 865 2357 atque
888 2298 1178 2342 discutiantur
1194 2313 1343 2343 sensus
1364 2298 1451 2341 dic*

61 2379 234 2424 torum,
278 2367 357 2411 ubi
390 2367 543 2411 titulus
576 2377 639 2412 est
671 2367 975 2412 tantummodo
1002 2387 1022 2411 «
1048 2368 1234 2423 Psalmi,
1262 2387 1282 2411 »
1309 2377 1352 2412 et
1373 2367 1450 2412 ubi

63 2437 369 2484 tantummodo
396 2456 415 2479 «
436 2438 628 2491 Cantici,
657 2456 677 2477 »
699 2446 742 2481 et
758 2438 835 2481 ubi
854 2453 944 2482 non
969 2457 989 2480 «
1011 2437 1206 2482 Psalmus
1224 2438 1406 2490 Cantici,
1425 2455 1446 2477 »

65 2509 175 2553 sicut
211 2509 257 2551 in
279 2508 386 2561 isto,
410 2507 485 2550 sed
501 2541 512 2563 ,
544 2526 561 2546 «
590 2509 822 2551 Canticum
845 2506 1003 2553 Psalmi
1028 2527 1047 2549 ι)
1075 2508 1330 2567 inscriptum
1362 2515 1448 2563 cst3

115 2597 123 2614 ¹
144 2590 261 2625 Matth.
280 2603 313 2631 v,
338 2591 388 2622 16.
413 2597 476 2613 ——2
497 2590 577 2622 neat.
602 2601 683 2627 nvi,
705 2601 736 2631 7,
756 2594 787 2622 8.
809 2608 849 2614 ·—
871 2590 883 2614 3
904 2593 980 2622 Luc.
1001 2601 1088 2631 xxiv,
1107 2591 1213 2632 4343—-
1233 2589 1248 2618 4
1268 2593 1446 2631 Aet.1,t>.o.
