1889 3285
390 237 448 278 46
835 245 869 274 s.
904 245 1136 276 AUGUSTINI
1167 249 1349 276 Emscom

386 331 483 361 sum
509 317 598 360 est?
633 333 654 357 «
678 314 825 359 Virtus
851 314 898 357 in
918 314 1171 359 infirmitate
1192 314 1460 374 perficitur1.
1488 312 1686 357 Intendit
1708 326 1779 357 ar-

389 405 411 429 »
446 401 547 430 cum
567 400 695 430 suum
712 420 723 441 ,
744 385 884 430 donec
900 384 1194 428 infirmentur.

443 468 586 511 XVII.
616 485 636 509 «
663 466 784 511 Sicut
810 481 906 510 cera
931 463 1167 525 liquefacta
1196 463 1490 509 auferentur2.
1520 481 1540 504 ³)
1573 463 1778 508 Dicturus

386 537 502 581 enim
518 552 609 580 eras
628 555 637 580 ε
661 538 758 582 Non
782 550 931 580 omnes
957 535 1016 578 sic
1037 534 1330 590 infirmantur,
1351 533 1575 595 quomodo
1599 548 1681 592 ego
1697 568 1707 585 ‚
1728 541 1780 577 ut

386 608 566 652 credant
586 627 595 652 :
623 615 899 667 perseverant
913 605 1043 649 multi
1062 606 1109 649 in
1132 606 1247 650 malo
1273 622 1351 650 suo
1369 614 1413 649 et
1430 607 1476 648 in
1500 603 1666 648 malitia
1684 619 1774 648 sua.

385 680 443 722 Et
464 676 519 721 de
545 677 646 737 ipsis
666 677 775 721 nihil
798 678 947 721 timeas
969 696 978 720 z
1014 695 1034 718 «
1057 676 1177 720 Sicut
1199 691 1296 720 cera
1315 674 1550 736 liquefacta
1577 673 1780 718 auferen-

390 765 412 788 »
447 756 534 791 tur.
559 766 578 788 n
606 750 703 792 Non
727 756 877 791 contra
911 756 954 790 te
974 746 1175 801 stabunt,
1208 763 1298 791 non
1320 746 1626 806 perdurabunt
1647 764 1656 789 :
1681 744 1780 802 igne

385 817 579 877 quodam
610 817 1066 878 concupiscentiarum
1099 818 1275 862 suarum
1305 817 1528 878 peribunt.
1561 819 1640 861 Est
1662 816 1780 860 enim

384 887 456 931 hic
495 887 697 947 quaedam
727 904 859 948 poena
904 887 1096 943 occulta,
1141 887 1195 932 dc
1225 887 1300 932 illa
1329 887 1525 932 dicturus
1557 896 1619 931 est
1648 885 1786 931 modo

385 957 580 1003 Psalmus
597 974 735 1018 usque
747 959 793 1002 in
812 959 960 1003 finem.
979 960 1109 1003 Pauci
1132 968 1233 1003 sunt
1249 974 1396 1003 versus
1416 979 1425 1003 2
1442 957 1600 1002 intenti
1622 966 1775 1001 estote.

388 1030 465 1072 Fst
487 1027 689 1088 quaedam
711 1044 843 1088 poena
865 1028 1027 1084 futura,
1054 1029 1265 1087 gehennae
1286 1029 1418 1086 ignis,
1445 1029 1555 1086 ignis
1575 1037 1776 1071 aeternus.

386 1100 555 1142 Futura
570 1099 686 1142 enim
707 1115 839 1158 poena
861 1099 968 1142 duas
983 1100 1142 1158 species
1166 1100 1299 1143 habet
1317 1120 1324 1144 ;
1349 1108 1424 1143 aut
1440 1098 1681 1143 inferorum
1699 1107 1778 1152 est,

387 1168 466 1211 ubi
488 1167 668 1212 ardebat
689 1169 808 1212 dives
829 1167 902 1212 ille
920 1204 930 1223 5
958 1170 1032 1229 qui
1061 1169 1235 1214 volebat
1253 1170 1332 1213 sibi
1354 1168 1514 1213 stillam
1538 1185 1662 1229 aquae
1685 1167 1781 1211 stil-

384 1237 465 1282 lari
488 1239 534 1282 in
569 1238 765 1297 linguam
794 1239 849 1283 de
879 1238 1014 1297 digito
1051 1241 1275 1300 pauperis,
1308 1256 1442 1300 quem
1470 1249 1570 1284 ante
1601 1240 1782 1299 januam

392 1323 515 1352 suam
543 1318 863 1369 contempserat
881 1345 891 1364 ,
923 1310 1100 1370 quando
1128 1311 1216 1354 ait:
1247 1331 1267 1353 «
1297 1311 1511 1363 Quoniam
1540 1310 1710 1355 crucior
1735 1309 1783 1352 in

392 1397 414 1421 >›
447 1380 530 1424 hac
553 1381 774 1424 flamma2.
802 1398 823 1421 »
848 1383 906 1425 Et
923 1381 1056 1425 altera
1079 1390 1143 1425 est
1163 1380 1237 1426 illa
1258 1381 1303 1425 in
1332 1382 1419 1424 fine
1437 1416 1448 1436 ‚
1474 1380 1528 1425 de
1550 1396 1635 1441 qua
1659 1379 1784 1424 audi-

387 1451 475 1494 turi
496 1459 597 1494 sunt
615 1486 626 1506 ,
647 1451 725 1511 qui
747 1450 801 1495 ad
818 1451 1033 1495 sinistram
1051 1451 1245 1511 ponendi
1267 1460 1371 1496 sunt
1395 1471 1403 1495 :
1438 1471 1458 1492 «t
1482 1454 1548 1495 Ite
1568 1451 1614 1494 in
1635 1450 1783 1509 ignem

389 1539 411 1562 ))
447 1531 677 1577 aeternum,
698 1523 774 1582 qui
796 1532 1063 1582 praeparatus
1085 1532 1149 1567 est
1166 1522 1342 1567 diabolo
1360 1531 1403 1566 et
1423 1521 1583 1580 angelis
1598 1523 1691 1581 ejus
1704 1521 1736 1565 ⁴.
1756 1539 1776 1562 »

388 1591 483 1635 Illae
500 1607 646 1650 poenae
668 1592 908 1635 manifestae
931 1602 1061 1636 erunt
1093 1608 1144 1636 eo
1173 1602 1368 1652 tempore
1383 1627 1394 1647 ‚
1419 1590 1597 1651 quando
1619 1592 1781 1635 exitum

383 1659 518 1706 fuerit
538 1677 593 1705 ex
615 1662 697 1706 hac
719 1662 807 1705 vita
822 1697 832 1716 ‚
860 1671 936 1706 aut
952 1662 1079 1706 finito
1101 1663 1261 1707 saeculo
1280 1671 1541 1722 perventum
1562 1661 1616 1706 ad
1638 1677 1782 1706 resur-

385 1732 624 1776 sectionem
653 1740 945 1776 mortuorum.
984 1731 1118 1776 Modo
1153 1747 1254 1790 ergo
1285 1732 1408 1776 nulla
1438 1747 1572 1792 poena
1608 1741 1697 1787 est,
1739 1741 1783 1776 et

388 1817 567 1861 prorsus
584 1802 800 1861 impunita
819 1802 920 1846 sinit
946 1805 1055 1846 Deus
1077 1811 1254 1861 peccata
1271 1818 1408 1863 usque
1426 1801 1482 1846 ad
1500 1802 1625 1847 illum
1641 1801 1782 1846 diem?

383 1874 464 1916 Est
485 1881 528 1915 et
553 1872 624 1915 hic
647 1872 853 1932 quaedam
876 1887 1003 1931 poena
1030 1872 1203 1917 occulta
1219 1908 1230 1927 ‚
1266 1872 1321 1916 de
1352 1873 1443 1933 ipsa
1466 1872 1600 1917 modo
1621 1882 1781 1917 tracta-

386 1951 474 1986 tur.
497 1944 621 1986 Hanc
641 1941 738 1986 vult
761 1943 1067 1986 commendare
1093 1943 1274 2001 Spiritus
1298 1943 1373 1987 Dei
1392 1963 1400 1987 :
1427 1939 1540 1987 hanc
1561 1942 1780 2002 intelliga-

385 2028 508 2068 mus,
534 2013 647 2057 hanc
666 2028 892 2057 caveamus
909 2049 919 2068 ‚
941 2014 1054 2057 hanc
1072 2014 1303 2068 evitemus,
1330 2023 1374 2057 et
1394 2014 1440 2057 in
1468 2013 1561 2057 illas
1589 2013 1779 2057 multum

385 2083 601 2128 terribiles
617 2099 705 2127 non
728 2082 986 2128 incidemus.
1008 2086 1139 2127 Forte
1163 2082 1358 2128 dicturus
1381 2093 1446 2128 est
1462 2083 1569 2128 mihi
1592 2083 1746 2144 aliquis
1767 2104 1775 2129 :

387 2156 499 2199 Sunt
522 2163 565 2197 et
595 2154 666 2198 hic
697 2169 842 2213 poenae
857 2189 867 2209 ,
904 2168 1094 2197 carceres
1109 2188 1119 2208 ‚
1146 2153 1270 2197 exilia
1289 2189 1299 2208 ‚
1331 2162 1569 2209 tormenta,
1588 2163 1749 2198 mortes
1765 2189 1776 2209 ,

388 2223 557 2268 diversa
581 2239 737 2283 genera
757 2223 958 2268 dolorum
977 2233 1020 2267 et
1040 2223 1388 2268 tribulationum.
1415 2227 1525 2269 Sunt
1542 2224 1721 2284 quidem
1737 2233 1781 2268 et

366 2293 462 2344 sista
481 2329 492 2349 ,
517 2303 560 2338 et
583 2294 660 2338 Dei
676 2293 842 2354 judicio
860 2293 1186 2353 dispensantur3
1212 2293 1287 2337 sed
1314 2293 1462 2338 multis
1481 2294 1537 2338 ad
1554 2294 1778 2354 probatio-

383 2379 508 2421 nem,
531 2363 680 2408 multis
703 2363 759 2408 ad
776 2363 1115 2408 damnationem.
1138 2363 1348 2408 Videmus
1370 2373 1519 2409 tamen
1541 2364 1779 2425 aliquando

436 2479 446 2495 ¹
469 2481 488 2504 2
518 2474 593 2505 Cor.
615 2482 670 2513 111,
689 2482 726 2513 9,
760 2481 807 2503 10.
835 2488 878 2493 —-
897 2478 909 2493 ²
929 2470 1009 2503 Psal.
1034 2481 1112 2513 urii,
1133 2481 1165 2513 9.
1191 2488 1230 2493 —
1264 2469 1276 2494 3
1295 2473 1372 2504 Luc.
1393 2483 1459 2514 xvi,
1480 2471 1534 2514 24.
1558 2489 1598 2495 -
1619 2470 1635 2501 4
1663 2473 1776 2505 matth.

385 2539 454 2562 xxv
468 2553 477 2571 ‚
497 2526 552 2571 41.
