1889 3285
425 223 510 262 382
849 235 882 261 s.
918 230 1150 262 AUGUSTINI
1180 233 1363 261 EPISCOPI

421 298 504 341 illis
527 298 693 356 optavit
707 332 718 353 ,
754 306 804 341 ut
829 296 1160 342 confundantur
1185 296 1240 341 de
1260 296 1383 341 malis
1403 297 1512 351 suis,
1538 305 1579 341 et
1601 296 1808 342 deficiant

419 383 443 410 a
475 367 684 425 perversis
719 367 884 412 viribus
917 367 1027 425 suis,
1061 375 1105 410 et
1125 368 1342 427 tuncjam
1375 366 1535 410 defecti
1557 376 1600 411 et
1633 366 1806 427 confusi

419 445 620 496 quaerant
634 435 972 481 illuminatorem
993 452 1017 480 a
1040 435 1317 491 confusione,
1343 445 1386 480 et
1408 435 1664 481 refectorem
1681 453 1705 481 a
1727 438 1807 481 de-

419 504 621 550 fectione.
646 507 842 567 Denique
863 506 963 550 vide
994 506 1101 566 quid
1123 506 1319 566 sequitur
1351 524 1362 552 3
1395 525 1414 548 «
1434 506 1682 550 Induantur
1702 522 1809 551 con-

420 593 441 616 »
477 576 694 620 fusionem
712 586 756 620 et
768 575 1092 630 verecundiam,
1118 576 1194 636 qui
1216 575 1411 634 cogitant
1427 576 1535 619 mihi
1552 576 1681 620 mala.
1695 578 1810 621 Con-

423 665 442 687 »
476 646 694 691 fusionem
735 657 779 691 et
812 645 1120 691 verecundiam
1138 681 1148 701 ,
1192 666 1209 687 »
1249 644 1553 689 confusionem
1597 646 1652 689 de
1693 646 1808 692 mala

420 717 682 761 conscientia
699 753 710 772 ,
748 716 1056 761 verecundiam
1077 724 1255 775 propter
1283 715 1555 760 modestiam.
1597 716 1694 760 Fiat
1722 716 1807 761 hoc

418 787 464 829 in
485 786 591 841 illis,
614 796 657 830 et
679 788 784 831 honi
805 796 948 831 erunt.
979 789 1078 831 Non
1107 785 1188 829 tibi
1208 785 1408 830 videatur
1429 787 1578 829 saevire
1605 804 1615 830 ι
1639 786 1809 830 utinam

419 857 674 901 exaudiatur
697 872 777 917 pro
798 857 896 901 illis.
922 859 1032 902 Nam
1053 856 1202 900 saevire
1219 856 1452 900 videbatur
1474 865 1517 900 et
1541 857 1804 916 Stephanus,

417 926 596 987 quando
636 943 709 972 ore
739 927 982 972 flammanti
1015 926 1149 971 verba
1170 925 1244 969 illa
1272 925 1550 986 jaculabatur
1585 945 1595 970 ;
1631 944 1649 967 «
1690 929 1809 970 Dura

423 1016 442 1038 >›
476 998 664 1049 cervice,
689 1007 733 1042 et
759 1014 849 1042 non
870 997 1109 1041 circumcisi
1131 995 1263 1040 corde
1286 1005 1330 1039 et
1357 996 1535 1040 auribus
1553 1031 1565 1051 ,
1595 1012 1670 1040 vos
1691 1011 1807 1040 sem-

423 1086 441 1107 »
475 1083 553 1126 per
575 1068 766 1111 resistitis
794 1067 971 1126 Spiritui
995 1075 1144 1110 sancto
1161 1068 1190 1109 ¹.
1223 1086 1239 1107 »
1270 1070 1409 1118 Quam
1432 1082 1609 1110 accensa
1630 1066 1806 1110 iracun-

418 1135 491 1180 dia
509 1171 520 1192 ‚
545 1153 677 1197 quam
699 1138 933 1181 vehemens
968 1137 1172 1180 adversus
1208 1135 1438 1180 inimicos?
1464 1136 1702 1181 Commissa
1728 1135 1810 1180 tibi

416 1205 591 1251 videtur
624 1206 767 1250 anima
799 1207 967 1265 ipsius?
992 1206 1131 1250 Absit.
1172 1206 1363 1251 Salutem
1393 1207 1586 1265 ipsorum
1614 1206 1809 1265 require-

416 1275 493 1319 bat
507 1311 517 1330 ‚
543 1277 818 1334 phreneticos
841 1276 953 1319 male
972 1276 1195 1319 saevientes
1216 1276 1359 1319 verbis
1381 1275 1558 1333 ligabat.
1577 1278 1687 1321 Nam
1708 1274 1808 1320 vide

418 1347 520 1406 quia
542 1362 631 1391 non
655 1356 746 1390 erat
767 1348 993 1391 commissa
1014 1346 1157 1390 anima
1179 1346 1310 1405 ipsius
1326 1381 1336 1401 ,
1368 1362 1459 1390 non
1480 1345 1622 1391 solum
1655 1355 1807 1391 contra

418 1420 558 1461 Deum
574 1451 586 1471 ,
626 1417 702 1460 sed
718 1432 798 1460 nec
829 1425 978 1460 contra
999 1416 1111 1475 ipsos
1144 1435 1153 1460 ε
1190 1435 1210 1457 ι(
1240 1417 1450 1472 Domine,
1475 1417 1639 1477 inquit,
1666 1419 1771 1461 Jesu
1790 1452 1802 1472 ,

420 1504 440 1528 »
476 1487 622 1546 accipe
645 1487 843 1546 spiritum
860 1488 1049 1530 meum2.
1077 1504 1098 1527 »
1118 1488 1216 1531 Non
1235 1487 1273 1529 ei
1295 1485 1516 1545 displicuit
1537 1489 1678 1542 Jesus,
1698 1487 1807 1547 quia

417 1572 565 1616 passus
587 1566 679 1600 erat
699 1556 1011 1616 lapidationem
1034 1571 1113 1614 pro
1134 1557 1270 1600 verbo
1292 1557 1425 1615 ipsius
1447 1575 1455 1600 :
1483 1572 1574 1601 non
1590 1572 1692 1615 ergo
1715 1566 1807 1601 erat

417 1627 641 1670 commissa
661 1627 803 1669 anima
821 1627 912 1685 ejus
934 1635 1086 1669 contra
1106 1629 1260 1669 Deum.
1287 1628 1397 1669 Item
1421 1625 1529 1670 dixit
1547 1645 1556 1671 :
1572 1626 1802 1679 «Domine,

421 1715 440 1737 »
477 1712 532 1740 ne
566 1706 726 1740 statuas
758 1695 841 1740 illis
870 1697 952 1740 hoc
975 1695 1185 1739 delictum
1203 1698 1234 1739 3.
1269 1714 1289 1737 »
1314 1699 1412 1741 Non
1434 1712 1536 1754 ergo
1573 1706 1664 1741 erat
1684 1713 1806 1742 com-

417 1768 542 1812 missa
565 1768 709 1811 anima
730 1769 844 1827 ejus,
883 1783 964 1811 nec
987 1776 1139 1811 contra
1161 1767 1356 1812 inimicos
1370 1772 1492 1812 suos.
1521 1786 1542 1809 «
1561 1767 1807 1812 Induantur

421 1856 441 1879 »
477 1838 780 1883 confusionem
803 1848 847 1882 et
860 1838 1183 1893 verecundiam,
1201 1838 1279 1898 qui
1300 1839 1495 1897 cogitant
1516 1838 1623 1882 mihi
1644 1841 1801 1882 maia.»

418 1912 512 1953 Hoc
545 1910 661 1953 enim
685 1918 891 1969 quaerunt
912 1923 1061 1953 omnes
1095 1908 1172 1968 qui
1202 1924 1273 1952 me
1293 1909 1508 1953 tribulant
1523 1944 1534 1964 ,
1560 1908 1674 1952 mala
1697 1909 1806 1953 mihi
1864 1904 1870 1914 ‘

415 1989 635 2038 quaerunt.
661 1982 770 2032 Quae
793 1978 906 2022 mala
927 1979 1156 2038 quaerebat
1178 1979 1308 2022 etiam
1326 1979 1482 2022 mulier
1502 1979 1577 2023 illa
1593 2014 1605 2035 ,
1625 1979 1804 2039 quando

417 2050 653 2108 suggessit:
684 2069 704 2092 «
729 2050 806 2094 Dic
837 2049 1005 2109 aliquid
1025 2049 1072 2092 in
1099 2052 1240 2093 Deum
1256 2084 1266 2101 ,
1290 2058 1334 2093 et
1361 2051 1574 2093 morere4.
1599 2067 1618 2091 υ
1645 2053 1702 2094 Et
1729 2049 1804 2094 illa
1869 2107 1871 2109 -

416 2135 525 2163 uxor
548 2120 696 2163 Tobiae
714 2155 725 2174 ,
746 2135 846 2179 quae
865 2120 924 2162 ait
940 2119 1096 2162 marito
1124 2137 1132 2162 :
1162 2119 1279 2163 «Ubi
1301 2128 1404 2163 sunt
1417 2119 1597 2179 justitiae
1619 2128 1706 2163 tuae
1720 2121 1762 2161 ⁵?
1779 2137 1798 2160 »

417 2190 486 2235 Ad
508 2192 590 2235 hoc
612 2190 785 2235 dicebat
800 2226 810 2245 ,
835 2199 886 2234 ut
919 2189 1165 2249 displiceret
1186 2189 1248 2233 illi
1276 2193 1413 2245 Deus,
1438 2190 1516 2250 qui
1536 2189 1662 2234 illum
1680 2189 1801 2235 fece·
1862 2213 1873 2226 -

417 2269 483 2303 rat
504 2276 668 2304 caecum
687 2281 698 2318 3
723 2270 766 2304 et
790 2276 891 2304 cum
912 2259 975 2303 illi
997 2258 1266 2319 displiceret,
1293 2260 1639 2304 committeretur
1659 2260 1802 2304 anima
1854 2292 1857 2294 -

415 2330 564 2390 ipsius.
1858 2322 1862 2324 μ

474 2403 571 2445 XV.
600 2401 643 2445 Si
675 2415 776 2458 ergo
801 2416 929 2445 nemo
956 2401 1036 2446 tibi
1063 2399 1316 2444 tribulando
1352 2402 1637 2461 persuaserit,
1669 2417 1799 2446 nemo
1863 2415 1872 2445 εὶ

464 2502 474 2518 ¹
493 2498 567 2528 Act.
592 2507 651 2537 vu,
683 2496 738 2528 51.
759 2513 799 2518 —
829 2503 842 2518 ²
873 2496 955 2528 Ibid.
981 2494 1036 2527 58.
1064 2512 1102 2518 —
1123 2493 1136 2517 3
1159 2495 1241 2527 Ibid.
1262 2495 1314 2537 59.
1342 2513 1384 2518 —
1400 2494 1503 2529 l*J0b.
1518 2504 1556 2538 11,
1570 2507 1602 2539 9.
1623 2513 1665 2519 —
1682 2494 1699 2520 5
1715 2496 1795 2529 Tob.

415 2562 437 2584 n
451 2576 460 2594 ,
479 2560 533 2584 22.
