1889 3285
441 277 681 309 ENARRA’rro
713 281 759 308 ΙΝ
790 278 992 310 PsALMUM
1022 278 1111 308 nx.
1384 262 1465 303 105

90 346 217 391 mala.
245 345 353 390 Inde
374 344 597 390 tribulatio
611 344 829 401 Ecclesiae,
855 344 956 389 inde
972 343 1056 388 olla
1072 341 1374 386 ebullie11S.De
1386 340 1469 385 hac

91 415 176 461 olla
197 414 387 476 quodam
408 414 505 459 loco
541 415 781 474 prophetiae
813 414 972 459 dicitur
991 432 1000 458 2
1022 432 1042 455 ‹<
1059 411 1156 456 Olla
1178 425 1384 455 succensa
1413 410 1468 454 ab

93 504 113 529 »
147 485 408 546 Aquilone1.
432 504 452 526 »
480 486 605 530 Unde
621 486 702 530 nisi
723 502 746 530 a
767 486 961 546 partibus
995 482 1159 529 diaboli
1176 518 1187 537 ,
1223 482 1300 542 qui
1328 481 1467 526 dixit:

93 576 115 600 (ι
147 560 312 602 Ponam
345 557 491 602 sedem
518 572 662 601 meam
684 556 739 601 ad
759 556 1052 617 Aquilonem2
1068 556 1085 596 ‘3
1110 572 1130 595 »
1153 551 1471 597 Tribulationes

90 643 193 688 ergo
214 629 410 673 maximae
431 643 522 673 non
544 628 744 672 oriuntur
771 627 999 672 adversum
1022 623 1260 670 Ecclesiam
1275 657 1286 677 ,
1311 622 1393 667 nisi
1414 622 1470 666 ab

89 700 149 744 eis
170 700 247 760 qui
266 699 360 758 lege
376 699 489 744 male
510 708 712 744 utuntur.
738 698 854 752 Quid
872 699 1008 758 ergo?
1030 695 1261 741 Defectura
1283 702 1347 738 est
1369 693 1472 738 hinc

89 769 280 815 Ecclesia
291 805 302 825 ,
327 778 370 814 et
385 779 562 830 propter
578 769 709 815 ollam
725 805 736 825 ,
756 769 801 814 id
819 779 903 824 est,
925 766 1237 813 abundantiam
1252 762 1474 809 scandalo-

89 857 186 886 rum
200 877 211 897 ,
235 857 326 886 non
343 841 423 886 erit
442 850 768 901 perseveratura
784 855 922 901 usque
942 840 988 883 in
1002 840 1162 883 finem?
1182 839 1338 883 Nonne
1358 838 1383 880 J
1386 835 1475 880 uda

89 927 163 956 rex
195 911 310 956 illius
344 911 545 971 praedixit
578 912 661 957 hoc
689 912 758 956 ei?
789 914 944 957 Nonne
976 910 1035 954 ait
1052 946 1062 961 ,
1090 908 1151 953 illi
1178 928 1187 954 :
1213 927 1233 950 «
1257 906 1474 961 Quoniam

92 999 114 1024 »
149 981 393 1026 abundabit
414 982 640 1042 iniquitas,
662 982 911 1041 refrigescet
927 981 1110 1025 charitas
1131 977 1425 1022 multorumssP
1447 993 1470 1017 1)

89 1051 188 1097 Olla
218 1051 432 1096 bulliente
461 1053 646 1097 charitas
675 1051 930 1111 refrigescit.
963 1053 1106 1104 Quare
1133 1065 1223 1094 non
1246 1048 1413 1108 potius,
1448 1062 1475 1092 o

89 1121 299 1177 charitas,
316 1131 360 1166 et
380 1130 430 1166 tu
450 1131 600 1167 contra
622 1121 754 1168 ollam
772 1120 1004 1166 fervescIs?
1026 1119 1279 1179 Anignoras
1293 1117 1372 1162 tibi
1387 1132 1476 1161 esse

90 1190 284 1247 dictum,
318 1207 418 1236 cum
441 1192 496 1237 de
524 1191 597 1237 illa
630 1191 899 1236 abundantia
931 1189 1235 1236 scandalorum
1264 1204 1338 1233 rex
1375 1196 1477 1232 tuus

89 1262 343 1323 loqueretur
367 1283 376 1309 z
407 1282 427 1305 ‹<
451 1264 533 1316 Qui
554 1263 890 1323 perseveraverit
910 1277 1051 1322 usque
1067 1261 1112 1305 in
1134 1260 1290 1314 finem,
1304 1259 1376 1303 hic
1389 1257 1475 1302 sal-

93 1351 115 1376 »
148 1350 227 1379 vus
251 1335 332 1379 erit
349 1335 364 1360 4
388 1336 406 1378 Ρ
430 1352 450 1375 1)
477 1338 705 1379 Persevera
734 1350 837 1393 ergo
858 1333 1060 1394 usquein
1085 1333 1217 1375 finem
1239 1339 1390 1375 contra
1412 1328 1478 1374 ol-

92 1404 180 1449 lam
222 1403 540 1449 scandalorum.
578 1405 715 1449 Ardet
742 1405 828 1449 olla
860 1403 1125 1464 iniquitatis,
1160 1402 1236 1446 scd
1256 1402 1394 1462 major
1415 1409 1480 1445 est

90 1475 265 1519 flamma
287 1474 522 1518 charitatis.
548 1474 647 1519 Noli
668 1474 804 1529 vinci,
836 1489 1061 1534 persevera
1082 1487 1220 1533 usque
1253 1472 1301 1515 in
1324 1472 1473 1515 finem.

90 1543 209 1598 Quid
245 1544 368 1588 times
404 1545 640 1600 Moabitas,
676 1560 806 1604 opera
842 1544 955 1589 mala
977 1558 1127 1589 eorum
1152 1543 1230 1604 qui
1250 1542 1343 1600 lege
1365 1540 1478 1586 male

90 1623 277 1659 utuntur
298 1616 316 1656 ’ἶ
339 1614 456 1667 Quid
477 1613 615 1670 enim,
641 1615 754 1659 Juda
768 1630 842 1659 rex
862 1624 963 1659 tuus
984 1615 1059 1675 qui
1068 1613 1285 1674 praecessit
1299 1648 1310 1668 ,
1328 1627 1477 1656 nonne

90 1684 195 1729 tales
232 1684 442 1744 pertulit?
463 1685 606 1730 Nescis
635 1683 810 1730 Judaeos
840 1684 951 1728 male
979 1682 1145 1728 utendo
1174 1682 1268 1741 lege
1293 1717 1303 1737 ,
1328 1681 1479 1727 Chris-

90 1763 188 1800 tum
209 1755 445 1800 occidisse?
465 1758 580 1813 Ergo
597 1771 720 1815 spera
741 1776 752 1814 3
776 1764 820 1800 et
841 1772 927 1816 qua
949 1755 1166 1815 praecessit
1188 1769 1261 1798 rex
1283 1763 1385 1799 tuus
1412 1768 1479 1797 se-

91 1841 241 1887 quere.
261 1825 340 1869 Dic
361 1845 370 1870 2
395 1844 414 1867 «
435 1825 549 1870 Juda
571 1841 644 1870 rex
663 1841 799 1869 meus.
828 1844 848 1867 »
869 1828 926 1870 Et
946 1840 997 1869 ex
1019 1840 1070 1869 eo
1088 1825 1192 1885 quia
1217 1844 1237 1867 «
1268 1823 1383 1868 Juda
1404 1838 1477 1867 rex

94 1917 114 1941 »
150 1913 288 1942 meus.
314 1897 446 1942 Moab
467 1915 486 1939 »
509 1897 616 1957 quid
637 1895 778 1942 factus
800 1906 863 1941 est
877 1898 894 1940 Ρ
910 1916 930 1938 «
955 1895 1052 1940 Olla
1074 1895 1165 1955 spei
1185 1910 1292 1939 meae
1307 1929 1317 1949 ,
1341 1913 1360 1936 »
1387 1909 1478 1939 non

89 1968 430 2028 consumptionis
466 1967 716 2012 meae.Vide
738 1967 784 2010 in
814 1965 1168 2011 tribulationibus
1202 1964 1335 2010 ollam
1361 1964 1471 2024 spei,

92 2038 196 2084 audi
223 2038 480 2098 Apostolum
507 2057 516 2082 :
541 2056 561 2080 «
584 2036 668 2082 Sed
685 2046 728 2081 et
750 2036 1001 2097 gloriamur,
1027 2036 1196 2097 inquit,
1222 2036 1268 2079 in
1292 2034 1478 2080 tribula-

95 2127 116 2151 »
151 2109 357 2154 tionibus.
385 2127 406 2149 »
427 2107 523 2152 Olla
545 2117 609 2151 est
624 2108 738 2168 jam,
763 2106 840 2151 sed
859 2107 960 2151 vide
979 2107 1132 2162 istum,
1153 2106 1188 2150 si
1210 2105 1397 2166 explicat
1413 2105 1480 2150 ol-

94 2179 181 2224 lam
201 2180 306 2240 spei.
336 2197 356 2221 «
384 2180 574 2223 Scientes
596 2178 700 2239 quia
722 2177 946 2223 tribulatio
979 2178 1231 2238 patientiam⁷
1254 2186 1475 2237 operatur,

97 2269 118 2293 »
150 2250 360 2311 patientia
374 2259 521 2294 autem
540 2249 859 2309 probationem,
882 2249 1083 2309 probatio
1109 2264 1245 2309 spem.
1282 2267 1303 2290 1)
1333 2249 1376 2294 Si
1399 2248 1478 2293 tri-

93 2320 260 2365 bulatio
278 2320 545 2380 patientiam,
561 2320 769 2367 patientia
786 2320 1106 2380 probationem,
1122 2319 1324 2379 probatio
1338 2334 1476 2379 spem,

95 2390 180 2435 olla
215 2399 280 2434 est
322 2399 467 2434 autem
503 2389 727 2434 tribulatio
765 2406 864 2451 quae
902 2399 1106 2449 operatur
1136 2405 1256 2449 spem
1278 2410 1289 2447 3
1324 2389 1480 2434 merito

99 2481 121 2504 «
143 2461 276 2506 Moab
298 2460 383 2505 olla
405 2460 494 2520 spei
515 2476 638 2504 meze.
679 2463 782 2520 Spes
813 2470 957 2505 autem
980 2477 1069 2505 non
1099 2459 1349 2505 cunfundit.
1375 2478 1395 2500 »
1422 2462 1481 2503 Et

97 2529 237 2590 quid?
268 2533 425 2576 Fcrves
453 2540 603 2576 contra
633 2530 796 2576 ollam?
828 2535 892 2576 Ita
917 2530 1045 2591 plane
1070 2548 1081 2574 .·
1105 2551 1125 2573 «
1150 2532 1262 2584 Quia
1293 2529 1478 2575 charitas

147 2621 156 2637 ¹
179 2616 333 2656 Jcrcm.1‚
357 2615 405 2647 13.
428 2632 469 2639 -·
491 2616 588 2648 ²Isa'1'.
611 2626 675 2656 xxv,
698 2615 749 2647 13.
770 2633 811 2638 —
832 2613 845 2638 3
866 2615 978 2648 matth
997 2626 1088 2657 xxiv,
1110 2624 1161 2649 12.
1178 2631 1218 2639 --
1237 2613 1365 2654 41‹1.x‚
1384 2621 1439 2646 22.
