1889 3285
384 248 624 278 ENARRA'rro
655 251 702 278 nv
732 248 935 279 PsALMnM
965 251 1065 279 va.
1335 241 1419 279 223

46 329 68 353 »
101 313 228 356 ramis
248 316 362 357 Deus
383 329 473 358 non
492 315 702 373 pepercit,
722 330 865 374 neque
886 314 967 359 tibi
987 316 1170 374 parcet1.
1192 332 1212 356 »
1231 314 1421 359 Attende

43 397 146 440 ergo
167 398 306 427 ramos
322 382 498 438 fractos,
523 393 565 427 et
593 393 637 428 te
659 384 870 428 insertum
893 403 903 429 ε
927 383 1018 428 noli
1040 378 1186 428 extolli
1204 399 1332 443 super
1349 400 1420 432 ra-

41 467 135 496 mos
162 450 341 508 fractos,
378 453 455 497 sed
482 453 618 512 magis
647 452 779 498 dicito
806 457 895 498 Deo
921 473 932 498 :
959 472 981 496 «
1016 456 1158 507 Quam
1186 453 1420 498 metuenda

45 540 66 564 »
99 531 202 583 sunt
232 538 362 582 opera
395 523 498 567 tua!
531 541 552 565 »
583 527 781 580 Fratres,
811 525 846 568 si
874 523 1076 569 adversus
1109 523 1284 568 Judaeos
1315 524 1421 568 olim

39 593 240 653 praecisos
261 593 316 637 de
337 590 478 639 radice
500 595 845 639 Patriarcharum
863 594 1070 639 extollere
1089 609 1168 639 nos
1185 610 1276 639 non
1291 594 1422 638 debe-

41 679 154 720 mus,
187 663 261 708 sed
291 665 443 708 timere
463 665 630 724 potius,
650 674 696 710 et
715 665 857 710 dicere
875 668 965 711 Deo
978 685 991 711 2
1014 685 1036 708 «
1065 667 1208 718 Quam
1229 662 1421 709 timenda

42 752 65 776 ³²
99 744 203 779 sunt
222 750 350 794 opera
371 744 447 780 tua
469 754 478 780 ε
501 752 523 776 »
550 745 715 796 quanto
737 735 880 780 minus
902 751 992 780 non
1013 751 1091 780 nos
1118 735 1328 780 debemus
1347 751 1421 778 ex-

40 803 201 849 tollere*
233 805 436 850 adversus
478 806 666 851 recentia
698 805 879 850 vulnera
899 806 1228 865 praecisionum?
1250 805 1421 850 Praecisi

36 883 142 918 sunt
165 884 265 919 ante
285 878 309 919 J
315 875 443 931 udaei,
469 876 640 920 insertae
661 885 764 920 sunt
784 877 944 921 Gentes
970 896 979 920 :
1000 875 1054 920 de
1074 876 1167 935 ipsa
1187 876 1420 919 insertione

38 941 205 1005 praecisi
218 955 321 990 sunt
335 946 526 991 haeretici
543 968 553 1003 3
572 946 646 990 sed
669 961 811 1006 neque
832 956 982 991 contra
1001 946 1098 991 illos
1115 961 1194 990 nos
1211 945 1419 990 extollere

39 1015 276 1074 debemus,
299 1032 356 1060 ne
382 1015 494 1061 forte
523 1016 700 1077 praecidi
719 1026 948 1072 mereatur,
977 1032 1110 1077 quem
1132 1016 1320 1060 delectat
1347 1017 1418 1058 in-

30 1085 196 1130 sultare
217 1086 418 1146 praecisis.
439 1091 610 1133 Fratres
639 1088 748 1142 mei,
774 1086 1106 1148 qualiscumque
1127 1086 1317 1145 episcopi
1337 1101 1420 1130 vox

33 1157 180 1201 sonuit
198 1157 322 1202 vobis
348 1176 358 1202 ;
378 1173 579 1216 rogamus
595 1173 671 1203 vos
687 1167 738 1201 ut
757 1157 956 1212 caveatis,
977 1158 1242 1217 quicumque
1264 1157 1310 1200 in
1334 1158 1420 1200 Ec-

33 1227 161 1272 cles-ia
184 1227 282 1272 estis
297 1263 308 1283 ,
338 1228 473 1273 nolite
496 1229 703 1273 insultare
725 1229 784 1272 eis
807 1228 884 1288 qui
913 1243 1003 1272 non
1036 1237 1139 1272 sunt
1173 1228 1313 1285 intus3
1343 1227 1420 1271 sed

34 1307 154 1343 orate
168 1298 312 1357 potius
335 1307 385 1342 ut
408 1307 452 1342 et
476 1299 558 1357 ipsi
580 1298 696 1342 intus
718 1298 818 1342 sint.
849 1316 867 1338 «
894 1301 1054 1342 Potens
1077 1306 1140 1342 est
1169 1297 1286 1341 enim
1306 1300 1420 1341 Deus

37 1386 57 1410 »
90 1368 250 1412 iterum
266 1368 453 1412 inserere
474 1368 604 1413 illos&
629 1387 649 1409 »
670 1371 732 1412 De
753 1368 854 1427 ipsis
871 1370 896 1411 J
900 1367 1035 1411 udaeis
1053 1366 1162 1411 dixit
1181 1367 1266 1411 hoc
1287 1371 1417 1426 Apos·

33 1439 164 1493 tolus,
189 1448 233 1482 et
252 1439 419 1484 factum
440 1449 503 1483 est
524 1439 570 1483 in
592 1439 666 1483 eis.
692 1439 944 1483 Resurrexit
966 1439 1190 1493 Dominus,
1225 1447 1269 1482 et
1293 1438 1422 1482 multi

30 1508 315 1554 crediderunt
339 1528 348 1553 z
373 1525 462 1553 non
479 1508 785 1553 intellexerunt
807 1524 907 1552 cum
929 1509 1248 1567 crucifigerent,
1274 1517 1422 1552 tamen

32 1588 183 1639 postea
203 1577 484 1623 crediderunt
499 1579 546 1622 in
565 1594 666 1622 eum
679 1614 690 1633 ,
721 1588 764 1622 et
787 1578 1002 1622 donatum
1023 1587 1088 1622 est
1109 1579 1168 1622 eis
1190 1587 1279 1622 tam
1300 1593 1421 1636 mag-

30 1665 142 1693 ·num
157 1647 380 1693 delictum.
403 1651 542 1692 Fusus
565 1649 739 1692 Domini
756 1649 929 1707 sanguis
952 1645 1139 1692 donatus
1160 1657 1224 1692 est
1239 1649 1421 1693 homici-

29 1720 115 1776 dis,
136 1730 187 1765 ut
203 1736 292 1764 non
314 1720 454 1764 dicam
474 1719 652 1763 deicidis
678 1739 687 1764 :
720 1740 740 1762 «
760 1720 872 1772 Quia
894 1720 929 1763 si
950 1720 1275 1778 cognovissent,
1304 1736 1420 1763 nun-

37 1809 58 1833 »
83 1806 217 1851 quam
237 1791 471 1834 Dominum
490 1789 636 1848 gloriae
650 1790 1026 1833 crucifixissentss.»
1042 1788 1176 1833 Modo
1193 1788 1420 1833 homicidis

33 1861 220 1906 donatus
240 1869 302 1904 est
323 1860 443 1904 fusus
463 1860 632 1917 sanguis
649 1860 891 1904 innocentis
910 1878 919 1903 ε
940 1869 982 1903 et
993 1859 1133 1918 ipsum
1148 1859 1416 1916 sanguinem,

34 1947 167 1992 quem
187 1947 265 1991 per
279 1931 488 1975 insaniam
512 1928 737 1984 fuderunt,
763 1945 840 1988 per
856 1928 1036 1986 gratiam
1058 1928 1279 1972 biberunt.
1310 1947 1329 1970 «
1351 1928 1422 1972 Di-

34 2020 60 2045 »
93 2003 179 2053 cite
190 2016 290 2060 ergo
308 2004 418 2046 Deo:
439 2005 576 2054 Quam
588 1999 780 2044 timenda
803 2007 904 2043 sunt
925 2014 1056 2058 opera
1078 1999 1199 2043 tual»
1216 1998 1341 2043 Unde
1366 1999 1421 2042 ti-

34 2072 220 2117 menda?
242 2090 262 2114 t<
285 2071 396 2124 Quia
417 2071 586 2114 caecitas
608 2085 660 2114 ex
677 2079 800 2129 parte
828 2068 959 2113 Israel
975 2068 1091 2113 sacta
1107 2077 1171 2112 est
1185 2104 1196 2123 ,
1220 2078 1270 2113 ut
1287 2067 1420 2128 pleni-

38 2162 59 2185 »
93 2142 202 2188 tudo
227 2142 432 2186 Gentium
462 2141 642 2185 intraret
655 2142 687 2184 4.
715 2159 735 2182 »
767 2141 804 2184 Ο
833 2139 1037 2184 Gentium
1064 2138 1293 2198 plenitudo
1309 2174 1320 2194 ,
1349 2138 1420 2182 dic

31 2217 127 2259 -Deo
152 2233 161 2258 :
185 2232 205 2255 «
229 2217 367 2266 Quam
388 2212 581 2257 timenda
603 2220 704 2255 sunt
733 2225 864 2270 opera
885 2219 960 2254 tua
979 2210 988 2254 1
1012 2228 1032 2252 »
1059 2219 1102 2253 et
1125 2209 1184 2254 sic
1207 2209 1347 2269 gaude
1370 2218 1421 2253 ut

33 2283 361 2338 contremiscas,
381 2282 472 2332 noli
490 2281 636 2327 extolli
664 2297 792 2341 super
814 2296 955 2325 ramos
975 2279 1190 2340 praeciSOS.
1230 2299 1251 2323 «
1281 2280 1420 2325 Dicite

38 2373 60 2410 ορ
94 2359 185 2400 Deo
210 2374 219 2399 ε
243 2357 382 2407 Quam
397 2353 590 2398 timenda
611 2362 712 2397 sunt
735 2368 864 2412 opera
886 2352 983 2396 tua!
1012 2370 1031 2394 »

96 2429 173 2470 VI.
200 2445 219 2467 «
243 2428 294 2469 In
315 2423 596 2468 multitudine
613 2423 819 2483 potentiae
839 2432 926 2467 tuae
946 2422 1214 2467 mentientur
1235 2421 1314 2466 tibi
1338 2421 1420 2464 ini-

94 2541 102 2557 1
117 2536 207 2566 Rom.
229 2543 273 2575 n,
295 2540 412 2574 17-20.
433 2548 475 2553 --
496 2538 508 2554 ²
526 2531 607 2564 Ibid.
630 2530 683 2563 23.
707 2547 748 2553 —
766 2528 779 2553 3
800 2542 811 2562 1
838 2531 912 2562 Cor.
926 2540 961 2571 n,
981 2529 1012 2562 8.
1036 2545 1078 2553 -
1099 2527 1117 2559 4
1132 2531 1223 2562 Rom.
1244 2539 1287 2570 xi,
1301 2527 1355 2560 25.
