1889 3285
400 210 486 251 430
838 218 874 247 s.
909 218 1140 249 Aucus-nm
1172 220 1355 249 Emscom

401 305 422 329 »
457 286 581 331 tium.
610 282 982 344 superextolletur
1017 300 1146 344 super
1176 281 1733 343 Libanumeructus'‘'ejus.
1759 299 1781 324 »

398 356 615 400 Libanum
642 354 828 399 solemus
864 354 1059 414 accipere
1087 354 1224 399 veluti
1256 355 1385 415 hujus
1417 352 1566 398 saeculi
1594 352 1785 410 dignita-

396 436 514 483 tem3
538 426 745 487 quoniam
767 440 890 470 mons
908 435 973 470 est
989 425 1182 470 Libanus
1200 425 1386 470 excelsas
1403 425 1579 470 arbores
1600 424 1782 480 habens,

397 505 440 540 et
461 511 623 542 nomen
646 496 790 556 ipsum
811 496 1124 556 interpretatur
1140 494 1415 541 Candidatio.
1431 494 1545 548 Quid
1562 494 1678 537 enim
1700 494 1786 537 mi-

397 582 524 622 rum,
561 567 598 611 si
625 582 755 626 super
781 567 912 627 hujus
941 565 1088 611 saeculi
1116 565 1375 626 praeclarum
1406 580 1536 610 omne
1568 563 1788 621 fastigium

396 636 565 682 fructus
587 636 941 697 superextollitur
973 637 1162 692 Christi,
1196 638 1320 697 cujus
1357 635 1527 680 fructus
1559 633 1788 698 dilectores

397 708 543 753 omnia
578 706 800 752 saecularia
837 707 1029 751 culmina
1051 708 1442 767 contempserunt?
1479 706 1522 751 Si
1559 714 1705 750 autem
1741 703 1790 751 in

396 778 516 823 bono
533 778 766 838 accipimus
787 778 1004 822 Libanum
1027 799 1038 836 3
1064 787 1242 837 propter
1274 776 1426 822 cedros
1453 795 1474 819 «
1498 775 1657 820 Libani
1681 789 1789 835 quas

400 866 420 889 »
456 847 669 908 plantavit
689 851 698 873 ¹
727 868 741 894 ε
764 868 784 890 »
811 848 908 909 quis
941 847 1050 892 alius
1073 847 1243 893 fructus
1265 846 1578 906 intelligendus
1600 855 1688 900 est,
1711 844 1790 905 qui

397 933 527 978 super
562 919 682 963 hunc
704 918 923 963 Libanum
955 917 1204 974 extollitur,
1238 918 1318 962 nisi
1344 918 1399 961 de
1429 932 1519 977 quo
1554 914 1790 976 Apostolus

398 989 504 1034 dicit
524 990 580 1035 de
604 991 814 1034 charitate
836 1006 913 1035 sua
933 989 1162 1035 locuturus
1190 1009 1199 1035 ;
1228 1009 1247 1032 «
1272 988 1431 1033 Adhuc
1458 987 1790 1048 supereminen-

402 1079 422 1101 »
457 1069 546 1104 tem
566 1061 684 1105 viam
704 1061 828 1107 vobis
850 1061 1101 1106 demonstro
1117 1057 1207 1106 2P'»
1244 1063 1348 1105 Haec
1370 1060 1488 1104 enim
1514 1059 1624 1125 etxin
1645 1058 1786 1118 primo

397 1131 578 1190 ponitur
599 1147 833 1176 munerum
856 1131 1132 1187 divinorum,
1157 1131 1236 1176 ubi
1264 1132 1324 1175 ait
1343 1150 1354 1176 ι
1384 1150 1405 1173 «
1429 1133 1616 1178 Fructus
1639 1138 1787 1175 autem

399 1219 420 1241 »
453 1201 630 1261 spiritus
649 1211 714 1246 est
734 1201 955 1247 charitas:
982 1221 1002 1245 »
1029 1211 1161 1263 atque
1194 1200 1296 1246 inde
1324 1210 1480 1246 caetera
1508 1200 1661 1260 utique
1684 1215 1788 1244 con-

395 1272 621 1331 sequentia
646 1273 979 1316 contexerunt3.
1015 1291 1036 1314 α
1061 1275 1118 1316 Et
1137 1272 1361 1316 florebunt
1391 1273 1446 1316 de
1467 1271 1642 1316 civitate
1671 1271 1783 1315 sicut

401 1360 420 1383 »
455 1340 627 1386 foenum
658 1351 799 1386 tenae
823 1343 1082 1396 »Quoniam
1115 1343 1318 1401 ambigue
1350 1343 1488 1403 posita
1521 1351 1585 1387 est
1605 1342 1783 1397 civitas,

396 1428 477 1456 nec
500 1413 757 1472 adjunctum
784 1422 849 1456 est
871 1414 987 1472 ejus,
1018 1422 1094 1456 aut
1116 1413 1218 1471 Dei3
1242 1429 1333 1457 non
1352 1414 1470 1457 enim
1499 1412 1667 1457 dictum
1689 1420 1781 1467 est,

400 1482 454 1526 de
475 1483 649 1526 civitate
672 1484 762 1542 ejus
777 1518 789 1538 ,
813 1482 881 1527 vel
903 1483 957 1527 de
979 1484 1151 1527 civitate
1173 1484 1272 1540 Dei,
1297 1483 1375 1527 sed
1394 1493 1565 1527 tantum
1591 1502 1613 1525 «
1638 1486 1700 1526 De
1722 1482 1787 1527 ci·-

403 1571 422 1593 »
459 1552 591 1596 vitate
612 1572 621 1596 :
656 1571 675 1593 »
699 1553 744 1596 in
766 1553 883 1597 bono
906 1552 1165 1611 intelligitur
1179 1588 1191 1608 ‚
1228 1563 1278 1597 ut
1299 1552 1354 1596 de
1376 1553 1550 1597 civitate
1573 1553 1679 1608 Dei,
1704 1553 1789 1598 hoc

399 1632 492 1678 est,
519 1622 573 1666 de
596 1622 789 1667 Ecclesia
811 1622 996 1667 floreant
1013 1623 1124 1667 sicut
1145 1622 1318 1667 foenum
1336 1644 1347 1681 3
1377 1622 1456 1668 sed
1474 1623 1646 1667 foenum
1666 1621 1789 1667 sruc-

397 1693 591 1748 ffferum,
616 1693 743 1737 sicuti
763 1702 827 1737 est
847 1691 1084 1737 frumenti:
1106 1709 1207 1737 nam
1229 1703 1272 1737 et
1292 1688 1375 1738 hoc
1397 1692 1569 1738 foenum
1590 1693 1783 1753 appella-

399 1774 470 1808 tur
491 1764 537 1807 in
558 1773 705 1808 sancta
725 1763 968 1823 Scriptura3
992 1764 1104 1808 sicut
1120 1764 1166 1807 in
1183 1765 1338 1809 Genesi
1353 1767 1522 1825 jussum
1540 1774 1604 1809 est
1620 1764 1786 1824 produ-

396 1850 492 1878 cere
506 1844 664 1878 terram
679 1850 807 1879 omne
824 1834 994 1893 lignum
1007 1845 1050 1879 et
1062 1850 1191 1879 omne
1205 1833 1414 1892 foenum4,
1431 1852 1512 1880 nec
1527 1835 1784 1896 adjunctum

395 1914 459 1949 est
477 1940 489 1961 ‚
523 1921 652 1949 omne
672 1905 944 1949 frumentum
969 1925 978 1950 2
999 1906 1122 1966 quod
1142 1905 1296 1965 procul
1315 1905 1452 1951 dubio
1469 1922 1560 1951 non
1582 1907 1780 1967 praeteri-

395 1986 514 2021 retur
538 1976 619 2020 nisi
650 1974 761 2020 foeni
796 1976 973 2020 nomine
1009 1976 1141 2020 etiam
1163 1977 1247 2021 hoc
1278 1977 1619 2036 intelligeretur3
1659 1987 1703 2022 et
1733 1978 1780 2022 in

394 2046 541 2090 multis
568 2046 660 2090 aliis
698 2046 1014 2106 Scripturarum
1044 2045 1148 2091 locis
1178 2047 1261 2091 hoc
1290 2047 1526 2091 invenitur.
1567 2047 1610 2092 Si
1632 2057 1781 2092 autem

394 2117 453 2161 sic
476 2117 778 2177 accipiendum
794 2126 858 2161 est
875 2153 885 2172 ‚
915 2136 936 2159 «
960 2120 1017 2163 Et
1036 2117 1258 2163 florebunt
1273 2118 1385 2162 sicut
1400 2116 1573 2162 foenum
1591 2127 1716 2163 terrae
1731 2154 1743 2174 ‚
1762 2137 1784 2161 »

394 2187 768 2247 quemadmodum
800 2188 967 2232 dictum
993 2197 1058 2231 est
1093 2207 1101 2232 :
1143 2188 1338 2232 «Omnis
1371 2204 1471 2232 caro
1503 2187 1701 2244 foenum,
1737 2198 1782 2233 et

396 2275 417 2299 »
451 2257 620 2301 claritas
641 2259 828 2302 hominis
849 2259 959 2302 sicut
982 2258 1061 2302 ssos
1092 2257 1227 2302 foeni⁵
1254 2278 1263 2303 :
1292 2277 1312 2300 »
1337 2259 1535 2318 profecto
1557 2269 1600 2304 et
1628 2259 1777 2304 civitas

392 2326 467 2371 illa
487 2327 768 2387 intelligenda
785 2338 848 2372 est
865 2363 876 2384 ‚
904 2344 1003 2388 quae
1021 2328 1168 2373 saeculi
1191 2330 1319 2389 hujus
1341 2331 1594 2374 societatem
1611 2330 1778 2389 signifi-

394 2407 463 2442 cat
488 2418 497 2444 :
529 2414 619 2443 non
639 2398 756 2442 enim
778 2398 937 2443 frustra
958 2399 1122 2459 primus
1143 2401 1256 2444 Ca'i'n
1282 2400 1479 2445 condidit
1500 2401 1721 2445 civitatem
1737 2402 1772 2444 ⁰.

445 2502 453 2517 ¹
475 2495 553 2527 Psal.
573 2507 636 2537 cm,
664 2496 715 2527 16.
735 2512 776 2517 —
802 2503 814 2518 ²
839 2508 850 2527 1
871 2499 942 2529 Cor.
965 2507 1026 2538 ιιι,
1045 2496 1099 2528 31.
1121 2513 1162 2518 —
1180 2494 1192 2519 3
1211 2498 1281 2529 Gal.
1302 2508 1336 2538 v,
1357 2505 1411 2529 22.
1426 2514 1466 2519 —
1481 2496 1496 2527 4
1520 2499 1600 2531 Gen.
1620 2509 1645 2539 1,
1671 2509 1722 2530 11.
1737 2513 1777 2521 —

399 2551 412 2574 5
431 2554 501 2584 lsai.
521 2563 574 2594 n,
592 2553 623 2584 6.
648 2569 689 2575 —-
714 2550 728 2574 6
747 2554 827 2585 Gen.
847 2564 893 2594 iv,
919 2563 968 2594 17-
