1889 3285
395 219 479 258 440
845 232 877 257 s.
914 229 1143 258 Auousnm
1174 232 1355 259 Emscom

455 297 531 337 vl.
568 295 792 352 Synagoga
814 308 938 352 ergo,
953 295 998 338 id
1020 303 1104 349 est,
1128 295 1205 355 qui
1227 299 1364 340 Deum
1385 296 1448 341 ibi
1469 293 1540 356 pie
1554 297 1773 354 colebant,

393 364 468 408 sed
502 373 645 407 tamen
665 373 842 424 propter
871 374 1062 409 terrenas
1081 381 1147 409 res
1165 400 1176 421 ,
1203 377 1379 426 propter
1407 368 1487 412 ista
1515 369 1773 428 praesentia:

392 438 409 493 (
425 438 535 479 Sunt
555 435 669 478 enim
688 436 809 495 impii
832 436 907 496 qui
928 437 1205 495 praesentium
1227 453 1371 481 rerum
1385 439 1499 483 bona
1518 456 1541 483 a
1563 439 1779 483 doemoni-
1887 471 1889 482 Α

394 508 474 551 bus
497 516 702 566 quaerunt
722 526 731 550 t
759 508 828 551 hie
851 517 996 552 autem
1015 507 1204 567 populus
1225 508 1323 553 ideo
1346 509 1500 553 melior
1522 520 1612 554 erat
1634 511 1779 555 Genti-

393 577 475 622 bus
490 612 501 631 ,
527 576 645 637 quod
673 579 867 637 quamvis
891 578 1118 637 praesentia
1132 579 1247 622 bona
1262 587 1306 622 et
1325 580 1579 638 temporalia
1596 616 1607 635 ,
1632 589 1779 624 tamen

394 649 449 691 ab
473 664 561 692 uno
580 651 670 692 Deo
687 649 913 707 quaerebat
929 684 939 703 ,
965 649 1041 709 qui
1064 657 1127 692 est
1149 657 1316 693 creator
1337 651 1531 694 omnium
1544 659 1586 695 et
1607 651 1779 710 spirita-·

393 717 501 762 lium
519 727 562 761 et
581 717 884 777 corporalium.
911 721 927 776 )
944 720 1056 763 Cum
1070 734 1172 777 ergo
1189 718 1251 762 illi
1267 720 1329 779 pii
1352 722 1591 764 secundum
1605 736 1780 765 carnem

395 787 694 842 attenderent,
719 787 764 832 id
789 797 874 843 est,
896 787 970 832 illa
991 791 1221 848 Synagoga
1242 806 1342 849 quae
1359 791 1508 835 eratin
1524 791 1650 835 bonis
1665 826 1676 845 ,
1699 805 1780 850 pro

392 867 588 917 tempore
618 858 764 912 bonis,
800 874 890 902 non
922 859 1210 917 spiritalibus,
1252 860 1399 919 quales
1429 870 1552 904 erant
1587 861 1649 904 ibi
1671 864 1780 905 Pro-

393 928 538 987 phetae
551 964 561 983 ,
589 927 738 988 quales
760 930 886 988 pauci
905 928 1193 973 intellectores
1215 929 1336 988 regni
1357 931 1544 974 coelestis
1561 966 1572 985 ,
1597 931 1748 974 aeterni
1769 949 1779 977 :

395 1014 498 1056 ergo
531 998 604 1042 illa
634 1001 859 1057 Synagoga
879 998 1183 1044 animadvertit
1203 1016 1302 1060 quae
1330 1001 1543 1060 acceperit
1559 1017 1582 1045 a
1601 1004 1712 1056 Deo,
1738 1010 1782 1045 et

396 1085 496 1128 quae
513 1070 760 1128 promiserit
780 1073 895 1114 Deus
919 1069 1083 1129 populo
1106 1069 1192 1125 illi,
1210 1071 1524 1115 abundantiam
1540 1087 1684 1115 rerum
1698 1080 1783 1115 ter-

394 1154 619 1193 renarum,
644 1140 851 1198 patriam,
877 1155 1027 1199 pacem
1043 1175 1055 1194 ,
1082 1138 1336 1184 felicitatem
1364 1150 1580 1185 terrenam
1607 1161 1617 1186 :
1642 1141 1717 1185 sed
1736 1141 1783 1185 in

393 1209 459 1254 his
474 1208 677 1253 omnibus
698 1210 850 1267 figurae
872 1218 1018 1266 erant,
1039 1218 1083 1253 et
1104 1224 1194 1253 non
1215 1208 1460 1269 intelligens
1480 1210 1587 1270 quid
1604 1211 1666 1255 ibi
1682 1210 1784 1255 late-

395 1287 460 1322 ret
474 1279 521 1322 in
541 1279 672 1323 rebus
687 1279 882 1338 figuratis
895 1314 906 1334 ,
929 1279 1100 1338 putavit
1117 1279 1200 1323 hoc
1221 1295 1301 1339 pro
1314 1295 1472 1338 magno
1491 1281 1594 1324 dare
1614 1284 1782 1337 Deum,

394 1364 475 1393 nec
496 1349 659 1393 habere
676 1349 829 1394 melius
851 1349 972 1409 quod
986 1349 1089 1393 dare
1105 1359 1249 1409 posset
1271 1350 1552 1409 diligentibus
1573 1366 1617 1394 se
1638 1360 1681 1395 et
1697 1366 1786 1394 ser-

394 1420 613 1463 vientibus
635 1419 731 1463 sibi.
751 1419 952 1464 Attendit
973 1428 1016 1463 et
1036 1418 1146 1464 vidit
1167 1419 1380 1479 quosdam
1401 1430 1674 1480 peccatores,-
1693 1421 1780 1464 im-

393 1490 487 1549 pios
502 1525 513 1544 ,
541 1489 816 1549 blasphemos
832 1525 842 1544 ,
876 1505 1019 1534 servos
1046 1490 1299 1535 daemonum
1319 1526 1331 1545 ,
1362 1491 1474 1536 filios
1506 1490 1670 1536 diaboli
1687 1527 1698 1547 ‚
1721 1492 1785 1535 vi-

394 1570 544 1604 ventes
573 1560 620 1603 in
651 1575 809 1618 magna
836 1560 1032 1619 nequitia
1064 1569 1108 1604 et
1143 1561 1367 1620 superbia,
1403 1561 1628 1606 abundare
1655 1562 1785 1606 rebus

396 1629 556 1675 talibus
591 1631 797 1685 terrenis,
831 1629 1165 1690 temporalibus,
1196 1646 1276 1690 pro
1307 1631 1511 1691 qualibus
1533 1632 1664 1676 rebus
1691 1632 1784 1691 ipsa

393 1703 483 1745 Deo
505 1700 718 1743 serviebat
742 1718 751 1744 z
772 1708 815 1743 et
836 1709 938 1743 nata
960 1708 1023 1743 est
1037 1700 1240 1757 cogitatio
1258 1701 1442 1760 pessima
1453 1701 1500 1745 in
1517 1701 1663 1756 corde,
1684 1717 1784 1762 quae

395 1769 555 1814 faceret
574 1779 727 1824 nutare
749 1770 901 1829 pedeS,
927 1779 970 1814 et
990 1786 1125 1829 prope
1146 1770 1235 1814 labi
1261 1787 1284 1815 a
1301 1772 1378 1815 Dei
1401 1772 1485 1816 via.
1510 1774 1567 1816 Et
1585 1787 1684 1816 ecce
1703 1772 1783 1818 ista

396 1840 660 1899 cogitatioin
690 1840 856 1900 populo
883 1849 974 1884 erat
996 1841 1162 1885 Veteris
1185 1842 1477 1887 Testamenti:
1501 1842 1672 1887 utinam
1693 1857 1782 1887 non

395 1911 449 1955 sit
464 1910 510 1953 in
528 1909 772 1954 carnalibus
795 1909 1002 1954 fratribus
1024 1911 1201 1965 nostris,
1227 1927 1326 1955 cum
1345 1914 1434 1971 jam
1458 1922 1604 1971 aperte
1620 1911 1783 1972 praedi—

397 1990 519 2025 catur
538 1981 719 2025 felicitas
741 1981 850 2026 Novi
865 1981 1151 2025 Testamenti!
1178 1981 1291 2034 Quid
1314 1983 1429 2025 enim
1451 1982 1558 2027 dixit
1582 1982 1655 2027 illa
1678 1992 1784 2029 tunc

398 2055 656 2111 Synagoga?
677 2052 785 2112 quid
807 2052 912 2097 dixit
932 2052 1246 2112 illepopulus?
1268 2056 1354 2098 Nos
1371 2054 1580 2098 servimus
1603 2056 1693 2097 Deo
1709 2089 1724 2109 ,
1738 2063 1782 2099 et

395 2123 667 2199 corripimur,
694 2123 966 2181 flagellamur
983 2144 994 2179 3
1014 2121 1323 2166 subducuntur
1341 2122 1467 2166 nobis
1490 2138 1539 2167 ea
1560 2139 1660 2183 quae
1682 2122 1783 2167 dili-

397 2193 561 2252 gimus,
586 2202 630 2236 et
650 2209 749 2252 quae
760 2209 839 2252 pro
863 2208 1017 2250 magno
1039 2208 1062 2236 a
1082 2195 1172 2236 Deo
1187 2208 1525 2252 acceperamus·
1549 2192 1612 2237 illi
1635 2202 1782 2237 autem

394 2262 800 2308 sceleratihomines
814 2263 1080 2324 nequissimi,
1093 2263 1285 2323 superbi,
1302 2263 1558 2323 blasphemi,
1574 2264 1776 2341 inquieti,

395 2332 623 2377 abundant
640 2334 842 2377 omnibus
860 2334 1005 2387 r‚ebus
1025 2343 1202 2393 propter
1215 2349 1323 2393 quas
1341 2349 1418 2378 nos
1438 2338 1528 2378 Deo
1545 2334 1777 2378 servimus:

392 2413 501 2462 puto
516 2403 606 2447 sine
624 2419 750 2447 causa
773 2404 956 2448 servitur
981 2407 1086 2448 Deo.
1115 2404 1194 2448 Hic
1216 2419 1364 2448 sensus
1382 2413 1444 2448 est
1468 2403 1647 2458 Psalmi,
1673 2403 1779 2447 defi-

390 2473 540 2517 cientis
557 2473 708 2533 populi
730 2483 773 2518 et
795 2474 987 2518 nutantis
1003 2509 1013 2528 ‚
1034 2473 1141 2517 dum
1164 2474 1407 2518 considerat
1434 2475 1564 2518 bonav
1579 2483 1773 2529 terrena,

388 2553 565 2603 propter
586 2561 684 2604 quae
706 2546 916 2589 serviebat
940 2548 1051 2597 De0‚
1071 2543 1292 2590 abundare
1314 2546 1380 2589 his
1411 2545 1486 2604 qui
1519 2560 1608 2590 non
1638 2544 1773 2589 servi-

1859 2448 1866 2653 ξ

1859 2657 1865 2807 1

1860 2811 1865 2943 ι
