1889 3285
394 161 478 202 326
833 170 866 199 s.
901 171 1133 202 Auensnm
1164 175 1345 202 EPISCOPI

1845 207 1848 234 1

392 238 439 281 in
457 235 618 295 templo
635 234 748 279 male
763 239 1005 280 versantes¹
1034 256 1043 282 :
1065 237 1141 282 ubi
1162 238 1291 282 etiam
1311 237 1500 298 positum
1516 246 1580 282 est
1604 256 1614 282 ι
1643 256 1664 281 «
1690 241 1772 283 Ze-
1812 277 1815 281 ,
1884 247 1889 291 l

395 326 417 348 »
451 305 519 349 lus
542 304 698 349 domus
709 313 797 348 tuae
812 304 1002 350 comedit
1017 322 1138 351 me.»
1155 307 1267 352 Hinc
1283 307 1465 363 alienus,
1479 307 1582 352 hinc
1593 308 1770 368 hospes;

389 377 518 431 hinc,
545 394 566 418 «
595 376 818 421 Nescimus
841 377 960 421 unde
997 377 1066 422 sit.
1094 395 1116 420 »
1140 381 1437 438 Agnoscerent
1458 378 1578 423 unde
1605 379 1709 435 sim,
1739 380 1775 424 si

389 456 673 506 agnoscerent
693 448 816 507 quod
847 448 1076 493 mandasti.
1111 449 1155 494 Si
1175 450 1291 494 enim
1313 451 1553 496 invenirem
1574 449 1670 496 illos
1686 466 1775 496 ser-

385 518 541 564 *vantes
556 519 762 563 mandata
780 527 877 575 tua,
903 519 1019 564 zelus
1037 519 1192 565 domus
1210 530 1297 565 tuae
1315 537 1406 567 non
1427 521 1675 567 comederet
1684 537 1769 581 me.

392 608 415 632 «
447 591 506 633 Et
521 588 751 648 opprobria
771 589 1125 649 exprobrantium
1139 590 1217 635 tibi
1230 590 1483 636 ceciderunt
1494 607 1624 651 super
1643 607 1728 636 me.
1749 610 1770 654 ξ)

389 661 485 705 Hoc
503 659 746 704 testimonio
768 674 870 704 usus
892 668 955 704 est
970 658 1132 704 Paulus
1150 659 1391 720 apostolus,
1412 662 1553 720 (lecta
1566 671 1629 706 est
1642 662 1774 708 modo

389 730 479 789 ipsa
513 727 662 784 lectio,
684 731 700 787 )
723 739 766 774 et
788 730 871 774 ait:
896 749 917 772 «
937 732 1238 791 Quaecumque
1267 739 1368 775 ante
1389 730 1547 791 scripta
1567 741 1693 786 sunt,
1725 741 1776 777 ut

390 816 414 841 >2
449 814 528 844 nos
573 798 830 844 doceremur
869 800 1025 860 scripta
1068 810 1169 845 sunt
1189 836 1200 856 ‚
1239 810 1290 845 ut
1324 817 1403 861 per
1435 801 1776 846 consolationem

389 887 413 911 ))
451 869 774 929 Scripturarum
809 885 931 930 spem
967 870 1205 915 habeamus
1220 874 1253 914 ².
1282 888 1303 912 »
1335 870 1445 916 Dixit
1481 887 1584 931 ergo
1617 871 1777 917 Christi

388 939 520 984 fuisse
541 940 669 985 istam
687 956 861 985 vocem:
892 941 1168 1001 «opprobria
1185 941 1543 1000 exprobrantium
1564 942 1644 986 tibi
1665 943 1777 987 ceci-

389 1028 413 1053 »
448 1010 608 1055 derunt
622 1027 750 1071 super
769 1027 855 1055 me.
878 1014 1042 1066 Quare,
1061 1011 1170 1056 tibi?
1195 1030 1215 1053 »
1242 1012 1469 1072 Numquid
1490 1013 1607 1057 Patri
1620 1028 1776 1074 expro-

387 1081 556 1136 bratur‚
574 1090 616 1125 et
630 1097 718 1126 non
729 1081 808 1141 ipsi
830 1081 1030 1126 Christo?
1043 1084 1186 1135 Quare
1197 1117 1207 1136 ,
1225 1101 1245 1123 «
1259 1082 1500 1141 Opprobria
1516 1082 1778 1142 exprobran-

390 1169 412 1193 >›
447 1149 559 1195 tium
575 1151 653 1195 tibi
673 1151 926 1196 ceciderunt
947 1168 1075 1211 super
1093 1168 1162 1196 me
1183 1154 1202 1196 Ρ
1226 1171 1246 1193 »
1267 1153 1376 1206 Quia
1389 1153 1546 1212 quime
1557 1154 1774 1211 cognovit,

387 1219 592 1280 cognovit
605 1231 648 1265 et
663 1224 858 1266 Patrem³
885 1241 893 1266 :
920 1222 1021 1282 quia
1043 1237 1173 1266 nemo
1195 1222 1469 1281 exprobravit
1486 1223 1657 1267 Christo
1669 1258 1680 1278 ,
1695 1223 1775 1267 nisi

387 1295 480 1337 Deo
504 1292 744 1352 exprobans
767 1311 775 1337 ε
797 1293 898 1353 quia
921 1308 1049 1337 nemo
1075 1293 1262 1337 honorat
1281 1296 1468 1347 Patrem,
1493 1293 1574 1336 nisi
1596 1294 1670 1353 qui
1693 1294 1777 1338 ho-

387 1371 515 1407 norat
536 1372 579 1406 et
601 1361 762 1406 Filium
777 1364 808 1406 4.
839 1382 858 1404 «
876 1363 1116 1422 Opprobria
1140 1363 1495 1422 exprobrantium
1517 1363 1594 1407 tibi
1608 1363 1778 1408 cecide-

391 1450 412 1473 »
443 1442 547 1477 runt
561 1447 689 1492 super
706 1447 796 1488 me,
820 1451 840 1474 >›
857 1432 959 1493 quia
972 1448 1043 1477 me
1056 1433 1333 1478 invenerunt.

446 1505 566 1547 XIV.
596 1522 617 1545 «
637 1506 695 1547 Et
710 1504 916 1562 cooperui
930 1503 975 1546 in
992 1504 1158 1563 jejunio
1173 1504 1361 1548 animam
1375 1519 1533 1559 meam,
1550 1513 1594 1548 et
1612 1502 1778 1549 factum

389 1593 411 1615 »
447 1582 511 1617 est
531 1573 639 1616 mihi
660 1573 706 1616 in
728 1573 1055 1632 opprobrium⁵.
1073 1590 1094 1614 »
1108 1573 1328 1634 Jejunium
1351 1573 1511 1619 Christi
1531 1573 1779 1636 spiritaliter

382 1641 473 1704 jam
505 1640 552 1686 in
583 1641 665 1687 alio
701 1641 871 1688 Psalmo
903 1641 1303 1687 commendavimus
1335 1643 1773 1688 eharitati'Vestraess.

388 1710 611 1773 Jejunium
643 1713 776 1771 ipsius
811 1722 924 1767 erat,
963 1712 1141 1773 quando
1174 1711 1429 1756 defecerunt
1456 1728 1606 1757 omnes
1633 1714 1777 1774 quiin

389 1799 490 1827 eum
522 1780 823 1838 crediderant3
861 1782 961 1842 quia
991 1791 1034 1826 et
1059 1783 1216 1826 esuries
1242 1782 1375 1842 ipsius
1397 1781 1510 1837 erat,
1535 1783 1652 1827 utin
1674 1798 1777 1844 eum

387 1851 771 1912 credereturzquia
793 1861 836 1896 et
857 1843 945 1896 sitis
967 1851 1099 1912 ipsius
1121 1861 1233 1907 erat,
1253 1851 1430 1913 quando
1443 1852 1551 1897 dixit
1572 1852 1743 1897 mulieri
1762 1873 1772 1898 ε

394 1942 415 1965 «
453 1921 580 1977 Sitio‚
606 1921 661 1965 da
678 1922 785 1965 mihi
801 1921 1004 1967 bibere⁷2
1029 1941 1049 1964 »
1081 1921 1214 1967 fidem
1239 1923 1400 1983 quippe
1429 1923 1563 1982 ipsius
1589 1923 1773 1968 sitiebat.

393 1995 451 2037 Et
473 1992 528 2036 de
550 2007 677 2036 cruce
700 2007 801 2036 cum
830 1991 1015 2048 diceret,
1044 2011 1064 2034 «
1092 1993 1196 2038 Sitio
1210 1994 1251 2038 ὃς
1272 2011 1292 2034 n
1314 1994 1446 2037 fidem
1466 1992 1643 2038 illorum
1662 2010 1778 2054 quae-

391 2063 513 2107 rebat
527 2099 543 2119 ,
567 2079 646 2122 pro
673 2063 832 2124 quibus
868 2062 1033 2107 dixerat
1057 2083 1066 2108 ε
1095 2082 1116 2106 «
1140 2067 1282 2118 Pater,
1313 2063 1488 2122 ignosce
1520 2063 1630 2119 illis,
1675 2064 1776 2124 quia

393 2150 414 2174 »
450 2133 650 2178 nesciunt
663 2132 771 2194 quid
793 2132 1004 2179 faciunts’.
1033 2151 1054 2174 »
1078 2133 1160 2178 Sed
1186 2133 1247 2177 illi
1275 2134 1472 2178 homines
1496 2133 1604 2194 quid
1629 2134 1778 2194 propi-

387 2213 548 2247 narunt
585 2204 777 2248 sitienti?
810 2207 1010 2249 Acetum.
1051 2206 1237 2248 Acetum
1273 2204 1404 2249 etiam
1436 2213 1559 2248 vetus
1597 2203 1772 2249 dicitur.

385 2274 542 2319 Merito
566 2273 620 2317 de
636 2283 780 2318 vetere
802 2275 979 2319 homine
1001 2275 1312 2334 propinarunt,
1339 2274 1439 2335 quia
1461 2274 1564 2320 novi
1586 2290 1675 2319 esse
1690 2290 1774 2319 no-

439 2388 553 2418 ¹Joan.
577 2396 611 2427 11,
634 2386 683 2417 15.
713 2404 755 2408 —
775 2393 787 2408 ²
807 2390 897 2422 Rom,
919 2398 983 2425 xv,
1003 2385 1034 2428 4.
1054 2403 1096 2408 -—
1117 2385 1129 2408 3
1144 2389 1235 2418 Joan.
1256 2398 1377 2429 x1v‚9.
1403 2404 1444 2409 —
1462 2385 1478 2417 4
1510 2388 1556 2419 Id.
1589 2398 1623 2427 v,
1660 2387 1710 2419 13.
1732 2403 1774 2410 —-

390 2439 405 2464 5
429 2441 634 2481 Psal.mv111,
662 2453 711 2473 11.
733 2459 774 2464 ——-
796 2440 811 2464 6
831 2443 908 2474 Vide
925 2452 1019 2484 supra
1050 2443 1285 2474 enarrationem
1313 2443 1343 2473 in
1375 2443 1452 2474 Psal.
1477 2454 1586 2484 xxxiv,
1607 2444 1709 2475 Scrm.
1730 2453 1767 2483 11,

391 2507 421 2527 n.
439 2495 470 2537 4.
488 2514 528 2518 —
546 2504 558 2528 7
572 2498 660 2528 Joan.
689 2508 734 2537 iv,
753 2507 782 2539 7.
801 2515 842 2519 —
861 2496 875 2517 Β
896 2498 940 2529 ΙιΙΔ
965 2508 1029 2536 xxx,
1050 2497 1102 2528 28.
1126 2515 1167 2519 -—
1185 2504 1200 2528 9
1219 2499 1296 2529 Luc.
1318 2497 1478 2539 xx111‚34.

1885 403 1889 431 1

1857 2124 1859 2132 .

1858 2177 1871 2186 ..

1856 2189 1872 2250 42
