1889 3285
380 233 622 263 ENARRATIO
654 237 698 262 IN
730 233 932 263 PsALMUM
964 237 1081 264 Lxrv.
1349 226 1432 267 195

0 306 2 359 ζ
56 300 146 359 ipse
167 309 398 360 antequam
419 315 464 343 se
483 299 565 359 ipsi
587 300 800 343 noverint.
826 300 916 345 Sub
938 300 1020 345 hac
1041 315 1142 359 ergo
1159 300 1298 359 figura
1324 315 1431 346 can-

0 368 2 424 }
57 378 174 414 tatur
194 369 264 413 hic
292 368 501 414 Psalmus.
537 372 588 412 In
617 370 742 429 cujus
763 369 891 414 titulo
913 369 1041 428 positi
1063 378 1165 414 sunt
1186 371 1314 415 etiam
1343 369 1436 417 duo

0 436 2 512 ξ
59 440 286 499 Prophetae
303 475 314 495 ,
339 440 416 500 qui
433 438 509 484 illo
533 448 726 499 tempore
746 440 791 483 in
813 440 1059 500 captivitate
1080 439 1284 496 fuerunt,
1310 444 1435 487 Jere-

0 524 3 562 3
57 510 162 554 mias
183 519 228 554 et
241 510 458 565 Ezechiel,
477 519 521 554 et
541 511 777 555 cantabant
794 509 1011 570 quaedam,
1031 528 1052 552 (ι
1069 511 1181 555 Cum
1193 510 1436 571 inciperent

1 569 4 604 ²
60 597 81 622 »
115 581 243 625 exire.
267 599 289 623 η
314 580 474 640 Incipit
500 580 644 637 exire,
667 581 744 641 qui
763 580 914 641 incipit
934 593 1094 626 amare.
1125 583 1299 625 Exeunt
1320 581 1437 626 enim

56 650 184 695 multi
205 650 406 707 latenter,
438 659 482 695 et
502 651 753 695 exeuntium
781 650 914 711 pedes
933 659 1035 696 sunt
1055 650 1199 696 cordis
1222 651 1404 697 affectus
1424 668 1434 697 ε

56 731 215 766 exeunt
237 731 383 767 autem
405 722 461 767 de
481 721 737 780 Babylonia.
773 721 891 776 Quid
911 731 976 767 est
1005 721 1062 767 de
1090 721 1357 780 Babylonia?
1376 725 1441 768 De

56 791 328 837 confusione.
354 791 584 845 Quomodo
599 792 739 836 exitur
758 791 812 836 de
828 791 1070 850 Babylone,
1094 790 1141 836 id
1164 801 1243 847 est,
1262 791 1319 836 de
1338 807 1441 837 con-

55 861 256 906 fusione?
275 861 357 915 Qui
372 862 514 921 primo
534 860 704 907 confusi
725 871 851 907 erant
865 861 1077 907 similibus
1101 861 1438 922 cupiditatibus,

56 931 272 991 incipiunt
307 931 516 977 charitate
553 931 760 991 distingui
782 949 792 977 ε
824 932 914 991 jam
950 930 1170 988 distincti,
1209 945 1300 977 non
1337 938 1442 978 sunt

56 1000 242 1046 confusi.
268 1002 361 1045 Etsi
387 1000 530 1046 adhuc
551 1017 732 1062 corpore
759 1001 960 1062 permixti
981 1011 1108 1057 sunt,
1138 1001 1354 1047 desiderio
1374 1011 1442 1047 ta-

55 1087 158 1115 men
179 1080 329 1116 sancto
349 1071 680 1130 discernuntur,
713 1081 757 1116 et
778 1080 958 1132 propter
979 1071 1311 1132 permixtionem
1340 1086 1441 1118 core·

6 1078 11 1202 ι
55 1142 248 1203 poralem
271 1141 470 1187 nondum
497 1143 717 1200 exierunt,
735 1152 913 1203 propter
934 1143 1143 1188 affectum
1164 1143 1307 1189 cordis
1327 1144 1443 1189 exire

7 1203 11 1287 1
56 1221 300 1272 coeperunt.
336 1215 433 1257 Jam
467 1228 569 1272 ergo
604 1212 830 1258 audiamus
846 1248 856 1268 ,
888 1211 1068 1269 fratres,
1108 1213 1338 1259 audiamus
1351 1246 1363 1264 ,-
1398 1223 1442 1259 et

56 1282 347 1327 desideremus
363 1282 482 1326 unde
503 1283 616 1327 cives
638 1296 804 1327 sumus.
827 1285 885 1327 Et
904 1297 1005 1344 quae
1032 1283 1188 1343 gaudia
1214 1293 1444 1330 cantantur

8 1299 13 1408 ι
55 1352 214 1398 nobis?
236 1351 468 1406 Quomodo
489 1352 537 1396 in
560 1353 689 1397 nobis
709 1352 972 1398 reformatur
992 1368 1114 1399 amor
1134 1355 1316 1400 civitatis
1337 1371 1442 1400 nos-

9 1410 13 1479 l
56 1432 156 1478 trae,
181 1438 315 1483 quam
335 1422 542 1466 diuturna
569 1422 917 1482 peregrinatione
939 1423 1064 1469 obliti
1084 1424 1332 1469 fueramus?
1357 1424 1442 1470 Sed

10 1486 15 1587 t
55 1493 172 1537 misit
192 1492 295 1537 inde
312 1492 367 1537 ad
383 1508 463 1537 nos
483 1492 684 1552 epistolas
702 1496 828 1538 Pater
850 1502 1013 1549 noster,
1038 1494 1299 1538 ministravit
1315 1495 1444 1539 nobis

59 1563 300 1622 Scripturas
321 1566 435 1607 Deus
449 1597 460 1618 ,
485 1563 645 1623 quibus
668 1562 858 1623 epistolis
879 1563 1003 1607 fieret
1023 1563 1069 1607 in
1090 1564 1214 1608 nobis
1230 1564 1443 1609 redeimdi

11 1591 16 1679 i
57 1632 321 1677 desiderium
342 1648 352 1674 :
376 1633 478 1692 quia
498 1634 889 1691 peregrinationem
912 1643 1104 1679 nostram
1125 1634 1366 1694 diligendo,
1387 1635 1444 1680 ad

12 1682 16 1771 ὲ
56 1703 200 1747 hostes
220 1702 376 1747 faciem
409 1717 720 1762 posueramus,
754 1713 798 1748 et
818 1703 998 1748 dorsum
1020 1703 1075 1748 ad
1100 1704 1301 1764 patriam.
1325 1705 1443 1759 Quid

13 1774 17 1828 Ι
59 1788 162 1832 ergo
176 1772 249 1817 hic
269 1774 496 1816 cantatur?

116 1845 197 1887 111.
225 1861 245 1885 «
266 1845 326 1886 Te
347 1841 473 1887 decet
492 1842 684 1899 hymnus
698 1876 709 1897 ,
740 1842 853 1887 Deus
868 1877 879 1897 ,
903 1842 950 1886 in
972 1843 1076 1888 Sion
1090 1845 1121 1887 ².
1149 1859 1170 1885 1)
1197 1838 1339 1888 Patria
1369 1844 1443 1890 illa

59 1921 124 1957 est
144 1912 248 1957 Sion
267 1927 276 1953 :
301 1912 394 1971 ipsa
411 1919 476 1956 est
495 1910 736 1956 Jerusalem
761 1928 862 1972 quae
886 1912 989 1957 Sion
1007 1934 1018 1971 3
1043 1922 1086 1958 et
1106 1912 1239 1973 hujus
1255 1913 1444 1959 nominis·

58 1983 456 2042 interpretationem
478 1995 605 2026 nosse
618 1981 802 2026 debetis.
829 1982 950 2028 Sicut
966 1983 1207 2028 Jerusalem
1226 1984 1442 2044 interpre-

59 2061 177 2098 tatur
198 2052 317 2097 Visio
333 2052 468 2112 pacis,
491 2052 550 2096 ita
566 2051 670 2097 Sion
687 2051 950 2111 Speculatio,
971 2052 1020 2097 id
1039 2063 1127 2108 est,
1148 2053 1258 2098 visio
1277 2063 1322 2099 et
1337 2069 1444 2099 con-⁶

61 2122 300 2182 templatio.
325 2121 479 2168 Nescio
501 2121 622 2182 quod
642 2121 769 2166 nobis
787 2136 997 2181 magnum
1024 2123 1320 2183 spectaculum
1337 2139 1443 2185 pro->-

59 2193 250 2237 mittitur
275 2209 285 2234 :
323 2201 367 2236 et
396 2192 481 2237 hoc
509 2192 600 2251 ipse
629 2195 743 2236 Deus
775 2201 840 2238 est
872 2192 949 2252 qui
980 2191 1178 2238 condidit
1206 2194 1440 2240 civitatem.

61 2262 248 2308 Pulchra
271 2273 314 2308 et
335 2262 492 2308 decora
513 2263 661 2308 civitas
679 2297 690 2319 ,
714 2278 848 2323 quam
865 2262 1157 2323 pulchriorem
1180 2265 1313 2310 habet
1333 2281 1446 2311 con-

61 2331 274 2378 ditorem!
302 2352 324 2376 «
349 2336 409 2377 Te
430 2333 556 2377 decet
583 2334 772 2390 hymnus
789 2368 801 2388 ,
831 2336 966 2389 Deus,
994 2352 1014 2375 >2
1040 2334 1201 2395 inquit.
1237 2335 1322 2380 Sed
1342 2336 1446 2381 ubi?

67 2420 88 2446 u
121 2406 174 2447 In
197 2403 301 2448 Sion
319 2422 328 2447 :
346 2420 367 2444 »
382 2403 426 2448 in
446 2403 671 2461 Babylone
686 2419 776 2448 non
792 2403 932 2448 decet.
953 2405 1126 2449 Etenim
1143 2405 1327 2467 quisque
1343 2422 1445 2451 cum

63 2473 246 2532 coeperit
263 2473 462 2520 innovari
475 2507 486 2529 ,
507 2474 596 2533 jam
617 2472 749 2518 corde
764 2473 810 2518 in
832 2473 1070 2519 Jerusalem
1087 2484 1249 2531 cantat,
1275 2476 1446 2523 dicente

111 2563 122 2581 ¹
139 2556 221 2590 Psal.
241 2568 327 2599 mv,
347 2565 379 2591 2.

17 2101 21 2130 1

1244 2612 1310 2652 13.

23 2540 27 2668 ῐ

25 2673 29 2782 ε

26 2783 31 2922 ἰ

28 2926 32 3007 ἱ
