1889 3285
346 212 432 252 406
779 218 816 247 S.
853 219 1086 248 AUGUSTINI
1119 220 1302 247 EPIscoPI

348 289 420 334 dic
446 307 455 332 ε
486 306 504 328 «
531 285 730 340 Domine,
753 284 850 345 quis
873 282 1021 328 similis
1044 284 1150 327 tibi?
1171 287 1363 337 Quantas
1382 281 1606 328 ostendisti
1624 282 1732 326 mihi

350 378 370 401 »
405 356 708 403 tribulationes
729 353 889 399 multas
909 364 952 398 et
973 353 1132 398 malas!
1160 372 1181 396 »

403 431 482 473 IX.
506 427 591 473 Sed
612 425 839 486 disciplina
861 424 972 482 fuit3
1010 425 1247 470 admonitio
1263 460 1274 480 ,
1299 440 1390 469 non
1412 423 1614 469 desertio.
1642 425 1730 467 De-

342 501 475 560 nique
502 498 658 558 gratias
682 512 812 556 agens
833 496 941 556 quid
966 495 1096 540 dicit?
1122 515 1143 539 «
1170 498 1229 540 Et
1249 510 1481 540 conversus
1502 494 1732 539 vivificasti

343 589 364 613 »
400 585 486 625 me,
512 578 555 613 et
571 569 626 612 cle
645 567 809 626 abyssis
832 576 957 611 terrae
971 567 1130 610 iterum
1152 565 1359 610 reduxisti
1373 568 1482 609 me1.
1506 583 1526 606 η
1549 564 1732 618 Quando

339 642 455 686 enim
477 641 634 684 antea?
654 637 762 699 quid
776 647 840 682 est
855 638 954 693 hoc,
979 636 1168 681 iterum?
1190 635 1395 681 Cecidisti
1412 635 1467 679 ab
1483 633 1730 690 altitudine,

339 728 366 757 o
388 713 538 766 homo,
562 709 829 768 mancipium
850 708 1123 765 inobediens,
1148 707 1337 767 superbe
1359 705 1566 752 adversus
1589 705 1734 750 Domi·

339 797 464 836 num,
489 779 696 825 cecidisti!
723 782 908 823 Factum
930 786 993 822 est
1010 778 1057 821 in
1078 786 1121 821 te
1146 796 1157 823 ι
1186 796 1207 820 «
1231 777 1385 823 Omnis
1402 777 1478 837 qui
1493 792 1537 820 se
1555 775 1730 831 exaltat,

343 870 364 895 »
398 850 703 896 humiliabitur
736 869 746 894 ι
774 867 794 890 »
830 849 907 893 fiat
926 848 973 893 in
1006 857 1075 903 te,
1114 866 1135 890 «
1159 847 1310 892 Omnis
1335 847 1412 907 qui
1436 863 1480 892 se
1502 840 1731 901 humiliat,

343 942 365 966 »
400 921 726 967 exaltabitur2.»
747 920 859 966 Redi
880 919 935 965 de
951 919 1189 980 profundo.
1215 920 1384 976 Redeo,
1398 919 1543 980 inquit
1558 940 1569 975 3
1585 918 1732 972 redeo,

342 1009 530 1055 agnosco
548 1013 558 1039 ι
581 1011 601 1037 «
619 997 751 1049 Deus,
778 993 856 1054 qui
876 992 1025 1037 similis
1046 992 1153 1036 tibi?
1175 996 1365 1045 Quantas
1386 990 1613 1036 ostendisti
1629 990 1737 1042 mihi

342 1085 365 1109 »
398 1065 703 1110 tribulationes
725 1064 885 1109 multas
919 1073 963 1108 et
984 1063 1142 1108 malas!
1175 1066 1232 1107 Et
1254 1077 1488 1107 conversus
1509 1061 1736 1106 vivificasti

342 1154 364 1179 η
398 1151 488 1191 me,
511 1144 555 1179 et
581 1135 636 1179 de
654 1134 818 1193 abyssis
838 1144 966 1178 terrae
994 1135 1155 1178 iterum
1172 1133 1383 1178 reduxisti
1403 1148 1489 1177 me.
1518 1149 1538 1172 »
1566 1130 1738 1175 Intelli-

342 1207 498 1266 gimus⁷
524 1205 670 1250 audio.
691 1204 919 1249 Reduxisti
936 1204 1052 1248 enim
1081 1202 1137 1248 de
1160 1204 1322 1261 abyssis
1347 1212 1497 1259 terrae3
1523 1201 1733 1245 reduxisti

340 1293 364 1322 a
385 1274 685 1337 profunditate
714 1285 757 1320 et
785 1274 1085 1320 submersione
1107 1274 1289 1334 peccati.
1329 1273 1412 1318 Sed
1435 1288 1592 1334 quare,
1613 1291 1633 1314 «
1650 1275 1738 1316 Ite-

342 1366 364 1390 »
399 1348 524 1391 rum?
550 1364 571 1388 >›
593 1345 782 1400 Quando
799 1346 891 1406 jam
912 1344 1080 1389 factum
1103 1347 1225 1389 erat?
1250 1347 1514 1405 Sequamur,
1543 1358 1599 1387 ne
1626 1342 1740 1387 forte

340 1418 579 1479 posteriora
593 1417 754 1461 Psalmi
769 1417 901 1476 ipsius
918 1424 1138 1475 exponant
1154 1415 1294 1470 nobis,
1312 1413 1434 1475 quod
1447 1414 1519 1458 hic
1537 1413 1738 1458 nondum

342 1487 641 1546 intelligimus,
682 1485 791 1546 quid
829 1486 1003 1541 dixerit,
1032 1505 1052 1528 «
1068 1489 1246 1530 Iterum.
1269 1503 1290 1527 »
1326 1488 1444 1544 Ergo
1480 1484 1708 1529 audiamus
1728 1503 1738 1528 ι

344 1577 366 1602 «
401 1561 595 1612 Quantas
619 1555 843 1601 ostendisti
865 1556 972 1600 mihi
996 1555 1296 1599 tribulationes
1318 1554 1478 1599 multas
1510 1564 1554 1598 et
1575 1553 1734 1598 malas!

343 1647 366 1671 »
399 1631 458 1672 Et
479 1642 713 1672 conversus
734 1625 959 1671 vivificasti
981 1641 1066 1677 me,
1092 1634 1135 1669 et
1164 1624 1218 1669 de
1240 1624 1403 1682 abyssis
1425 1634 1551 1668 terrae
1579 1623 1739 1667 iterum

343 1717 364 1741 »
401 1697 610 1742 reduxisti
635 1712 721 1740 me.
751 1714 771 1737 »
804 1694 921 1747 Quid
950 1694 1137 1737 deinde?
1164 1713 1185 1736 (ι
1208 1693 1510 1753 Multiplicasti
1526 1692 1739 1752 justitiam

345 1786 365 1811 »
400 1777 540 1821 tuam,
565 1775 609 1809 et
630 1779 863 1809 conversus
880 1763 1128 1807 consolatus
1150 1778 1193 1807 es
1205 1778 1291 1818 me,
1309 1764 1417 1807 etde
1434 1763 1596 1821 abyssis
1614 1772 1740 1806 terrae

345 1857 365 1880 »
401 1838 563 1882 iterum
588 1833 799 1879 reduxisti
820 1835 963 1878 me3.»
980 1835 1094 1877 Ecce
1117 1833 1301 1877 alterum
1328 1853 1348 1876 «
1366 1834 1570 1878 iterum.»
1591 1833 1634 1878 Si
1656 1833 1740 1877 hoc

349 1928 369 1951 «
403 1909 595 1952 iterum»
609 1905 774 1950 solvere
795 1905 1044 1949 laboramus
1067 1903 1200 1948 semel
1218 1905 1409 1964 positum
1427 1940 1438 1960 ,
1463 1904 1560 1964 quis
1579 1904 1740 1964 poterit

343 1978 508 2024 solvere
524 1977 826 2037 geminatum?
846 1979 870 2020 J
875 1992 942 2020 an]
965 1976 1109 2035 ipsum
1136 1995 1153 2015 «
1180 1976 1339 2020 iterum
1360 1995 1380 2017 »
1405 1975 1639 2035 geminatio
1657 1983 1736 2030 est,

343 2059 387 2095 et
404 2064 580 2094 rursum
601 2049 792 2108 positum
815 2056 879 2092 est
904 2066 924 2090 «
949 2047 1124 2091 iterum.
1149 2064 1169 2088 »
1195 2046 1320 2091 Adsit
1336 2046 1409 2090 ille
1431 2063 1455 2091 a
1476 2062 1565 2106 quo
1584 2046 1735 2104 gratia,

343 2121 454 2166 adsit
470 2129 513 2164 et
530 2120 759 2164 brachium
777 2120 899 2180 quod
914 2118 1224 2162 annuntiamus
1239 2117 1357 2161 omni
1376 2118 1643 2175 generationi
1664 2132 1739 2160 su-

340 2200 617 2252 perventurae
636 2211 647 2248 3
667 2190 777 2234 adsit
792 2190 901 2250 ipse,
925 2198 969 2233 et
989 2198 1201 2248 tanquam
1223 2188 1343 2233 clave
1359 2187 1496 2232 crucis
1513 2203 1602 2231 suae
1614 2186 1739 2231 clau-

340 2276 437 2305 sum
457 2269 775 2305 sacramentum
797 2259 975 2320 aperiat.
1004 2261 1155 2318 Neque
1178 2258 1295 2302 enirn
1307 2256 1482 2312 frustra,
1500 2255 1576 2300 illo
1596 2256 1740 2301 cruci-

336 2332 438 2386 fixo,
477 2330 626 2376 velum
660 2329 812 2389 templi
841 2330 1038 2373 medium
1071 2329 1251 2372 scissum
1283 2337 1348 2372 est
1361 2328 1394 2382 ⁴,
1432 2327 1513 2371 nisi
1535 2327 1636 2387 quia
1660 2341 1739 2386 per

333 2401 466 2461 ipsius
481 2401 726 2461 passionem
744 2399 943 2445 omnium
964 2399 1273 2457 mysteriorum
1291 2406 1453 2442 secreta
1475 2405 1729 2457 patuerunt.

384 2504 394 2520 ¹
417 2497 497 2529 psal.
519 2508 600 2536 Lxx,
628 2507 680 2529 20.
700 2513 743 2519 -
772 2503 785 2520 ²
806 2499 882 2528 Luc.
904 2507 980 2536 xiv,
1019 2507 1069 2527 11.
1105 2511 1147 2517 —
1180 2493 1193 2517 3
1217 2494 1299 2527 Psal.
1332 2506 1411 2535 Lxx,
1432 2504 1485 2527 21.
1508 2511 1549 2516 —
1573 2492 1589 2523 4
1612 2492 1730 2526 Matth.

340 2563 438 2594 xxvn,
462 2553 517 2585 51.
