1889 3285
431 207 486 244 66
850 212 884 241 s.
921 212 1152 242 AUGUSTINI
1183 215 1367 242 1-:121500121

425 283 472 327 id
493 292 576 336 est,
605 282 649 325 in
669 280 772 336 illis,
797 290 847 324 ut
868 278 1044 324 videant
1066 296 1242 325 cursum
1263 294 1434 334 meum,
1452 288 1690 338 sequantur
1709 294 1780 324 me
1794 314 1805 336 ,
1886 299 1889 326 ς

421 368 511 397 non
543 353 602 396 eis
625 350 824 397 videatur
844 365 1027 410 pravum
1057 366 1147 395 esse
1170 351 1292 411 quod
1314 359 1483 394 rectum
1504 359 1596 408 est3
1625 365 1717 394 non
1746 350 1808 395 eis

422 422 618 467 videatur
648 421 879 466 distortum
923 436 1012 464 esse
1049 420 1171 482 quod
1203 430 1322 465 tenet
1352 419 1545 478 regulam
1583 420 1804 465 veritatis:
1850 428 1852 436 ’

423 512 442 534 «
479 493 691 546 Quoniam
715 493 806 536 sine
834 491 1064 551 iniquitate
1085 492 1284 548 cucurri,
1310 501 1355 537 et
1376 491 1594 550 dirigebar
1619 509 1628 536 ε
1649 506 1808 551 exurge

427 584 445 604 »
480 563 526 606 in
548 576 776 607 occursum
797 562 924 617 mihi,
950 570 994 605 et
1014 560 1128 606 vide.
1158 582 1176 604 »

477 634 534 676 X.
568 631 748 692 Aliquid
768 631 898 675 etiam
918 646 989 675 me
1011 630 1154 676 dicere
1172 631 1379 676 admonet
1400 632 1447 676 in
1466 630 1665 676 hocloco
1685 631 1807 690 capi-

419 702 472 747 tis
489 703 621 762 ipsius
638 702 773 746 nostri
794 700 1033 745 sublimitas
1050 722 1061 759 3
1085 701 1295 761 quoniam
1317 701 1561 746 infirmatus
1582 709 1647 745 est
1668 716 1807 761 usque

417 772 472 816 ad
493 782 679 817 mortem
696 808 707 828 ,
732 782 775 815 et
797 772 1026 831 assumpsit
1046 772 1308 816 infirmitatis
1336 787 1509 816 carnem
1526 806 1537 827 ‚
1576 780 1628 815 ut
1661 771 1806 831 pullos
1850 787 1851 791 ¹

414 844 653 887 Jerusalem
678 842 899 900 colligeret
920 842 1002 886 sub
1025 842 1115 886 alas
1137 847 1236 886 snas
1251 877 1262 897 ,
1280 851 1490 903 tanquam
1503 841 1661 900 gallina
1683 842 1806 891 infir-

412 922 526 957 mata
547 928 649 958 cum
661 911 893 973 parvulis1.
909 915 1008 958 Non
1030 912 1205 955 enimin
1217 910 1361 971 aliqua
1378 912 1547 957 avehoc
1568 911 1804 972 aliquando

412 984 712 1042 conspeximus
726 1017 738 1038 ‚
775 997 924 1026 earum
962 981 1093 1026 etiam
1127 997 1227 1041 quae
1255 981 1484 1026 nidificant
1517 991 1618 1026 ante
1654 981 1803 1027 oculos

412 1063 605 1110 nostros,
644 1054 756 1098 sicut
787 1054 1003 1113 parietum
1029 1067 1244 1113 passeres,
1280 1052 1392 1097 sicut
1421 1052 1679 1097 hirundines
1700 1062 1801 1097 tan-

410 1140 543 1184 quam
564 1141 721 1170 annuae
749 1133 909 1168 nostrae
937 1125 1127 1184 hospites
1143 1158 1154 1179 ,
1191 1124 1303 1168 sieut
1335 1123 1540 1179 ciconiae,
1572 1124 1684 1168 sicut
1705 1123 1800 1169 aliae

410 1204 539 1255 atque
562 1195 657 1239 aliae
680 1211 777 1240 aves
798 1230 808 1249 ,
840 1211 939 1254 quae
962 1204 1062 1239 ante
1090 1194 1240 1239 oculos
1266 1203 1435 1239 nostros
1465 1193 1716 1249 nidificant,
1755 1204 1800 1240 et
1850 1198 1851 1246 J

408 1265 498 1310 ovis
526 1264 749 1320 insidunt,
782 1263 927 1324 pullos
957 1263 1107 1319 alunt,
1147 1264 1260 1309 sicut
1294 1265 1398 1324 ipsae
1440 1263 1658 1309 columbae
1688 1281 1797 1325 quas
1849 1294 1851 1323 ἶ

406 1336 603 1396 quotidie
627 1335 849 1391 videmus,
875 1334 1065 1395 aliquam
1089 1350 1214 1380 avem
1235 1336 1446 1379 infirmari
1475 1351 1577 1380 cum
1604 1335 1796 1396 parvulis
1850 1327 1851 1383 ζ

404 1422 495 1451 non
526 1407 809 1465 cognovimus
836 1425 845 1451 :
871 1420 962 1450 non
996 1405 1260 1465 aspeximUS,
1286 1422 1377 1451 non
1398 1406 1601 1451 vidimus.
1623 1405 1796 1452 Gallina

405 1476 628 1537 quomodo
648 1477 733 1521 hoc
750 1475 912 1520 habet?
934 1476 1062 1520 Certe
1074 1484 1224 1520 notam
1242 1491 1334 1519 rem
1345 1474 1443 1521 dico
1459 1511 1470 1531 ,
1492 1492 1592 1536 quae
1609 1477 1656 1521 in
1669 1492 1796 1522 cons·
1849 1484 1851 1522 ἒ

403 1557 535 1607 pectu
554 1556 703 1592 nostro
726 1546 922 1607 quotidie
945 1555 1140 1591 versatur
1161 1566 1170 1591 :
1191 1547 1412 1607 quomodo
1443 1546 1655 1591 raucescit
1675 1562 1759 1592 vox
1777 1582 1790 1604 ‚
1848 1562 1851 1567 ⁴

402 1617 625 1678 quomodo
645 1619 694 1662 fit
710 1616 933 1678 hispidum
967 1626 1112 1662 totum
1148 1619 1342 1677 corpus?
1377 1615 1661 1676 deponuntur
1680 1617 1792 1674 alae⁷
1848 1632 1850 1667 3

401 1688 600 1734 laxantur
621 1688 782 1749 plumae
799 1723 810 1744 ‚
835 1697 879 1733 et
898 1688 1019 1733 vides
1050 1689 1163 1733 circa
1183 1687 1328 1746 pullos
1350 1688 1494 1732 nescio
1516 1687 1624 1748 quid
1649 1704 1791 1748 aegro-
1848 1692 1850 1735 ξ

402 1768 495 1803 tum
511 1795 521 1815 ‚
542 1769 585 1804 et
601 1775 651 1803 ea
672 1768 735 1804 est
752 1767 946 1802 materna
973 1757 1158 1800 charitas
1182 1772 1282 1817 quae
1307 1757 1528 1801 invenitur
1543 1757 1786 1804 infirmitas.

399 1834 538 1882 Quare
560 1845 661 1887 ergo
682 1829 893 1872 Dominus
910 1861 921 1881 ‚
956 1826 1037 1870 nisi
1064 1836 1242 1886 propter
1272 1827 1356 1871 hoc
1371 1862 1382 1882 ‚
1418 1826 1578 1885 gallina
1599 1844 1690 1873 esse
1709 1846 1789 1875 vo-
1848 1863 1850 1878 ἢ

397 1899 480 1943 luit
498 1899 543 1942 in
564 1907 710 1942 sancta
734 1898 954 1956 Scriptura
971 1895 1118 1940 dicens
1146 1916 1154 1941 :
1185 1915 1202 1937 «
1229 1897 1468 1942 Jerusalem
1484 1933 1495 1953 ‚
1515 1899 1782 1957 Jerusalem,

402 1989 420 2011 »
456 1970 624 2029 quoties
651 1967 770 2012 volui
799 1981 1058 2024 congregare
1090 1967 1200 2011 filios
1243 1977 1363 2023 tuos,
1395 1977 1603 2029 tanquam
1625 1970 1784 2028 gallina
1848 2014 1850 2016 .

402 2061 419 2082 ›>
453 2039 596 2100 pullos
618 2055 717 2083 suos
739 2038 819 2082 sub
842 2037 950 2092 alas,
975 2046 1018 2081 et
1033 2037 1209 2082 noluisti
1224 2041 1272 2083 2?
1293 2059 1311 2081 »
1338 2041 1783 2099 Congregavitautem
1848 2035 1849 2081 J

395 2127 544 2157 omnes
566 2120 712 2170 gentes
731 2146 742 2166 ,
767 2120 976 2170 tanquam
999 2108 1155 2167 gallina
1177 2110 1320 2169 pullos
1340 2127 1463 2167 suos,
1489 2112 1567 2172 qui
1585 2113 1781 2159 infirma-

393 2192 462 2227 tus
484 2191 548 2226 est
569 2191 744 2242 propter
765 2196 859 2235 n08,
885 2179 1094 2236 accipiens
1110 2195 1283 2224 carnem
1307 2197 1330 2225 a
1352 2182 1493 2237 nobis⁷
1508 2183 1555 2227 id
1568 2193 1647 2240 est,
1667 2200 1690 2228 a
1711 2199 1781 2242 ge·
1848 2239 1849 2246 ἵ

390 2268 493 2298 nere
514 2253 703 2297 humano
720 2272 731 2309 3
750 2251 1001 2304 crucifixus,
1025 2259 1324 2310 contemptus,
1351 2251 1483 2312 alapis
1501 2269 1658 2309 caesus,
1694 2255 1778 2300 fla-

390 2322 597 2382 gellatus,
630 2321 750 2380 ligno
783 2335 1036 2381 suspensus,
1070 2318 1219 2364 lancea
1249 2320 1514 2367 vulneratus.
1555 2327 1670 2382 Ergo
1691 2324 1777 2370 hoc

388 2401 596 2438 maternae
614 2391 874 2435 infirmitatis
890 2399 969 2445 est,
981 2404 1071 2447 non
1091 2390 1258 2434 amissae
1281 2392 1529 2451 majestatis.
1545 2396 1658 2439 Cum
1670 2410 1775 2454 ergo

388 2462 483 2509 talis
505 2471 615 2506 esset
635 2461 852 2515 ChristUS‚
877 2469 921 2504 et
943 2459 1042 2506 ideo
1062 2469 1359 2521 contemptus,
1382 2472 1425 2508 et
1450 2463 1550 2510 ideo
1571 2464 1680 2525 lapis
1701 2465 1772 2511 of-

434 2554 444 2573 ¹
464 2547 578 2584 matth.
598 2557 691 2589 xxm,
707 2546 761 2588 37.
780 2562 822 2570 —
840 2551 853 2569 ²
869 2544 950 2579 Ibid.
