1889 3285
403 302 644 332 ENARRATIO
676 305 722 333 ΙΝ
753 304 956 334 PsALMUM
987 306 1076 334 LXI.
1346 295 1430 335 139

55 389 75 412 »
109 386 165 415 ne
181 370 405 430 apponatis
421 385 511 425 cor,
537 387 557 411 »
583 385 638 414 ne
655 370 701 414 in
717 369 874 416 divitiis
891 370 1134 427 confidatis,
1153 386 1244 416 non
1263 386 1431 431 praesu-

51 442 192 495 matis,
211 456 300 485 non
316 441 493 500 speretis
510 461 520 498 3
539 455 594 484 ne
611 439 781 485 dicatur
804 461 812 487 ;
832 461 853 485 «
873 445 986 486 Ecce
1006 442 1139 486 homo
1156 442 1234 502 qui
1255 458 1345 487 non
1359 459 1432 503 po-

54 529 76 553 »
109 513 194 557 suit
211 515 351 556 Deum
368 512 611 571 adjutorem
627 527 772 569 suum,
795 512 871 564 sed
886 513 1071 572 speravit
1086 511 1132 556 in
1150 512 1433 559 multitudine

53 600 74 624 >›
109 581 356 627 divitiarum
391 597 591 638 suarum,
627 591 671 628 et
710 583 937 642 praevaluit
963 583 1007 627 in
1039 583 1228 628 vanitate
1259 586 1369 629 sua¹.
1407 602 1429 627 »

50 656 167 712 Ergo
181 653 282 697 vani
302 652 379 696 filii
402 653 648 708 hominum,
673 653 901 699 mendaces
921 654 999 699 filii
1020 654 1264 711 hominum,
1289 670 1434 716 neque

50 723 247 782 rapiatis,
278 738 420 783 neque
442 723 474 766 si
499 724 637 768 fluant
656 723 832 780 divitiae,
858 740 933 769 cor
949 726 1175 785 apponatis
1202 745 1210 770 ε
1232 741 1322 770 non
1342 727 1433 786 jam

50 794 283 837 vanitatem
326 793 510 853 diligatis
524 830 534 848 ,
577 804 620 838 et
659 795 936 839 mendacium
963 795 1180 856 quaeratis.
1221 814 1239 836 «
1277 797 1434 840 Beatus

53 881 75 905 »
109 864 224 907 enim
246 864 368 923 cujus
386 873 451 908 est
467 865 676 909 Dominus
698 868 811 910 Deus
827 881 923 925 spes
945 868 1051 927 ejus,
1070 875 1113 910 et
1131 882 1221 911 non
1248 866 1435 927 respexit

53 951 74 975 »
107 934 154 977 in
174 934 384 979 vanitates
415 945 458 979 et
483 935 669 981 insanias
695 936 959 980 mendaces2.
985 954 1006 978 »
1039 937 1248 996 Decipere
1272 937 1432 992 vultiS,

49 1004 250 1050 fraudem
273 1006 403 1050 vultis
419 1005 576 1061 facere,
598 1006 705 1067 quid
722 1007 884 1051 affertis
905 1017 954 1051 ut
970 1008 1223 1066 decipiatis?
1247 1009 1436 1053 Stateras

49 1074 234 1120 dolosas.
265 1095 285 1118 α
308 1076 538 1120 Mendaces
562 1077 676 1120 enim
693 1111 704 1131 ,
734 1077 878 1137 inquit
894 1111 905 1132 ,
929 1076 1009 1120 filii
1030 1077 1258 1121 hominum
1280 1078 1328 1121 in
1349 1086 1436 1121 sta-

54 1165 73 1187 »
107 1145 229 1202 teris,
249 1163 270 1187 »
297 1156 347 1190 ut
375 1145 593 1206 decipiant
620 1144 883 1205 proferendo
902 1156 1080 1191 stateras
1101 1146 1284 1192 dolosaS.
1309 1146 1436 1192 Falso

50 1216 244 1259 examine
265 1215 411 1260 fallitis
432 1217 649 1260 intuentes
669 1235 678 1260 ;
705 1217 876 1260 nescitis
903 1216 1036 1260 alium
1059 1232 1149 1261 esse
1169 1218 1247 1277 qui
1270 1232 1437 1277 appen-

50 1283 130 1341 dit,
161 1285 293 1329 alium
316 1285 392 1346 qui
415 1285 470 1329 de
491 1285 684 1345 pondere
700 1287 892 1346 judicat?
926 1289 1024 1332 Non
1044 1287 1164 1332 videt
1191 1288 1262 1331 cui
1283 1296 1334 1331 tu
1357 1302 1436 1347 ap-

49 1356 229 1416 pendis3
268 1356 343 1400 sed
381 1356 500 1400 videt
529 1357 605 1415 qui
636 1366 678 1399 te
701 1366 744 1399 et
770 1358 914 1415 ipsum
944 1358 1166 1417 appendit.
1201 1361 1316 1416 Ergo
1347 1373 1438 1403 non

49 1425 266 1482 fraudem,
295 1442 384 1471 non
406 1427 601 1485 rapinam
617 1427 953 1485 concupiscatis,
977 1430 1127 1472 nonin
1145 1429 1212 1473 his
1233 1444 1333 1489 quae
1355 1430 1437 1474 ha-

50 1496 161 1541 betis
181 1511 301 1556 spem
318 1497 489 1556 ponatis
512 1516 519 1540 ;
540 1497 708 1550 monui,
727 1497 928 1555 praedixi,
953 1498 1015 1541 ait
1036 1498 1116 1542 iste
1134 1498 1332 1543 Idithun.

110 1569 252 1610 xvii.
273 1566 392 1620 Quid
413 1566 639 1626 sequitur?
665 1585 684 1608 «
716 1566 858 1610 Semel
890 1567 1062 1612 locutus
1100 1577 1163 1613 est
1183 1572 1323 1624 Deus,
1349 1568 1439 1614 duo

53 1655 76 1680 »
109 1639 204 1682 haec
226 1637 389 1692 audivi,
407 1637 614 1697 quoniam
637 1646 827 1696 potestas
851 1639 924 1681 Dei
947 1647 1026 1693 est,
1052 1648 1095 1682 et
1114 1639 1211 1694 tibi,
1237 1640 1435 1695 Domine,

53 1726 78 1751 »
109 1708 423 1764 misericordia,
450 1709 552 1769 quia
564 1718 615 1753 tu
637 1708 790 1753 reddes
803 1710 1039 1770 unicuique
1050 1711 1292 1754 secundum
1309 1727 1439 1770 opera

54 1796 75 1821 »
111 1782 231 1823 suass.
262 1799 282 1821 »
310 1780 423 1824 Dixit
450 1778 628 1823 ldjthun
644 1813 655 1833 ,
688 1779 833 1822 sonuit
852 1778 906 1822 de
928 1779 1036 1834 aito,
1069 1795 1157 1839 quo
1179 1780 1437 1840 transilivit3

53 1848 218 1893 audivit
238 1849 299 1892 ibi
331 1848 543 1909 quiddam
559 1885 570 1903 ,
601 1858 645 1893 et
670 1849 779 1894 dixit
807 1849 933 1893 nobis
959 1868 968 1894 ε
993 1850 1075 1894 sed·
1097 1849 1371 1910 aliquantum
1394 1852 1440 1895 in

52 1919 139 1963 hoc
161 1919 283 1980 quod
304 1919 428 1963 nobis
454 1918 559 1963 dixit
581 1919 816 1979 perturbor
832 1954 842 1974 ,
869 1919 1045 1975 fratres,
1071 1928 1117 1964 et
1144 1918 1284 1964 donec
1299 1921 1441 1965 vobis-

31 2039 33 2041 ,
54 2004 154 2033 cum
175 1989 454 2048 participem,
479 1988 550 2033 vel
570 1989 944 2048 perturbationem
960 2024 970 2044 ,
994 1988 1065 2033 vel
1089 1989 1279 2050 aliquam
1300 1991 1439 2051 respi-

53 2060 264 2104 rationem
289 2073 453 2114 meam,
479 2059 670 2104 intentos
690 2075 765 2104 vos
791 2059 907 2104 volo.
934 2060 1110 2104 Etenim
1144 2060 1367 2105 Psalmum
1385 2061 1441 2105 ad

55 2130 290 2174 terminum
313 2129 535 2185 duximus,
576 2121 810 2190 adjurante
836 2131 1023 2175 Domino
1049 2150 1057 2175 :
1092 2139 1191 2190 post
1224 2132 1319 2176 hoec
1340 2148 1441 2192 quae

54 2200 214 2245 dicturi
235 2217 406 2257 sumus,
432 2217 521 2246 uon
543 2210 674 2246 restat
702 2201 868 2262 aliquid
885 2237 896 2257 ,
921 2201 1042 2262 quod
1063 2202 1118 2246 de
1150 2204 1234 2247 hoc
1260 2203 1441 2248 ulterius

55 2287 335 2331 exponamus.
362 2274 515 2333 Itaque
558 2271 804 2316 adnitimini
837 2288 1033 2329 mecum,
1058 2282 1207 2318 utrum
1229 2274 1442 2334 possimus

53 2342 293 2402 intelligere
314 2344 397 2387 hoc
411 2360 420 2385 :
436 2352 479 2386 et
500 2343 534 2386 si
549 2358 638 2387 non
659 2352 842 2402 potuero
857 2379 867 2398 ,
885 2352 928 2388 ct
943 2343 1148 2403 intelligit
1170 2344 1324 2405 aliquis
1346 2360 1441 2389 ves-

55 2420 172 2457 trum
191 2413 310 2474 quod
338 2429 419 2472 ego
439 2429 529 2458 non
550 2429 754 2473 possum,
780 2413 980 2472 gaudebo
1003 2416 1147 2474 potius
1167 2432 1299 2476 quam
1325 2416 1439 2460 invi-

56 2482 183 2528 debo.
217 2483 407 2528 Omnino
433 2484 691 2544 investigare
727 2484 905 2529 difficile
943 2494 1027 2540 cst,
1067 2485 1440 2546 quemadmodum

56 2555 242 2613 positum
257 2556 310 2600 sit
324 2555 455 2615 prius.
479 2574 500 2597 «
527 2555 667 2600 Seme}
685 2556 855 2600 locutus
873 2566 936 2600 est
957 2563 1065 2601 Deus
1087 2577 1094 2602 ε
1118 2575 1139 2598 »
1160 2556 1318 2602 deinde
1336 2572 1439 2601 cum

107 2646 116 2662 ¹
134 2640 210 2672 psal.
229 2652 268 2680 m,
286 2652 318 2682 9.
341 2658 380 2662 ——
402 2648 413 2663 ²
433 2642 477 2672 Id.
495 2652 604 2681 xxxix,
627 2641 655 2672 5.
679 2659 717 2664 --
738 2640 750 2664 3
770 2643 814 2673 m.
840 2653 903 2683 Lu,
927 2652 977 2678 11⁷2,
1004 2642 1053 2674 13.
