1889 3285
410 220 492 257 332
839 226 872 254 s.
910 225 1140 256 Aucus'rrm
1173 228 1353 256 Emscom

408 309 497 338 non
515 293 699 352 possint,
725 291 780 336 ad
797 307 954 351 corpus
974 291 1182 337 reseratis.
1211 293 1278 337 Sic
1296 292 1412 335 enim
1434 290 1629 350 loquitur
1651 290 1790 334 Chris·
1847 338 1850 348 ,

408 374 476 408 tus
494 372 703 424 tanquam
720 379 832 407 unus
851 382 858 407 :
882 363 985 422 quia
999 371 1042 406 et
1062 377 1162 406 vere
1179 379 1308 418 unus,
1325 362 1378 406 de
1401 376 1489 421 quo
1511 360 1678 404 dictum
1699 370 1762 405 cst
1779 380 1787 404 ε

411 454 430 477 «
465 438 606 478 Erunt
627 434 716 479 duo
738 435 783 478 in
802 449 930 478 carne
947 450 1034 478 una
1048 436 1079 478 ¹.
1108 451 1128 475 »
1158 434 1200 479 Si
1217 434 1333 478 enim
1350 434 1395 477 in
1412 447 1540 477 carne
1560 447 1664 487 una,
1685 431 1793 492 quid

406 505 572 549 miraris
589 539 600 560 ,
632 505 735 565 quia
767 514 810 549 et
836 505 881 548 in
904 519 1009 549 voce
1036 519 1124 548 una
1145 506 1163 548 P
1196 504 1399 564 Sequitur
1421 518 1523 562 ergo
1545 521 1552 546 :
1578 521 1598 545 «
1623 502 1794 548 Exaudi
1850 514 1851 548 ξ

409 595 429 618 »
465 591 535 619 me
550 611 560 631 ,
587 576 769 620 Domine
786 611 797 631 ,
831 575 1041 635 quoniam
1064 575 1204 620 suavis
1234 584 1298 619 est
1317 572 1609 618 misericordia
1631 576 1748 617 tua2.
1768 590 1788 614 >›

407 650 530 691 Hanc
551 662 725 691 causam
751 647 932 690 asseruit
953 661 1088 706 quare
1107 646 1266 691 debeat
1288 645 1504 699 exaudiri,
1527 644 1629 705 quia
1650 643 1791 688 suavis

405 726 470 761 est
492 716 782 762 misericordia
800 717 892 761 Dei.
914 719 1069 762 Nonne
1091 716 1225 775 magis
1242 716 1326 760 hoc
1348 724 1439 760 erat
1461 729 1728 775 consequens
1744 723 1794 758 ut
1850 727 1853 745 ³

406 787 570 833 diceret
603 806 611 832 ε
637 786 806 831 Exaudi
827 802 918 843 me,
945 787 1151 841 Domine,
1181 795 1232 830 ut
1259 785 1401 830 suavis
1427 785 1535 829 mihi
1556 785 1610 830 sit
1626 785 1795 828 miseri-

405 857 551 903 cordia
566 860 667 902 tua?
690 862 830 911 Quare
855 872 958 916 ergo
978 875 990 904 ι
1013 875 1034 900 «
1053 856 1225 901 Exaudi
1247 871 1332 911 me,
1355 856 1557 910 Domine,
1583 854 1792 915 quoniam

1848 418 1851 425 Ι
1876 378 1889 406 ffl

410 946 429 969 η
464 928 605 972 suavis
627 937 691 972 est
711 926 1000 972 misericordia
1023 929 1129 972 tua?
1153 945 1173 968 »
1201 926 1467 972 Suavitatem
1490 923 1795 969 misericordiae
1852 937 1854 984 ζ
1880 941 1889 969 ετ

404 998 580 1043 Domini
616 998 670 1043 de
699 997 980 1043 tribulatione
1011 1013 1086 1042 sua
1119 995 1442 1042 commendavit
1475 995 1566 1040 aliis
1603 995 1796 1056 quodam
1852 1043 1854 1046 ,

406 1068 538 1114 modo
559 1069 701 1114 verbis
718 1104 728 1124 ,
755 1085 857 1114 cum
879 1068 987 1113 dixit
1010 1089 1017 1114 :
1035 1067 1238 1114 «Exaudi
1258 1083 1344 1123 me,
1366 1067 1566 1122 Domine,
1586 1066 1795 1126 quoniam
1853 1075 1855 1077 ’

409 1158 428 1180 »
466 1139 665 1184 tribulor.
695 1157 715 1180 »
742 1142 910 1184 Revera
943 1139 1060 1183 enim
1097 1139 1173 1199 qui
1195 1138 1301 1183 dicit
1323 1157 1331 1182 :
1355 1136 1561 1182 «Exaudi
1582 1151 1652 1180 me
1668 1171 1679 1191 ,
1706 1139 1795 1180 Do-

408 1228 428 1251 »
456 1211 588 1265 mine,
605 1211 813 1271 quoniam
827 1209 1030 1266 tribulor,
1045 1229 1064 1251 »
1081 1225 1255 1254 causam
1268 1208 1375 1254 dicit
1395 1223 1530 1269 quare
1543 1222 1587 1251 se
1600 1206 1794 1251 exaudiri

405 1289 529 1339 roget
555 1299 563 1324 :
589 1279 665 1324 sed
693 1280 862 1324 homini
895 1281 941 1324 in
964 1278 1244 1324 tribulatione
1264 1279 1427 1338 posito,
1453 1292 1626 1322 necesse
1659 1286 1723 1321 θεῖ
1743 1285 1795 1320 ut

405 1351 546 1395 suavis
573 1350 628 1394 sit
649 1350 942 1394 misericordia
959 1350 1053 1394 Dei.
1079 1353 1142 1394 De
1163 1350 1246 1394 hac
1263 1349 1474 1393 suavitate
1491 1346 1794 1392 misericordiae

405 1421 484 1464 Dei
513 1419 657 1464 videte
679 1418 788 1480 quid
812 1420 896 1464 alio
917 1419 1015 1464 loco
1045 1419 1267 1479 Scriptura
1284 1418 1400 1463 dicat
1423 1437 1432 1463 :
1463 1437 1483 1460 «
1508 1418 1626 1462 Sicut
1647 1416 1795 1476 pluvia

409 1509 428 1531 »
465 1490 510 1534 in
528 1490 717 1534 siccitate
733 1524 744 1545 ,
770 1490 830 1533 ita
846 1490 1038 1549 speciosa
1060 1498 1123 1533 est
1139 1488 1431 1533 misericordia
1447 1487 1520 1532 Dei
1540 1488 1587 1532 in
1609 1485 1793 1531 tribula-

408 1578 429 1601 »
465 1561 583 1604 tione
597 1561 629 1604 3.
653 1578 672 1600 n
691 1559 821 1613 Quod
841 1559 900 1603 ibi
923 1559 996 1613 ait,
1021 1559 1213 1618 speciosa
1234 1578 1243 1603 :
1269 1559 1353 1603 hoc
1375 1559 1434 1602 ait
1453 1558 1541 1612 hic,
1562 1577 1582 1600 «
1598 1557 1790 1602 Suavis.»

405 1633 493 1676 Nec
524 1630 647 1690 panis
678 1629 815 1674 dulcis
842 1638 974 1685 esset,
1009 1629 1090 1673 nisi
1121 1629 1257 1673 fames
1288 1626 1721 1687 praecederet.'Ergo
1752 1636 1796 1670 et

405 1699 583 1761 quando
600 1700 804 1744 Dominus
821 1699 1035 1759 permittit
1055 1707 1131 1743 aut
1152 1696 1255 1742 facit
1276 1706 1326 1742 ut
1348 1697 1632 1742 tribulatione
1650 1696 1795 1757 aliqua

406 1772 538 1815 simus
556 1806 567 1826 ,
598 1770 728 1814 etiam
756 1779 863 1814 tunc
884 1769 1125 1813 misericors
1147 1777 1210 1812 cst
1244 1788 1253 1813 ε
1278 1783 1369 1812 non
1400 1768 1516 1811 enim
1539 1766 1794 1812 alimentum

406 1840 644 1895 subtrahit,
669 1840 745 1884 sed
769 1838 1032 1884 desiderium
1055 1847 1216 1883 movet.
1242 1840 1396 1897 Itaque
1418 1836 1528 1897 quid
1552 1837 1610 1881 ait
1631 1836 1790 1881 modo:

411 1931 431 1953 «
464 1909 634 1955 Exaudi
656 1926 746 1965 me,
783 1910 966 1954 Domine
981 1945 992 1964 ,
1019 1909 1227 1969 quoniam
1254 1907 1394 1952 suavis
1417 1916 1480 1951 est
1501 1906 1794 1951 misericordia

409 2001 429 2023 η
465 1983 570 2026 tua?
595 2000 614 2023 »
644 1984 668 2025 J
673 1997 740 2026 am
761 1980 851 2026 noli
875 1981 1050 2024 differre
1072 1979 1391 2024 exauditionem
1409 1999 1420 2036 3
1441 1978 1488 2022 in
1510 1986 1630 2022 tanta
1649 1977 1793 2022 tribu-

406 2052 567 2097 latione
592 2067 687 2096 sum
703 2087 713 2106 ,
737 2061 786 2096 ut
807 2051 947 2096 suavis
969 2050 1075 2094 mihi
1098 2051 1152 2093 sit
1183 2048 1476 2093 misericordia
1495 2056 1586 2092 tua.
1613 2047 1684 2092 Ad
1711 2048 1794 2093 hoc

407 2139 509 2182 ergo
531 2123 763 2167 subvenire
781 2122 1014 2167 differebas
1031 2157 1041 2176 ,
1066 2130 1116 2164 ut
1135 2121 1242 2164 mihi
1265 2119 1392 2165 dulce
1416 2129 1525 2164 esset
1546 2118 1668 2179 quod
1688 2119 1794 2163 sub-

406 2194 607 2239 veniebas
630 2213 638 2238 :
657 2195 747 2253 jam
770 2208 871 2251 ergo
896 2192 1008 2237 ultra
1035 2207 1126 2236 non
1143 2200 1206 2235 cst
1233 2189 1354 2250 quod
1375 2190 1550 2234 differas
1566 2210 1577 2247 3
1596 2190 1795 2250 pervenit

406 2263 630 2308 tribulatio
665 2279 760 2307 mea
787 2263 842 2307 ad
870 2277 1117 2307 mensuram
1154 2270 1317 2306 certam
1346 2260 1624 2315 calamitatis,
1648 2259 1794 2304 veniat

408 2333 699 2379 misericordia
721 2343 797 2377 tua
833 2334 886 2377 ad
914 2331 1164 2377 faciendum
1186 2347 1294 2391 opus
1322 2325 1544 2375 bonit‘atis.
1577 2349 1597 2371 «
1626 2330 1795 2374 Exaudi

411 2423 431 2446 »
470 2420 556 2459 me,
583 2405 776 2458 Domine,
802 2404 1009 2463 quoniam
1033 2401 1172 2446 suavis
1190 2411 1256 2445 est
1287 2399 1579 2445 misericordia
1608 2409 1697 2444 tua.
1716 2403 1793 2445 Se-

412 2495 431 2517 »
468 2473 662 2520 cundum
704 2474 1033 2519 multitudinem
1066 2473 1392 2517 miserationum
1425 2481 1599 2515 tuarum
1632 2470 1794 2530 respice

461 2566 467 2580 ¹
486 2561 563 2591 Gen.
585 2570 619 2600 ιι,
639 2558 695 2600 24,
715 2563 747 2590 ct
758 2558 870 2600 Ephcs.
892 2569 914 2598 1,
936 2557 987 2590 31.
1008 2575 1049 2579 —
1069 2563 1081 2579 ²
1101 2557 1178 2589 Psal.
1200 2567 1309 2597 varu,
1333 2566 1382 2597 ις,
1408 2573 1447 2578 -—
1470 2553 1482 2577 3
1498 2554 1595 2588 Eccli.
1618 2565 1717 2594 xxxv,
1736 2554 1788 2587 26.
