1889 3285
9 0 18 56 i

13 60 18 201 3

11 450 15 527 ἑ

9 1154 13 1296 ξ

9 1299 12 1444 ἑ

7 1539 11 1687 ἑ

8 1701 11 1758 ε

7 1762 11 1833 1

245 239 485 271 ENAnnAno
518 238 612 269 I‘I'N
642 239 846 270 PsALMuM
878 243 1011 279 Lv111,
1047 239 1185 268 sermo
1218 225 1281 268 1.‘:
1378 228 1434 267 67

0 306 2 344 ἶ
56 305 262 351 fensionis
287 316 330 351 et
355 315 476 366 petra
510 306 727 361 scandali,
754 316 797 351 et
817 306 916 351 ideo
938 305 1065 350 multi
1089 303 1370 349 offenderunt
1393 304 1440 348 in

0 397 2 406 ν
57 391 156 420 eum
176 378 190 402 1
215 395 225 420 ι
250 391 350 420 cum
372 376 468 419 talis
491 391 594 434 ergo
616 385 748 429 esset,
780 385 822 420 et
852 385 996 420 tamen
1028 389 1202 419 carnem
1223 374 1314 418 sine
1335 389 1440 433 pec-

0 467 1 470 *
56 455 152 490 cato
180 446 456 504 suscepisset,
481 446 620 490 factus
648 455 712 490 est
733 447 945 506 particeps
967 454 1124 490 nostrae
1145 444 1407 488 infirmitatis
1425 479 1436 499 ‚

56 530 144 559 non
159 515 424 574 iniquitatis3
443 524 494 559 ut
510 531 560 558 ex
582 530 632 559 eo
657 515 777 575 quod
790 516 1013 561 nobiscum
1027 514 1363 559 communicavit
1379 514 1442 556 in-

56 585 303 628 firmitatem
321 620 332 639 7
363 583 548 629 solveret
575 594 765 629 nostram
805 586 1095 646 iniquitatem.
1128 584 1261 628 Ideo:
1293 602 1310 623 «
1339 583 1439 628 Sine

62 673 79 696 »
111 654 342 714 iniquitate
382 655 578 709 cucurri,
615 663 658 698 et
679 654 912 713 dirigebar.
938 654 1093 708 »Quid
1124 670 1252 713 ergo,
1285 668 1442 697 secun-

57 722 163 768 dum
193 723 240 768 id
276 724 397 784 quod
438 728 552 768 Deus
585 733 674 780 est⁷
709 740 799 769 non
825 734 890 769 est
913 724 1210 783 agnoscendus
1229 759 1240 779 ‚
1266 732 1309 768 et
1328 720 1442 767 illud

57 794 198 839 solum
214 795 261 838 in
279 810 331 839 eo
348 794 715 840 considerandum
735 805 823 851 est,
849 795 969 856 quod
991 804 1169 855 propter
1191 810 1270 840 nos
1304 792 1445 838 factus

58 875 147 920 est,
172 881 262 910 non
277 864 389 910 illud
410 881 499 926 quo
521 881 598 911 nos
617 865 748 910 fecit?
772 865 904 911 Plane
935 867 1063 910 etiam
1099 864 1211 910 illud
1243 863 1444 910 conside-

57 934 245 980 randum
278 945 370 994 est3
409 936 512 996 quia
544 952 753 995 magnum
791 936 962 995 pietatis
986 936 1197 981 indicium
1236 945 1300 980 est
1320 950 1449 980 nosse

59 1006 155 1067 quis
176 1022 256 1066 pro
278 1015 320 1051 te
337 1007 444 1067 quid
466 1008 683 1051 sustinuit.
710 1010 808 1053 Non
843 1008 1108 1067 quicumque
1139 1023 1294 1067 parvus
1309 1042 1319 1061 ,
1356 1022 1446 1050 non

58 1093 137 1137 pro
159 1086 201 1120 te
221 1092 396 1136 magno,
419 1077 495 1121 sed
515 1093 595 1137 pro
617 1087 659 1122 te
680 1078 853 1122 infirmo
869 1077 942 1121 ille
959 1093 1169 1122 summus.
1186 1078 1327 1131 Quid?
1344 1081 1450 1122 Fac-

60 1157 129 1192 tus
150 1147 356 1207 parvulus
377 1167 386 1193 ε
412 1167 429 1188 «
453 1148 710 1193 Humiliavit
731 1164 775 1192 se
790 1184 800 1204 ‚
827 1147 966 1193 factus
995 1149 1202 1193 obediens
1230 1164 1369 1208 usquc
1391 1148 1447 1192 ad

62 1237 83 1260 »
117 1227 318 1263 mortem.
350 1239 367 1260 1>
393 1219 659 1279 Quis‘?supra
689 1218 791 1263 audi
818 1239 826 1264 ε
851 1238 871 1261 «
895 1220 1096 1273 Quicum
1129 1220 1175 1263 in
1198 1218 1338 1263 forma
1370 1219 1446 1263 Dei

65 1309 83 1332 n
118 1299 252 1345 esset,
282 1305 373 1334 non
401 1290 596 1350 rapinam
632 1290 865 1334 arbitratus
902 1299 966 1334 est
1002 1305 1093 1334 esse
1125 1289 1302 1350 aequalis
1338 1293 1444 1335 Deo.

42 1370 45 1371 ’
63 1378 84 1402 »
118 1362 236 1419 Ergo
258 1359 436 1426 aequalis
447 1363 536 1404 Deo
558 1361 836 1420 semetipsum
858 1361 1092 1406 exinanivit
1107 1397 1117 1416 ‚
1137 1361 1323 1406 formam
1336 1361 1447 1406 servi

66 1448 85 1473 1»
119 1431 354 1491 accipiens,
380 1431 424 1474 in
440 1430 767 1475 similitudinem
792 1432 1022 1476 hominum
1040 1432 1178 1477 factus
1194 1467 1205 1487 ‚
1231 1442 1275 1476 et
1296 1433 1451 1477 habitu

0 1498 5 1501 ’
65 1520 84 1542 ι)
117 1501 320 1545 inventus
341 1511 392 1546 ut
413 1502 545 1546 homo
565 1503 582 1526 ²
606 1521 614 1546 :
646 1521 663 1543 »
690 1511 733 1546 et
759 1502 819 1545 ita
837 1502 1094 1558 exinanivit,
1130 1512 1181 1547 ut
1213 1512 1450 1547 assumeret

61 1569 182 1630 quod
213 1585 304 1614 non
332 1579 450 1626 erat,
490 1587 579 1616 non
601 1581 653 1616 ut
683 1572 899 1616 amitteret
931 1572 1052 1634 quod
1077 1583 1184 1617 erat.
1215 1574 1448 1627 Quomodo

62 1655 162 1699 ergo
179 1641 445 1686 exinanivit?
465 1642 576 1695 Quia
597 1642 677 1686 tibi
699 1642 793 1687 talis
822 1644 1021 1703 apparuit
1039 1665 1050 1702 3
1081 1645 1183 1705 quia
1205 1645 1284 1689 tibi
1306 1646 1451 1704 digni-

62 1719 195 1755 tatem
213 1725 346 1771 quam
367 1710 485 1770 apud
505 1715 678 1756 Patrem
698 1713 854 1769 habet,
881 1730 971 1758 non
992 1713 1327 1771 demonstravit,
1347 1718 1451 1777 quia

63 1781 142 1825 tibi
167 1797 286 1826 nunc
321 1780 484 1825 obtulit
513 1780 839 1836 infirmitatem,
874 1784 1059 1829 servavit
1092 1795 1278 1844 purgato
1299 1796 1450 1847 postea

63 1850 317 1895 claritatem.
345 1850 424 1894 Ille
441 1865 544 1909 ergo
561 1850 678 1894 Patri
699 1849 899 1910 aequalis‚
920 1851 1016 1896 talis
1038 1862 1103 1897 est
1123 1853 1263 1899 factus
1291 1876 1299 1900 ;
1325 1866 1368 1900 et
1389 1868 1450 1902 ta-

63 1937 163 1966 men
184 1922 230 1966 in
248 1922 340 1982 ipsa
363 1922 615 1965 infirmitate
631 1921 932 1980 agnoscendus
948 1933 1033 1979 est,
1053 1940 1144 1969 non
1156 1926 1340 1983 visione,
1374 1928 1450 1974 sed

63 1993 150 2037 fide
169 2010 180 2044 ;
204 2002 254 2037 ut
270 1992 391 2052 quod
399 1991 548 2036 videre
560 1991 758 2037 nondum
770 2008 998 2052 possumus
1009 2030 1019 2050 ,
1032 1994 1182 2040 saltem
1197 1997 1422 2044 credamus
1434 2035 1445 2056 ‚

64 2074 108 2109 et
128 2064 346 2110 credendo
367 2064 489 2125 quod
513 2080 602 2109 non
624 2064 848 2121 videmus,
874 2066 1004 2110 etiam
1021 2067 1168 2112 videre
1184 2085 1444 2117 mereamur.

62 2135 218 2180 Merito
248 2144 531 2194 posteaquam
570 2135 826 2191 resurrexit,
866 2139 926 2180 ait
954 2138 1101 2183 Mariae
1141 2139 1440 2199 Magdalenae‚

65 2206 135 2250 cui
167 2204 369 2263 dignatus
401 2215 466 2250 est
493 2206 693 2265 primitus
722 2221 929 2266 apparere
953 2227 962 2252 :
992 2227 1010 2248 «
1035 2208 1134 2254 Noli
1152 2225 1222 2254 me
1244 2220 1444 2272 tangere,

68 2293 89 2318 »
123 2275 323 2320 nondum
353 2276 469 2320 enim
497 2276 669 2320 ascendi
696 2276 751 2321 ad
773 2281 988 2322 Patrem3.
1017 2297 1037 2320 ³>
1063 2280 1177 2334 Quid
1214 2291 1277 2327 est
1316 2284 1437 2329 hoc?

67 2344 201 2390 Paulo
218 2354 316 2405 post
333 2361 433 2390 eum
454 2346 654 2399 mulieres
665 2346 914 2405 tetigerunt.
932 2351 1042 2394 Nam
1061 2350 1290 2397 redeuntes
1313 2344 1336 2397 a
1357 2369 1436 2400 mo·

66 2423 293 2471 numento,
313 2415 486 2461 obviam
506 2416 590 2461 sibi
606 2417 772 2462 factum
797 2417 1086 2465 adoraverunt
1099 2422 1186 2477 ‘¹‚et
1205 2422 1336 2482 pedes
1353 2426 1445 2485 ejus

114 2518 124 2534 ¹
139 2512 238 2544 Rom.
260 2504 304 2554 ix,
323 2512 379 2553 32,
406 2516 440 2545 et
462 2524 474 2545 1
494 2514 582 2546 Pctr.
606 2524 643 2548 u,
665 2513 696 2546 8.
724 2531 766 2538 —
785 2521 798 2538 ²
824 2515 941 2558 Philip.
961 2527 998 2559 u,
1016 2516 1086 2551 6-8.
1107 2531 1150 2541 -ν-
1172 2517 1292 2554 ³Joan.
1313 2532 1366 2562 xx,
1389 2533 1441 2564 17.

70 2583 111 2589 —
127 2565 144 2596 4
166 2567 280 2600 Matth.
300 2578 419 2610 xxvm,
439 2579 472 2610 9.

1249 2633 1287 2672 5.
