1889 3285
418 232 471 271 38
854 241 889 270 s.
924 240 1155 271 Anausnm
1186 244 1368 272 Emscom

419 307 721 352 medicamenti
743 305 945 351 medicati
965 322 989 350 a
1014 306 1205 367 sapiente
1239 327 1247 353 :
1278 318 1328 352 ut
1343 310 1433 369 jam
1453 309 1499 352 in
1518 307 1617 352 luce
1639 306 1797 353 ambu-
1853 310 1856 323 '

414 379 532 433 lans,
565 388 608 422 et
630 378 825 422 exultans
845 377 961 422 dicas
991 396 999 423 :
1029 397 1049 420 «
1075 381 1183 432 Quae
1205 388 1319 424 retro
1342 380 1502 424 oblitus
1517 414 1528 434 ,
1559 379 1606 422 in
1627 392 1675 421 ea
1697 392 1798 438 quae
1854 389 1869 414 s

419 468 439 491 »
476 457 575 493 aute
596 458 697 492 sunt
719 457 917 493 extentus
932 451 962 492 1.
991 466 1011 488 ³)
1032 450 1130 493 Non
1151 449 1257 494 dixit
1276 469 1283 494 ε
1314 469 1334 491 «
1357 454 1462 503 Quae
1485 458 1600 493 retro
1617 447 1795 503 oblitus,
1854 459 1855 465 ¹

416 528 461 564 et
486 535 536 563 ex
557 520 842 579 praesentibus
875 517 1128 563 delectatus.
1157 537 1176 560 »
1203 522 1313 564 Cum
1338 520 1442 565 dicit
1468 539 1477 564 ε
1509 539 1530 562 «
1554 521 1662 572 Quae
1683 527 1799 563 retro
1856 513 1858 550 Ϊ

420 609 440 631 »
477 590 661 645 oblitus,
682 608 701 630 n
727 606 816 634 non
841 588 1061 634 obturavit
1083 604 1229 635 aurem
1253 588 1307 633 de
1328 589 1467 633 cauda
1496 605 1505 630 ε
1531 603 1632 633 cum
1659 587 1766 632 dicit
1786 606 1796 633 :
1855 582 1856 607 ³

419 679 439 702 n
476 664 528 705 In
544 676 593 704 ea
615 677 713 720 quae
730 669 829 704 ante
847 669 948 704 sunt
964 668 1159 703 extentus
1176 694 1187 714 ,
1212 678 1231 700 »
1256 659 1322 703 his
1339 669 1382 703 et
1402 658 1689 719 praesentibus
1711 673 1801 702 non
1854 689 1856 693 ·

420 731 676 786 obsurduit,
714 730 868 774 merito
902 729 1109 784 audiens,
1153 729 1307 774 merito
1344 730 1607 789 praedicans,
1646 728 1824 772 merito·
1855 763 1857 771 ,

416 801 582 845 exultat
611 800 759 858 lingua
781 801 893 860 ejus,
929 799 1169 859 praedicans
1195 800 1422 844 veritatem
1454 800 1500 843 in
1533 799 1630 843 luce
1660 813 1798 854 nova,
1856 802 1857 821 ³

415 872 610 931 deposita
630 880 774 915 vetere
796 871 958 915 tunica.
980 873 1037 915 Et
1064 869 1120 914 ad
1140 871 1224 914 hoc
1255 871 1370 914 enim
1396 870 1512 914 valet
1533 870 1689 914 astutia
1710 884 1801 912 ser·
1856 897 1857 906 η

416 941 572 1001 pentis,
597 942 653 985 ad
673 956 805 1001 quam
826 957 904 986 nos
926 940 1182 985 imitandam
1204 941 1414 985 Dominus
1437 941 1706 985 exhortatur.
1729 938 1804 984 Ait

418 1013 535 1057 enim
556 1032 564 1057 :
594 1032 614 1055 «
638 1015 787 1056 Estote
808 1013 936 1056 astuti
964 1012 1074 1056 sicut
1094 1016 1360 1071 serpentes2.
1384 1031 1404 1053 »
1432 1010 1547 1065 Quid
1564 1019 1653 1066 est,
1683 1029 1703 1052 «
1727 1012 1804 1057 As·
1874 1039 1875 1043 =

421 1102 442 1125 »
477 1085 560 1128 tuti
581 1085 692 1128 sicut
719 1085 966 1143 serpentes?
987 1102 1007 1124 >›
1027 1084 1148 1128 Offer
1165 1084 1309 1127 omnia
1327 1083 1524 1127 membra
1546 1091 1620 1126 tua
1644 1097 1804 1141 percu-

419 1155 570 1208 tienti,
605 1153 845 1198 dummodo
881 1163 1011 1214 caput
1039 1154 1259 1212 integrum
1286 1169 1441 1198 serves.
1471 1171 1492 1194 »
1523 1155 1668 1211 Caput
1697 1151 1800 1207 viri,
1856 1142 1859 1183 ἶ

421 1243 441 1265 »
477 1224 716 1268 Christusss.
745 1242 764 1265 »
789 1224 873 1268 Sed
891 1233 1037 1282 gravat
1053 1225 1173 1284 quasi
1192 1223 1364 1283 pondus
1385 1224 1490 1268 corii
1510 1221 1739 1283 *cujusdam
1762 1230 1804 1266 et
1856 1242 1860 1252 ·

415 1297 538 1356 quasi
559 1306 729 1342 senecta
746 1297 900 1340 veteris
917 1296 1118 1340 hominis.
1148 1295 1263 1340 Audi
1281 1295 1539 1354 Apostolum
1557 1294 1775 1338 dicentem
1792 1312 1800 1337 :

423 1386 443 1409 ι(
476 1370 693 1410 Exuentes
706 1382 781 1411 vos
795 1376 986 1411 veterem
999 1366 1239 1421 hominem,
1257 1374 1300 1408 et
1311 1364 1540 1408 induentes
1558 1364 1764 1408 novum⁴.
1779 1380 1801 1405 »
1860 1402 1862 1407 .

419 1440 476 1481 Et
503 1436 725 1497 quomodo
758 1453 896 1492 exuo,
923 1437 1065 1496 inquis
1083 1471 1093 1491 ,
1118 1445 1309 1480 veterem
1342 1435 1596 1479 hominem?
1631 1434 1806 1478 Imitare

420 1509 620 1552 astutiam
642 1508 866 1567 serpentis.
893 1508 1009 1561 Quid
1032 1509 1146 1552 enim
1179 1505 1282 1552 facit
1311 1521 1508 1565 serpens,
1544 1514 1595 1549 ut
1613 1513 1742 1548 exuat
1763 1519 1807 1548 se

418 1588 608 1622 veterem
631 1579 849 1622 tunicam?
870 1580 1071 1622 Com-ctat
1093 1594 1135 1621 se
1157 1593 1234 1636 per
1262 1577 1457 1621 foramen
1476 1584 1726 1633 angustum.
1750 1577 1808 1618 Et

419 1648 512 1703 ubi,
527 1648 686 1708 inquis,
702 1648 876 1692 invenio
892 1649 975 1691 hoc
994 1647 1190 1691 foramen
1209 1648 1468 1705 angustum?
1482 1636 1621 1689 Audi:
1642 1664 1662 1686 «
1678 1647 1808 1689 Arcta
1861 1674 1868 1705 't

423 1737 443 1759 »
479 1728 521 1762 et
543 1727 723 1777 angusta
746 1727 809 1762 cst
840 1717 907 1762 via
935 1733 1033 1777 quae
1055 1716 1177 1761 ducit
1205 1716 1260 1761 ad
1281 1718 1414 1760 vitam
1435 1751 1446 1770 ,
1480 1725 1523 1760 et
1557 1716 1686 1775 pauci
1706 1722 1809 1759 sunt
1860 1715 1869 1784 j

422 1808 442 1830 n
480 1789 555 1849 qui
574 1788 880 1846 ingrediuntur
900 1803 977 1846 per
1005 1790 1140 1832 eam5.
1169 1808 1185 1828 »
1213 1785 1488 1832 Reformidas
1511 1801 1628 1841 eam,
1654 1795 1697 1829 et
1717 1801 1808 1830 non

420 1859 482 1903 vis
503 1857 750 1913 ambulare,
781 1858 882 1917 quia
899 1858 1024 1916 pauci
1050 1859 1177 1901 sunt?
1204 1857 1269 1901 Ibi
1286 1856 1488 1916 ponenda
1519 1865 1582 1900 est
1603 1865 1725 1899 vetus
1741 1865 1809 1899 tu·
1860 1848 1869 1905 ‚²

420 1931 516 1973 nica
534 1964 544 1984 ,
566 1939 609 1972 et
623 1929 725 1973 alibi
749 1929 850 1987 poni
874 1945 962 1972 non
985 1937 1127 1987 potest
1148 1944 1155 1968 :
1183 1932 1271 1971 Aut
1293 1928 1326 1971 si
1347 1928 1410 1972 vis
1432 1936 1647 1972 vetustate
1668 1927 1808 1986 impe-
1860 1921 1869 1978 J

422 2000 525 2053 diri,
558 1999 752 2057 gravari,
783 1999 943 2058 premi,
981 1997 1072 2041 noli
1102 1998 1164 2041 ire
1196 2013 1274 2056 per
1303 2006 1545 2055 angustam.
1585 1996 1626 2040 Si
1662 2005 1808 2041 autem
1860 2003 1864 2053 ξ

422 2069 606 2127 gravaris
634 2077 846 2112 vetustate
863 2067 1051 2128 quadam
1069 2067 1233 2126 peccati
1252 2067 1337 2122 tui,
1365 2076 1407 2111 et
1424 2067 1656 2126 praeteritae
1674 2066 1775 2110 vitae
1793 2101 1805 2121 ,
1858 2081 1866 2095 ¹

421 2139 601 2183 transire
620 2155 709 2182 non
725 2148 861 2198 potes.
889 2158 907 2179 «
927 2139 1037 2191 Quia
1055 2153 1156 2196 ergo
1173 2153 1327 2197 corpus
1350 2136 1473 2197 quod
1493 2137 1805 2196 corrumpitur,

426 2229 446 2251 >›
481 2220 685 2269 aggravat
718 2211 931 2254 animam6
957 2228 965 2257 ;
998 2228 1018 2249 »
1057 2209 1125 2252 vei
1155 2208 1414 2268 cupiditates
1444 2208 1689 2268 corporales
1719 2223 1811 2252 non
1860 2203 1862 2227 ³

421 2289 647 2340 premant,
692 2279 760 2323 vel
806 2279 1165 2338 concupiscentiae
1214 2279 1352 2323 carnis
1396 2288 1626 2322 exuantur.
1684 2278 1810 2322 Unde

422 2361 661 2401 exuuntur,
689 2352 770 2395 nisi
797 2351 894 2395 ieris
916 2366 992 2409 per
1022 2359 1272 2407 angustam,
1303 2349 1385 2394 nisi
1414 2348 1545 2394 fueris
1570 2359 1739 2394 astutus
1760 2358 1810 2393 ut

426 2436 601 2480 serpens
615 2422 633 2465 Ξ)

472 2525 480 2540 ¹
503 2517 615 2559 Philip.
634 2529 684 2558 111,
708 2517 755 2548 13.
778 2534 820 2539 —-
840 2523 852 2538 ²
868 2516 980 2548 Matth.
1001 2528 1033 2555 x,
1057 2516 1106 2548 16.
1129 2533 1170 2539 --
1188 2514 1200 2539 3
1229 2528 1240 2547 1
1263 2518 1334 2549 Cor.
1362 2528 1408 2556 xi,
1429 2517 1459 2548 3.
1479 2514 1548 2543 —4
1568 2515 1692 2548 Coloss.
1711 2526 1757 2556 ιιι,
1773 2526 1807 2557 9.

426 2590 465 2595 —
485 2571 498 2594 5
521 2571 633 2603 Matth.
657 2583 712 2611 vn,
736 2571 850 2613 ι;ἱ.;’;-
868 2569 882 2589 6
905 2574 978 2612 Sap.
1004 2583 1049 2611 1x,
1074 2570 1124 2602 15.

1856 2953 1865 3285 ——.-—-—-—-—
1857 2923 1860 2947 -
1856 2645 1862 2918 wm-
1857 2487 1863 2623 w——.-.---
1857 2406 1862 2476 -—-
