1889 3285
375 253 615 283 amanum
647 257 691 283 IN
725 255 926 284 PsALMUM
958 256 1094 284 Lxxnr.
1338 247 1419 287 445

42 320 234 375 sierunt‚
265 317 465 380 inquam,
496 329 631 364 metas
663 321 842 365 humani
874 322 1053 380 generis.
1091 321 1277 375 Quando
1318 323 1425 367 dicis

42 389 120 434 tali
140 389 330 445 homini,
357 388 490 434 frater
512 399 613 434 tuus
637 400 701 435 est
721 392 801 435 iste
822 406 1008 451 pauper,
1033 391 1205 435 eosdem
1226 403 1425 452 parentes

41 460 274 516 habuistis,
299 459 438 504 Adam
453 469 496 505 et
512 464 646 506 Evam
667 481 676 506 :
695 462 785 506 noli
808 461 1032 506 attendere
1047 471 1259 507 tumorem
1276 472 1419 519 tuum,

42 529 133 574 noli
149 529 372 574 attendere
394 531 582 591 typhum
604 532 651 575 in
671 547 802 592 quem
823 530 961 576 elatus
982 547 1049 588 es;
1073 532 1152 575 etsi
1174 541 1218 576 te
1243 533 1426 578 circum-

41 610 127 646 stat
158 599 344 656 familia‚
374 602 451 646 etsi
479 618 759 648 numerosum
791 618 947 647 aurum
982 611 1026 647 et
1063 612 1316 662 argentum,
1349 604 1428 648 etsi

42 670 197 716 domus
215 681 473 716 marmorata
488 672 683 717 continet
695 708 706 729 ‚
725 674 802 718 etsi
823 682 934 718 tecta
946 672 1146 734 laqueata
1163 682 1425 732 contegunt,

41 741 170 786 simul
191 751 234 787 te
256 751 300 786 et
311 757 548 802 pauperem
566 744 758 803 contegit
777 753 944 789 tectum
966 744 1121 788 mundi
1137 743 1324 802 coelum3
1352 743 1429 788 sed

42 810 235 857 diversus
257 827 301 856 es
323 828 346 856 a
369 828 559 872 paupere
590 814 720 858 rebus
751 830 843 859 non
864 815 974 871 tuis,
998 814 1261 859 extrinsecus
1293 829 1431 874 appo-

41 883 132 928 sitis
156 902 165 928 :
191 892 234 928 te
261 884 307 928 in
327 882 411 928 illis
438 884 538 928 vide
555 919 566 939 ‚
592 900 682 929 non
709 884 802 929 illas
824 885 871 930 in
892 895 949 930 te.
982 884 1172 930 Attende
1198 894 1240 930 te
1259 885 1426 945 ipsum,

41 953 119 1014 qui
153 954 209 998 sis
244 953 299 998 ad
331 969 592 1014 pauperem3
620 964 659 999 te
683 955 851 1015 ipsum,
876 971 967 1000 non
988 954 1108 1017 quod
1135 955 1284 999 habes.
1317 955 1431 1008 Quid

43 1025 157 1069 enim
182 1024 364 1085 despicis
397 1024 601 1070 fratrem?
631 1029 683 1070 In
713 1026 949 1071 visceribus
978 1036 1168 1070 matrum
1189 1035 1429 1070 vestrarum

43 1095 173 1140 ambo
194 1094 303 1139 nudi
323 1093 479 1140 fuistis.
505 1098 632 1141 Certe
655 1097 784 1140 etiam
813 1112 914 1141 cum
936 1095 991 1140 de
1012 1097 1092 1141 ista
1113 1096 1200 1140 vita
1223 1096 1428 1151 exieritis,

44 1173 88 1209 et
108 1165 200 1209 istae
221 1181 369 1209 carnes
392 1165 588 1209 exhalata
612 1166 753 1210 anima
771 1164 934 1210 fuerint
951 1165 1206 1225 putrefactae
1220 1201 1230 1221 ,
1252 1165 1431 1225 dignos-

43 1244 200 1279 cantur
231 1251 323 1280 ossa
359 1235 502 1280 divitis
542 1245 585 1280 et
625 1237 840 1295 pauperis.
882 1239 944 1280 De
986 1235 1236 1280 conditione
1274 1235 1432 1296 loquor

43 1305 223 1366 aequali,
249 1307 304 1351 de
326 1307 417 1366 ipsa
438 1316 551 1351 sorte
575 1307 739 1365 generis
761 1307 964 1362 humani,
989 1307 1034 1350 in
1055 1323 1141 1367 qua
1164 1322 1311 1351 omnes
1334 1323 1433 1352 nas-

41 1387 202 1422 cuntur
236 1397 244 1422 :
273 1386 317 1422 et
352 1377 470 1422 dives
505 1393 604 1421 cum
635 1377 704 1421 hic
739 1378 812 1432 sit,
851 1387 893 1422 et
932 1393 1096 1437 pauper
1137 1394 1225 1423 non
1262 1394 1431 1438 semper

42 1448 114 1493 hic
130 1448 239 1492 erit:
258 1457 301 1492 et
320 1449 432 1492 sicut
457 1448 574 1492 dives
592 1463 681 1492 non
702 1448 820 1491 venit
843 1448 983 1502 dives,
1003 1448 1062 1491 sic
1086 1463 1166 1492 nec
1190 1448 1308 1492 dives
1331 1450 1432 1493 abs-

43 1518 180 1576 cedit3
217 1518 335 1562 idem
368 1518 459 1577 ipse
487 1527 549 1562 est
583 1518 808 1577 utriusque
837 1518 1062 1571 introitus,
1091 1527 1135 1561 et
1167 1533 1246 1576 par
1277 1519 1430 1564 exitus.

43 1588 172 1633 Addo
189 1587 310 1649 quod
324 1587 435 1632 forte
451 1588 678 1632 mutabitis
699 1589 828 1632 vices.
849 1590 873 1631 J
877 1603 947 1631 am
964 1588 1128 1647 ubique
1145 1588 1434 1647 Evangelium

43 1658 331 1718 praedicatur:
350 1658 526 1703 attende
552 1658 787 1718 quemdam
811 1673 1049 1717 pauperem
1068 1657 1311 1702 ulcerosum
1325 1694 1335 1713 ‚
1357 1660 1434 1719 qui

40 1728 215 1789 jacebat
236 1739 335 1772 ante
348 1730 528 1788 januam
551 1727 715 1780 divitis,
740 1736 784 1771 et
797 1727 1000 1786 cupiebat
1020 1728 1201 1770 saturari
1213 1727 1267 1771 de
1289 1729 1431 1784 micis,

46 1815 145 1859 quae
173 1797 388 1843 cadebant
423 1797 477 1841 de
498 1813 644 1848 mensa
667 1796 836 1854 divitis3
867 1796 1042 1841 attende
1074 1806 1116 1840 et
1137 1795 1260 1840 illum
1285 1813 1434 1856 parem

47 1878 196 1924 tuum,
221 1869 298 1930 qui
327 1868 594 1913 induebatur
626 1883 819 1927 purpura
849 1877 892 1911 et
919 1867 1071 1924 bysso,
1105 1876 1148 1911 et
1175 1867 1434 1926 epulabatur

47 1939 242 2000 quotidie
270 1938 512 1998 splendide.
539 1938 731 1996 Contigit
760 1952 917 1996 nempe
942 1936 1052 1981 mori
1074 1937 1250 1996 inopem
1284 1937 1431 1994 illum,

47 2018 91 2053 et
113 2008 272 2053 auferri
294 2008 350 2053 ab
368 2007 541 2066 Angelis
562 2008 606 2051 in
630 2008 772 2052 sinum
801 2007 988 2052 Abrahae
1012 2023 1021 2048 ε
1048 2006 1121 2051 ille
1147 2016 1291 2051 autem
1313 2024 1433 2053 mor-

47 2088 149 2125 tuus
171 2089 235 2125 est
251 2089 294 2124 et
305 2079 498 2139 sepultus
516 2087 580 2122 est
595 2097 604 2123 ε
619 2080 744 2136 (nam
759 2077 875 2122 illius
892 2077 1006 2122 forte
1020 2077 1287 2137 sepulturam
1305 2094 1433 2124 nemo

48 2151 216 2195 curavit
234 2170 243 2195 :
264 2152 338 2208 >et
359 2165 458 2194 cum
475 2147 593 2208 apud
607 2148 766 2192 inferos
784 2147 856 2191 ille
874 2147 991 2192 dives
1008 2148 1053 2191 in
1070 2149 1292 2193 tormentis
1306 2158 1429 2204 esset,

49 2236 196 2265 nonne
226 2219 411 2264 elevavit
441 2218 589 2264 oculos
623 2233 746 2273 suos,
786 2227 829 2261 et
859 2217 968 2262 vidit
1002 2217 1048 2261 in
1073 2218 1242 2263 infinito
1274 2219 1433 2277 gaudio

50 2305 150 2334 eum
185 2305 317 2350 quem
352 2289 610 2348 contempsit
637 2297 736 2331 ante
756 2289 935 2348 januam
972 2303 1115 2342 suam,
1147 2297 1190 2331 et
1221 2287 1275 2332 de
1297 2288 1433 2347 digito

51 2362 141 2421 ejus
159 2360 456 2421 aquae-stillam
490 2359 767 2412 desideravit,
802 2359 878 2419 qui
901 2358 954 2402 de
982 2375 1129 2403 mensa
1151 2360 1241 2419 ejus
1273 2359 1433 2404 caden-

51 2439 115 2474 tes
128 2431 258 2474 micas
275 2429 617 2474 desideraverat?
634 2432 804 2472 Fratres
815 2464 826 2483 ‚
847 2428 970 2472 labor
992 2428 1065 2472 ille
1081 2429 1281 2488 pauperis
1296 2445 1432 2489 quan-

53 2509 122 2544 tus
142 2499 252 2544 fuit?
285 2499 458 2545 Deliciae
485 2499 570 2543 illae
592 2499 735 2543 divitis
762 2514 894 2559 quam
914 2498 1056 2557 longae
1078 2498 1282 2543 fuerunt?
1304 2498 1434 2552 Quod

55 2580 197 2615 autem
231 2579 531 2624 mutaverunt,
564 2578 822 2629 perpetuum
845 2578 921 2614 est.
950 2569 1070 2614 Illius
1100 2585 1201 2628 ergo
1220 2570 1322 2628 quia
1344 2585 1431 2614 non

18 2643 25 2740 ι

21 2742 26 2915 l
