1889 3285
423 224 477 263 94
862 232 896 261 s.
932 232 1162 261 AUGUSTINI
1193 233 1376 260 EPISCOPI

417 299 850 345 commemoravimus
866 334 878 355 ,
910 297 1116 342 debellati
1143 306 1265 353 sunt,
1300 313 1401 341 eum
1429 295 1594 356 aliquid
1616 311 1798 341 succen-

419 370 529 415 disse
551 385 641 414 non
661 369 856 427 legimus.
896 369 977 412 Hic
1009 377 1155 411 autem
1180 367 1365 417 maxime
1386 368 1469 411 hoc
1492 367 1681 426 positum
1706 375 1796 422 est,

417 439 536 501 quod
559 439 621 484 ibi
642 456 732 484 non
753 449 816 483 θεῖ
836 440 1061 498 scriptum,
1075 438 1178 498 quia
1201 436 1427 482 succendit
1442 437 1799 496 Mesopotamiam

419 511 553 568 Syriae
569 545 579 565 ‚
600 519 648 554 et
671 510 838 568 Syriam
865 508 1009 554 Sobal.
1042 511 1139 551 Jam
1162 520 1263 565 ergo·
1278 508 1535 566 incipiamus
1558 506 1801 551 secundum

416 595 562 624 rerum
585 580 831 624 futurarum
854 578 1186 637 significationes
1208 577 1290 621 ista
1323 576 1539 621 discutere
1556 612 1566 632 ‚
1591 586 1636 621 et
1655 577 1801 637 opaci,-

414 659 550 694 tatem
570 650 824 694 umbrarum
848 651 894 693 in
909 649 1052 692 lucem
1070 648 1191 695 verbi
1212 663 1431 692 revocare.

475 735 534 776 II.
563 735 661 775 «‚In
682 733 837 787 finem,
865 730 1014 790 »quid
1047 729 1101 773 sit
1129 730 1262 773 nostis
1298 748 1306 773 :
1335 747 1357 771 «
1381 728 1501 773 Finis
1528 728 1644 772 enim
1677 729 1801 786 Legis
1854 749 1857 774 e

416 821 438 844 υ
473 803 669 847 Christus
687 805 791 846 est¹.
820 820 840 843 »
867 804 952 845 Eos
974 802 1049 860 qui
1066 800 1355 844 immutantur
1377 800 1526 844 nostis.
1551 799 1635 852 Qui
1660 799 1798 854 enim,
1855 838 1857 840 ,

412 872 495 915 nisi
520 873 595 932 qui
616 888 638 916 a
665 872 802 916 veteri
823 871 910 915 vita
935 871 982 914 in
1004 885 1161 914 novam
1179 871 1438 914 transeunt?
1460 869 1588 913 Absit
1607 869 1724 913 enim
1750 878 1801 913 ut
1854 927 1856 930 ·

412 942 484 986 hic
505 942 723 1002 culpanda
760 941 1006 985 immutatio
1028 939 1311 998 intelligatur.
1338 941 1434 984 Non
1466 938 1689 998 quomodo
1717 939 1800 982 im·
1854 943 1857 998 ζ

411 1021 606 1056 mutatus
643 1021 708 1056 θεῖ
728 1011 867 1056 Adam
896 1027 919 1055 a
935 1011 1102 1070 justitia
1124 1010 1180 1053 ad
1205 1009 1505 1068 iniquitatem,
1527 1017 1570 1052 et
1592 1024 1616 1052 a
1637 1007 1800 1053 deliciis

413 1081 469 1126 ad
489 1083 681 1127 laborem
695 1086 712 1110 ²
732 1102 741 1127 ε
768 1082 843 1127 sed
859 1080 1082 1143 quomodo
1103 1089 1330 1124 mutantur
1352 1078 1431 1134 issi,
1453 1080 1616 1140 quibus
1633 1079 1801 1123 dictum
1854 1103 1855 1106 =

412 1161 477 1196 est
511 1172 519 1197 :
547 1173 568 1195 «
597 1153 755 1197 Fuistis
777 1153 891 1196 enim
915 1149 1151 1211 aliquando
1172 1151 1365 1193 tenebrae
1383 1184 1393 1204 ‚
1420 1165 1540 1194 nunc
1560 1159 1705 1194 autem
1725 1149 1800 1193 lux
1854 1157 1856 1171 '

413 1240 435 1264 »
470 1222 516 1265 in
538 1222 770 1266 Dominoss.
799 1240 819 1263 »
854 1225 1149 1265 Immutantur
1176 1229 1322 1264 autem
1360 1219 1431 1264 isti
1462 1240 1482 1263 «
1507 1223 1558 1265 In
1587 1219 1703 1264 tituli
1733 1220 1802 1263 in·-

414 1311 436 1334 >›
471 1293 765 1352 scriptionem.
793 1310 813 1333 »
846 1292 987 1336 Nostis
1009 1290 1126 1335 tituli
1153 1290 1486 1350 inscriptionem
1509 1310 1517 1335 :
1545 1289 1713 1334 Titulus
1732 1290 1801 1334 in-

409 1362 520 1406 fixus
547 1371 611 1406 est
644 1377 774 1421 super
802 1376 978 1405 crucem
1014 1360 1184 1405 Domini
1214 1360 1402 1420 scriptus
1420 1397 1431 1416 ,
1470 1380 1490 1403 ι(
1524 1361 1605 1405 Hic
1634 1370 1698 1404 est
1725 1375 1800 1404 rex

410 1450 434 1473 ³)
469 1431 783 1477 Judaeorum4:
813 1450 833 1472 ³)
861 1440 1087 1474 mutantur
1107 1430 1154 1473 in
1182 1430 1313 1489 hujus
1334 1431 1454 1476 tituli
1474 1431 1799 1490 inscriptionem

399 1503 487 1563 qui
518 1504 564 1547 in
599 1517 784 1562 regnum
815 1502 974 1547 Christi
1010 1510 1234 1546 transeunt
1271 1517 1295 1546 a
1318 1518 1454 1560 regno
1476 1501 1655 1546 diaboli.
1683 1504 1800 1545 Bene

402 1582 637 1618 ‘mutantur
653 1574 699 1617 in
716 1575 845 1633 hujus
870 1572 983 1616 tituli
1004 1573 1346 1631 inscriptionem.
1372 1576 1601 1617 Mutantur
1623 1581 1796 1627 autem,
1852 1585 1855 1595 ⁴

408 1643 523 1688 sicut
556 1644 751 1704 sequitur
771 1678 782 1699 ‚
812 1662 832 1685 «
859 1646 912 1686 In
945 1641 1205 1686 doctrinam.
1242 1660 1262 1683 ³)
1299 1645 1413 1687 Cum
1443 1643 1560 1686 enim
1581 1641 1795 1686 dixisset:

411 1732 434 1756 «
469 1717 554 1759 Pro
586 1715 652 1758 his
683 1714 759 1774 qui
784 1712 1140 1756 immutabuntur
1171 1713 1217 1755 in
1239 1712 1355 1755 tituli
1387 1712 1745 1771 inscriptionem:
1773 1729 1793 1752 »

408 1783 605 1840 addidit,
630 1805 651 1827 «
681 1785 768 1844 Ipsi
790 1782 923 1828 David
952 1783 997 1827 in
1021 1783 1263 1827 doctrinam
1286 1802 1295 1827 ε
1330 1801 1350 1824 »
1375 1782 1422 1826 id
1449 1793 1539 1838 est,
1569 1792 1798 1827 mutantur

406 1871 498 1900 non
517 1857 600 1901 sibi
619 1891 629 1911 ‚
656 1855 732 1900 sed
751 1856 833 1914 ipsi
856 1854 995 1899 David
1010 1890 1020 1906 ‚
1041 1864 1084 1898 et
1105 1863 1331 1898 mutantur
1350 1854 1399 1898 in
1421 1853 1679 1899 doctrina-m.
1700 1857 1798 1899 Non

407 1927 527 1972 enim
557 1928 617 1971 ita
657 1942 730 1970 rex
761 1925 982 1980 Christus,
1023 1926 1146 1985 quasi
1178 1925 1337 1969 saeculo
1367 1935 1624 1983 regnaturus
1649 1946 1660 1983 3
1696 1940 1797 1969 cum

410 2007 557 2057 aperte
574 1996 747 2041 dixerit:
767 1999 1000 2054 «Regnum
1017 2010 1165 2039 meum
1186 2011 1277 2039 non
1296 2006 1363 2040 cst
1379 1996 1435 2039 de
1454 1997 1538 2040 hoc
1554 1996 1793 2040 mund05.»

410 2071 528 2126 Ergo
549 2068 594 2110 in
618 2068 707 2126 ejus
729 2065 972 2110 doctrinam
989 2074 1259 2109 transeamus
1278 2101 1288 2120 ,
1315 2066 1350 2110 si
1370 2065 1573 2110 volumus
1593 2066 1640 2108 in
1667 2080 1797 2110 cons·
1851 2073 1854 2093 ²

410 2138 668 2197 criptionem
690 2136 805 2181 tituli
823 2135 1079 2180 commutari
1097 2170 1108 2191 ,
1133 2151 1222 2179 non
1247 2137 1374 2180 nobis
1395 2172 1405 2193 ‚
1430 2135 1506 2181 sed
1527 2136 1608 2195 ipsi
1628 2135 1764 2179 David
1784 2154 1794 2179 ;

409 2217 460 2252 ut
491 2208 568 2267 qui
588 2207 742 2251 vivunt
757 2242 767 2262 ,
790 2208 878 2267 jam
901 2222 991 2250 non
1013 2206 1094 2250 sibi
1124 2205 1300 2262 vivant,
1327 2206 1403 2250 sed
1433 2207 1471 2250 ei
1493 2207 1569 2266 qui
1594 2221 1673 2265 pro
1694 2205 1796 2265 ipsis

406 2287 608 2322 mortuus
645 2286 707 2321 est
739 2287 781 2321 et
815 2276 1044 2320 resurrexit
1070 2277 1101 2318 ⁶.
1141 2275 1330 2328 Quando
1369 2291 1470 2334 ergo
1500 2292 1585 2320 ‘nos
1606 2284 1797 2320 mutaret
1851 2318 1853 2326 ,

394 2349 605 2394 ‘Christus
622 2384 632 2404 ‚
657 2349 739 2392 nisi
760 2348 932 2392 fecisset
953 2347 1075 2408 quod
1097 2344 1206 2390 dixit
1231 2364 1239 2388 :
1271 2366 1292 2388 «
1328 2350 1483 2405 Ignem
1503 2346 1603 2391 veni
1624 2346 1795 2390 mittere

457 2465 467 2481 ¹
495 2462 587 2491 Rom.
617 2470 649 2500 x,
679 2456 711 2499 4.
744 2475 786 2480 —
818 2464 831 2481 ²
850 2460 930 2491 Gen.
954 2470 991 2489 111
1007 2482 1016 2498 ‚
1034 2456 1056 2488 G
1074 2460 1107 2488 et
1140 2466 1252 2497 15.—-
1283 2454 1296 2478 3
1317 2455 1434 2498 Ephcs.
1455 2467 1494 2496 v,
1514 2456 1545 2487 S.
1567 2472 1609 2477 --
1631 2453 1654 2484 ’4
1679 2452 1793 2487 Ma'uh.
1849 2445 1853 2516 ξ

402 2523 506 2555 xxvii,
528 2513 582 2556 37,
602 2517 635 2546 et
647 2515 739 2547 Joan.
758 2525 824 2554 xm,
844 2525 895 2555 ¹9·
909 2529 947 2535 —-
962 2510 976 2535 5
995 2513 1084 2544 Joan.
1106 2521 1192 2551 xviii,
1213 2509 1265 2542 36.
1287 2527 1326 2533 —-
1344 2508 1360 2532 ⁶
1379 2519 1399 2544 2
1421 2512 1494 2543 Cor.
1511 2520 1544 2551 v,
1566 2512 1617 2541 15.
