1889 3285
401 192 483 232 480
823 199 856 227 5.
893 200 978 228 Aue.
988 203 1125 229 usum
1160 203 1342 230 Emscom

397 277 475 312 est.
497 286 513 307 «
536 269 746 311 AEstatem
769 275 812 310 et
833 280 907 309 ver
926 275 974 310 tu
992 265 1131 310 fecisti
1153 282 1216 311 ea.
1235 285 1255 308 »
1281 269 1376 313 Non
1403 266 1642 326 glorientur
1663 270 1785 328 quasi

397 354 488 383 non
503 337 752 396 acceperint
775 356 784 381 ε
807 355 827 378 «
850 340 915 382 Tu
936 337 1077 385 fecisti
1094 352 1158 381 ea.
1184 355 1205 378 »

457 411 579 453 XXI.
604 427 625 451 «
649 412 818 455 Memor
834 418 925 453 esto
948 409 1076 468 hujus
1100 418 1309 453 creaturae
1335 418 1435 453 tuae.
1463 427 1483 450 »
1514 410 1648 469 Cujus
1665 423 1787 455 crea·-

398 489 507 524 turae
521 481 634 523 tuae‘?
651 480 891 524 «Inimicus
907 479 1182 539 exprobravit
1199 479 1385 524 Domino
1396 482 1455 523 ¹.»
1468 481 1676 540 OAsaph,
1687 480 1788 525 dole

398 551 444 594 in
464 549 691 594 intellectu
721 550 944 610 pristinam
977 550 1216 594 caecitatem
1239 559 1359 593 tuam
1386 569 1393 594 :
1424 569 1444 592 «
1476 551 1684 606 Inimicus
1712 566 1788 595 ex-

400 638 422 662 »
455 620 680 680 probravit
700 621 928 665 Domino.»
959 620 1134 665 Dictum
1156 629 1220 665 est
1250 620 1423 665 Christo
1451 620 1496 664 in
1530 629 1657 678 gente
1679 636 1783 667 suat

401 710 421 733 «
456 694 662 735 Peccator
684 700 748 735 est
769 691 873 748 iste,
902 706 993 735 non
1021 692 1222 736 novimus
1243 690 1362 736 unde
1383 691 1436 735 sit
1457 710 1464 735 :
1486 706 1564 735 nos
1587 691 1789 736 novimus

402 780 422 803 »
456 765 667 820 Moysen,
697 761 761 805 illi
782 761 956 807 locutus
978 772 1041 807 est
1063 765 1202 821 Deus3
1239 762 1318 806 iste
1357 762 1651 807 Samaritanus
1682 766 1785 807 est2.

401 851 422 875 »
459 834 665 879 Inimicus
695 834 970 894 exprobravit
1000 835 1181 879 Domino
1210 853 1219 878 ε
1253 826 1300 878 etv
1318 834 1507 894 populus
1535 833 1790 894 imprudens

401 922 422 946 »
458 905 730 949 exacerbavit
760 920 922 949 nomen
946 914 1089 949 tuum.
1116 924 1136 947 »
1174 905 1368 965 Populus
1402 904 1655 964 imprudens
1684 914 1790 949 tunc

399 977 544 1036 Asaph
560 1011 571 1032 ‚
596 975 673 1021 sed
694 992 784 1021 non
804 976 1051 1021 intellectus
1080 978 1222 1037 Asaph
1254 986 1375 1021 tunc.
1408 976 1525 1029 Quid
1558 976 1719 1022 dicitur
1743 976 1790 1020 in

399 1047 618 1106 superiore
641 1046 844 1092 Psalmo?
872 1067 891 1089 «
916 1048 1044 1100 Quasi
1061 1063 1194 1107 pecus
1214 1047 1352 1091 factus
1376 1063 1472 1091 sum
1492 1046 1548 1090 ad
1569 1055 1628 1103 te,
1654 1056 1697 1091 et
1710 1061 1789 1105 ego

402 1135 422 1157 »
458 1133 627 1176 semper
645 1127 788 1161 tecum
816 1138 824 1162 :
848 1137 867 1159 n
887 1119 988 1179 quia
1007 1119 1156 1163 noniit
1171 1117 1224 1162 ad
1243 1117 1346 1162 deos
1364 1127 1407 1161 et
1427 1116 1545 1161 idola
1563 1118 1784 1162 Gentium.

399 1187 490 1230 Etsi
513 1203 602 1231 non
623 1188 825 1245 cognovit
853 1197 903 1231 ut
932 1204 1090 1248 pecus,
1120 1198 1264 1232 tamen
1292 1188 1544 1247 recognovit
1565 1197 1616 1232 ut
1636 1189 1784 1232 homo.

399 1258 512 1301 Dixit
534 1258 652 1302 enim
683 1277 691 1302 :
721 1260 898 1317 Semper
920 1267 1065 1302 tecum
1098 1259 1220 1318 quasi
1250 1274 1382 1318 pecus
1410 1268 1482 1303 :et
1505 1258 1612 1318 quid
1641 1268 1789 1318 postea

397 1328 458 1372 ibi
480 1329 525 1372 in
541 1330 634 1388 ipso
652 1328 840 1384 Psalmo,
868 1329 944 1373 ubi
966 1330 1136 1389 Asaph?
1158 1349 1178 1371 «
1201 1330 1393 1374 Tenuisti
1407 1345 1585 1374 manum
1600 1329 1787 1374 dexterae

402 1417 421 1440 n
456 1415 581 1455 meae,
608 1400 652 1443 in
673 1399 899 1444 voluntate
922 1409 997 1444 tua
1027 1400 1241 1444 deduxisti
1268 1417 1353 1457 me,
1374 1410 1417 1445 ct
1440 1416 1540 1445 cum
1560 1401 1694 1459 gloria
1719 1417 1787 1445 as-

403 1489 422 1512 »
457 1471 674 1530 sumpsisti
696 1474 807 1515 me3.
834 1475 885 1515 In
906 1471 1133 1516 voluntate
1156 1481 1274 1527 tuam
1302 1488 1391 1516 non
1413 1472 1457 1515 in
1477 1473 1641 1532 justitia
1657 1488 1753 1517 mea
1774 1492 1784 1517 ι

396 1542 514 1586 dono
534 1552 623 1597 tuo,
649 1558 739 1586 non
761 1558 890 1601 opere
914 1558 1024 1586 meo.
1048 1545 1164 1601 Ergo
1182 1552 1224 1586 et
1246 1543 1332 1597 hic,
1358 1562 1377 1585 «
1403 1543 1608 1587 Inimicus
1631 1559 1787 1603 expro-

400 1631 420 1653 »
457 1613 598 1657 bravit
617 1613 805 1657 Domino
833 1632 840 1656 :
864 1621 909 1656 et
930 1611 1118 1672 populus
1144 1614 1398 1672 imprudens
1416 1614 1687 1659 exacerbavit
1703 1630 1787 1659 no-

400 1702 420 1724 »
455 1698 557 1727 men
575 1692 717 1726 tuum.
746 1700 766 1723 »
789 1684 950 1726 Omnes
972 1698 1075 1742 crgo
1103 1683 1355 1742 perierunt?
1377 1684 1518 1728 Absit.
1540 1685 1633 1728 Etsi
1655 1684 1788 1745 aliqui

398 1769 449 1797 ex
476 1754 603 1798 ramis
627 1752 751 1798 fracti
781 1763 898 1808 sunt,
930 1762 1110 1798 manent
1126 1763 1273 1798 tamen
1296 1754 1445 1814 aliqui,
1471 1770 1559 1814 quo
1575 1755 1786 1799 inserere-

397 1834 469 1868 tur
492 1824 716 1878 oleaster⁴‚
742 1833 784 1868 et
806 1823 927 1868 radix
949 1833 1113 1879 manet,
1139 1833 1182 1868 et
1214 1840 1265 1868 ex
1301 1824 1402 1884 ipsis
1438 1826 1569 1876 ramis
1609 1841 1687 1885 per
1715 1826 1786 1870 in-

397 1895 651 1939 fidelitatem
683 1894 828 1939 fractis
849 1896 1037 1939 revocati
1070 1904 1172 1939 sunt
1205 1894 1384 1955 quidam
1405 1911 1481 1955 per
1503 1895 1650 1950 fldem.
1675 1899 1786 1942 Nam

397 1975 440 2010 et
460 1966 550 2025 ipse
573 1965 792 2025 apostolus
814 1964 972 2009 Paulus
999 1980 1076 2025 per
1097 1964 1398 2009 infidelitatem
1423 1964 1584 2010 fractus
1611 1975 1718 2021 erat,
1743 1974 1787 2011 et

397 2052 475 2096 per
492 2037 624 2080 fidem
641 2034 774 2080 radici
794 2036 1017 2080 restitutus
1035 2044 1111 2079 est.
1140 2038 1205 2079 Ita
1228 2034 1358 2094 plane
1375 2054 1394 2076 «
1412 2034 1604 2094 Populus
1622 2036 1786 2096 impru-

399 2126 420 2149 »
456 2107 561 2152 dens
580 2107 857 2152 exacerbavit*
872 2122 1033 2151 nomen
1054 2115 1206 2161 tuum,
1235 2123 1255 2147 »
1292 2105 1469 2166 quando
1502 2105 1667 2151 dictum
1701 2116 1781 2164 est,

400 2196 420 2218 »
459 2178 501 2222 Si
523 2177 658 2221 Filius
675 2177 751 2222 Dei
768 2186 847 2232 est,
872 2175 1105 2221 descendat
1127 2177 1182 2220 de
1203 2192 1332 2221 cruce
1347 2179 1377 2220 ⁵.
1406 2195 1425 2218 »

454 2249 601 2292 XXII.
624 2247 708 2293 Sed
728 2247 836 2307 quid
857 2257 922 2303 tu,
948 2247 1108 2307 Asaph,
1131 2248 1220 2307 jam
1236 2247 1282 2291 in
1303 2247 1553 2292 intellectu?
1581 2249 1677 2293 «Ne
1694 2256 1784 2293 tra-

402 2341 419 2361 »
455 2319 614 2364 dideris
648 2320 794 2364 bestiis
828 2320 1015 2364 animam
1042 2319 1324 2363 confitentem
1353 2319 1478 2363 tibiss.
1509 2338 1528 2360 υ
1562 2322 1780 2379 Agnosco,

395 2391 539 2451 inquit
561 2391 705 2450 Asaph
728 2409 736 2435 z
758 2390 859 2451 quia
875 2425 886 2446 ,
912 2391 1023 2435 sicut
1042 2390 1085 2433 in
1110 2390 1193 2434 alio
1216 2390 1387 2435 Psalmo
1409 2390 1570 2435 dicitur
1591 2409 1600 2436 ε
1630 2410 1650 2433 «
1672 2394 1780 2436 Pec-

443 2495 452 2512 1
474 2489 554 2520 Psal.
572 2499 684 2529 Lxxni,
718 2487 768 2520 18.
791 2504 832 2510 -—-
857 2495 869 2510 ²
889 2490 981 2520 Joan.
1002 2499 1045 2529 ix,
1076 2486 1132 2529 24,
1151 2489 1205 2529 29,
1227 2491 1259 2519 ct
1289 2499 1356 2527 vm,
1377 2486 1432 2529 48.
1464 2504 1505 2509 --
1538 2485 1551 2509 3
1579 2487 1659 2520 Psal.
1681 2498 1779 2530 Lxxu,

398 2545 452 2585 23,
471 2544 524 2585 24‘.
545 2561 586 2566 —-
601 2542 616 2573 4
632 2545 720 2576 Rom.
739 2555 781 2584 xi,
808 2554 915 2585 17—-
933 2541 948 2565 ⁵
962 2543 1076 2575 Matth.
1095 2554 1199 2585 xxvn,
1223 2543 1276 2584 40.
1296 2561 1337 2566 -
1356 2541 1371 2566 G
1387 2542 1468 2575 Psal.
1491 2554 1602 2586 Lxxnl,
1626 2555 1675 2585 ¹9·
