1889 3285
429 218 514 259 350
861 225 896 254 s.
931 224 1165 256 Ancusnm
1197 228 1381 257 Enscom

430 314 451 336 »
484 294 678 338 civitates
700 295 725 338 J
730 291 869 337 udaeae
887 294 919 336 ¹.
939 310 961 334 »
990 296 1102 352 Ipsae
1121 303 1224 338 sunt
1244 292 1465 339 Ecclesiae.
1499 295 1638 340 Nemo
1664 293 1780 338 dicat
1799 313 1812 339 2
1848 338 1852 348 ,

425 363 612 417 Quando
627 364 709 407 erit
729 362 846 407 istud
859 371 911 407 ut
921 361 1194 409 aedificentur
1206 364 1399 409 civitates
1407 367 1431 408 J
1435 363 1598 409 udaeae?
1608 365 1645 409 O
1661 365 1696 408 si
1710 364 1814 409 velis
1880 367 1889 383 “

425 449 658 493 agnoscere
680 442 971 488 structuram,
1012 442 1056 477 et
1086 449 1176 477 esse
1206 434 1315 493 lapis
1347 435 1498 490 vivus,
1529 444 1580 479 ut
1605 435 1738 479 intres
1769 435 1816 478 in
1850 431 1865 488 j:

427 503 547 548 eam!
568 506 625 548 Et
641 519 759 548 nunc
769 502 1143 549 civitatesJudaeae
1153 502 1443 549 aedificantur.
1457 504 1571 549 Juda
1580 505 1696 549 enim
1710 520 1817 550 con·
1850 502 1867 545 .ss

427 574 558 619 fessio
571 575 898 635 interpretatur.
911 576 972 618 De
990 572 1259 618 confessione
1277 573 1533 618 humilitatis
1545 574 1817 620 aedificantur
1863 569 1866 585 ⁴'

427 646 620 691 civitates
638 645 804 690 Judaeae
821 664 832 690 :
852 654 903 689 ut
925 643 1028 689 foris
1058 646 1113 694 ab
1138 645 1197 689 eis
1230 645 1406 705 superbi
1437 654 1689 689 remaneant
1704 680 1715 700 ‚
1740 645 1818 705 qui
1851 663 1854 680 ÷

427 717 625 762 confiteri
647 716 958 761 erubescunt.«
975 715 1189 768 Quoniam
1209 721 1319 760 Deus
1339 715 1501 760 salvam
1517 715 1647 760 faciet
1667 716 1814 761 Sion.»
1852 726 1854 746 ⁵

429 789 571 840 Quam
595 787 733 832 Sion?
754 785 872 831 Audi
893 785 939 829 in
955 785 1238 846 sequentibus
1265 805 1275 830 ι
1299 804 1319 828 «
1341 789 1397 829 Et
1425 801 1572 830 semen
1596 801 1820 830 servorum
1852 807 1854 810 ·

431 875 454 898 »
489 858 580 918 ejus
601 857 867 902 obtinebunt
884 871 976 900 eam
994 891 1006 912 ‚
1031 865 1076 900 et
1095 856 1172 915 qui
1196 856 1384 915 diligunt
1410 872 1570 901 nomen
1592 857 1682 917 ejus
1696 857 1823 902 inha-
1865 884 1869 902 «Α

433 946 454 970 »
489 928 698 972 bit-abunt
718 928 764 971 in
785 928 875 971 ea2.
904 945 925 968 »

488 1000 612 1042 XXI.
648 997 844 1043 Psalmus
867 998 1015 1041 finitus
1038 1006 1123 1052 est,
1143 996 1219 1042 sed
1231 996 1464 1057 paululum
1478 998 1581 1042 istos
1598 998 1708 1042 duos
1721 1014 1821 1043 ver·
1867 1026 1870 1034 ν

430 1085 503 1114 sus
530 1085 621 1113 non
652 1068 952 1129 relinquamus
978 1087 987 1113 z
1013 1068 1252 1113 admonent
1283 1069 1399 1113 enim
1433 1085 1512 1113 nos
1543 1069 1731 1130 aliquid,
1767 1084 1822 1114 ne

433 1138 701 1198 desperando
732 1139 777 1182 in
804 1137 1212 1182 illan1·structuran1
1235 1154 1326 1182 non
1342 1138 1570 1183 intremus.
1602 1158 1620 1180 «
1640 1142 1819 1195 Semen,

437 1229 455 1251 »
491 1209 635 1269 inquit
651 1244 662 1264 ,
683 1223 907 1253 servorum
929 1209 1019 1268 ejus
1037 1208 1300 1252 obtinebunt
1312 1224 1422 1252 eam.
1438 1227 1459 1250 »
1481 1212 1505 1253 J
1510 1224 1578 1253 ani
1591 1224 1730 1267 ergo«
1748 1211 1824 1254 Se-

436 1296 456 1318 »
491 1295 595 1323 men
617 1294 842 1323 servorum
856 1280 947 1338 ejus
965 1296 985 1319 »
1010 1278 1087 1338 qui
1109 1279 1247 1322 sunt?
1267 1281 1398 1322 Forte
1420 1278 1526 1322 dicis
1543 1314 1554 1334 ,
1575 1278 1718 1323 Judaei
1734 1279 1824 1324 nati
1869 1294 1889 1323 ῑ1

433 1350 489 1394 de
512 1350 732 1394 Abraham
751 1364 854 1394 :nos
871 1359 1015 1392 autem
1038 1348 1115 1408 qui
1134 1363 1224 1392 non
1246 1363 1393 1393 sumus
1416 1349 1506 1393 nati
1523 1348 1820 1405 deAbraham,

433 1419 656 1480 quomodo
685 1419 945 1463 habebimus
982 1418 1106 1462 istam
1136 1418 1381 1463 civitatem?
1418 1419 1503 1463 Sed
1523 1434 1612 1463 non
1634 1428 1736 1463 sunt
1758 1434 1824 1463 se·
1888 1433 1889 1445 ³

434 1506 535 1534 men
562 1491 750 1534 Abrahae
786 1489 847 1533 illi
878 1487 1047 1542 Judaei‚
1082 1488 1243 1547 quibus
1276 1488 1444 1533 dictum
1474 1498 1538 1532 est
1573 1509 1581 1533 :
1619 1508 1640 1531 «
1669 1490 1712 1534 Si
1747 1489 1825 1534 filii

437 1579 457 1601 »
492 1560 678 1604 Abrahae
700 1559 798 1603 estis
814 1593 824 1609 ,
847 1557 960 1602 facta
1000 1558 1189 1601 Abrahae
1216 1558 1345 1601 facite
1361 1559 1393 1601 ³.
1436 1560 1591 1603 Semen
1610 1574 1713 1618 ergo
1743 1574 1825 1604 ser·
1856 1579 1875 1603 η

437 1650 457 1672 »
492 1646 647 1675 vorum
687 1631 802 1689 ejus,
848 1629 1085 1672 imitatores
1122 1627 1224 1671 fidei
1261 1643 1483 1672 servorum
1511 1633 1603 1691 ejus
1649 1630 1825 1674 obtine·
1874 1669 1875 1674 ,

438 1721 457 1742 »
494 1702 607 1745 bunt
629 1716 738 1744 eam.
756 1719 774 1740 »
796 1699 993 1758 Denique
1009 1697 1344 1742 ultimusversus
1356 1699 1619 1758 superiorem
1631 1702 1821 1760 exponit.
1857 1706 1876 1746 l:

433 1771 567 1825 Quasi
591 1771 709 1814 enim
733 1770 933 1814 turbatus
945 1804 956 1824 ,
980 1784 1036 1812 ne
1056 1778 1232 1828 putares
1245 1767 1357 1813 forte
1371 1770 1455 1814 hoc
1468 1769 1523 1813 de
1535 1773 1559 1814 J
1564 1769 1699 1815 udaeis
1712 1771 1797 1815 d1ci
1811 1790 1822 1816 ι

439 1861 459 1884 ‹<
494 1845 551 1886 Et
573 1856 723 1885 semen
746 1855 966 1884 servorum
982 1839 1073 1899 ejus
1091 1838 1355 1882 obtinebunt
1367 1854 1483 1894 eam,
1506 1858 1527 1880 »
1546 1839 1692 1885 dicens
1710 1860 1721 1885 z
1738 1844 1825 1886 Nos
1875 1868 1876 1874 =

434 1927 582 1957 semen
598 1911 794 1969 gentium
816 1925 965 1954 sumus
981 1944 991 1964 ‚
1015 1925 1114 1969 quae
1135 1907 1251 1953 idola
1273 1908 1504 1954 coluerunt
1517 1945 1528 1965 ,
1549 1919 1593 1954 et
1613 1910 1838 1956 daemoni-
1876 1935 1878 1946 ι

436 1983 516 2027 bus
535 1982 778 2027 servierunt
799 1979 931 2041 :quid
946 1995 1048 2038 ergo
1071 1979 1196 2023 nobis
1212 1979 1256 2023 in
1280 1980 1361 2023 hac
1376 1980 1549 2025 civitate
1563 1981 1824 2040 sperandum
1858 2002 1879 2021 m

435 2062 498 2097 est
517 2054 535 2094 ‘3
555 2052 696 2096 statim
722 2051 904 2111 subjecit
925 2059 975 2094 ut
995 2065 1230 2109 praesumas
1249 2059 1291 2094 et
1308 2066 1450 2110 speres
1475 2070 1484 2096 ε
1509 2071 1530 2094 «
1549 2055 1606 2096 Et
1627 2053 1703 2112 qui
1725 2052 1826 2097 dili·

436 2142 456 2164 »
494 2132 603 2181 gunt
630 2138 789 2166 nomen
818 2123 908 2182 ejus
928 2157 938 2176 ‚
970 2121 1282 2164 inhabitabunt
1302 2121 1348 2165 in
1366 2137 1429 2165 ea.
1455 2140 1475 2163 »
1503 2125 1597 2167 Hoc
1622 2132 1686 2167 est
1708 2125 1825 2168 enim

437 2213 456 2234 «
494 2196 650 2237 Semen
671 2207 893 2237 servorum
915 2192 1028 2250 ejus,
1053 2191 1131 2250 qui
1151 2190 1340 2248 diligunt
1361 2207 1523 2236 nomen
1548 2194 1652 2252 ejus.
1677 2194 1824 2246 »Quia

432 2264 546 2308 enim
560 2263 668 2307 servi
679 2264 768 2323 ejus
782 2262 1025 2306 dilexerunt
1037 2277 1195 2305 nomen
1212 2263 1246 2322 ej
1255 2278 1319 2319 us3
1334 2262 1602 2323 quicumque
1618 2280 1707 2308 non
1725 2262 1825 2308 dili·
1859 2273 1873 2315 ξ’

434 2343 544 2393 gunt
560 2349 721 2378 nomen
735 2336 840 2394 ejus,
853 2350 896 2378 se
910 2335 1055 2378 dicant
1076 2349 1223 2377 semen
1235 2350 1457 2379 servorum
1469 2337 1578 2396 ejus3
1591 2345 1633 2380 et
1645 2337 1721 2396 qui
1734 2351 1824 2380 non
1860 2374 1861 2389 ,

433 2404 623 2464 diligunt
646 2420 807 2449 nomen
826 2405 932 2464 ejus,
963 2420 1053 2449 non
1084 2419 1127 2448 se
1152 2413 1311 2468 negent
1324 2420 1472 2450 semen
1483 2407 1818 2466 servorumejus.
1860 2405 1881 2445 ἰ.

479 2507 488 2523 ¹
510 2499 589 2532 Psal.
612 2510 721 2541 vam,
742 2498 794 2532 36.
815 2516 856 2521 —
885 2506 897 2522 ²
916 2499 1000 2531 Ibid.
1021 2499 1076 2541 ὃς.
1102 2516 1144 2522 -
1167 2497 1291 2532 3Joan.
1312 2511 1384 2540 vm,
1411 2500 1465 2543 39.
