1889 3285
427 276 483 315 30
848 282 882 311 s.
917 281 1148 311 AUGUSTINI
1179 281 1361 310 Emscom

424 351 543 411 quit,
572 348 768 394 nondum
783 347 934 407 judico
955 366 965 391 z
990 347 1067 407 qui
1087 347 1146 391 sic
1178 347 1318 391 clamo
1340 338 1675 400 comminando'g
1700 344 1804 389 nolo

422 420 551 465 ferire
562 417 815 479 judicando.
848 436 869 459 «
892 417 933 461 Si
954 432 1053 461 vere
1070 432 1170 475 ergo
1186 417 1397 477 justitiam
1415 415 1666 475 loquimini,
1689 423 1806 460 recta
1862 459 1864 461 ,

424 508 446 532 »
476 489 685 550 judicate,
710 487 1076 532 filiihominum1.
1107 505 1126 527 »

482 563 557 604 IV.
591 561 717 605 Nunc
750 567 896 601 autem
924 555 1031 616 quid
1057 554 1241 600 facitis?.
1260 560 1398 609 Quare
1419 556 1500 599 ista
1526 555 1650 599 vobis
1677 553 1806 598 dico?

425 649 447 673 α
469 629 644 673 Etenim
665 627 713 671 in
735 626 864 671 corde
880 626 1130 685 iniquitates
1153 626 1392 684 operamini
1413 626 1459 669 in
1482 635 1595 669 terra
1610 628 1642 667 ².
1671 643 1690 665 »
1714 623 1806 667 lni-
1874 682 1875 687 Ἰ

423 699 609 760 quitates
640 698 752 743 sorte
772 698 818 740 in
840 696 971 741 corde
993 694 1116 740 solo?
1137 696 1254 740 Audi
1286 696 1394 756 quid
1417 692 1612 756 sequitur
1632 715 1640 738 z
1667 704 1710 738 et
1733 709 1809 738 eor

422 785 550 814 suum
573 777 815 828 sequuntur
836 782 1013 821 manus,
1038 775 1082 809 et
1103 767 1223 810 cordi
1244 782 1322 810 suo
1344 766 1613 810 famulantur
1634 780 1804 819 manus,

420 839 634 896 cogitatur
653 846 696 881 et
716 838 794 894 fit3
821 846 895 880 aut
916 835 1014 880 ideo
1032 851 1120 879 non
1142 835 1213 890 fit,
1242 852 1332 880 non
1353 836 1454 895 quia
1477 835 1706 889 nolumus,
1732 833 1808 878 sed
1860 830 1875 845 ⁰

421 908 522 967 quia
544 923 633 952 non
654 921 897 966 possumus.
923 904 1150 965 Quidquid
1170 905 1233 949 vis
1249 941 1259 959 ‚
1291 914 1333 948 et
1362 921 1452 949 non
1475 914 1618 964 potes,
1643 902 1809 948 sactum

420 981 535 1023 Deus
558 987 797 1037 computat.
829 995 849 1017 «
872 976 1049 1020 Etenim
1070 976 1116 1019 in
1139 975 1270 1020 corde
1292 976 1542 1035 iniquitates
1569 975 1809 1034 operamini

424 1066 446 1090 3)
481 1049 527 1092 in
550 1057 678 1092 terra.
716 1066 736 1088 »
773 1045 886 1099 Quid
917 1046 1101 1090 deinde?
1137 1065 1156 1087 «
1192 1045 1447 1105 Iniquitates
1471 1060 1625 1089 manus
1658 1054 1810 1088 vestrae
1874 1065 1877 1096 ς

425 1136 447 1160 »
483 1127 764 1163 connectunt.
797 1138 814 1158 »
839 1117 958 1170 Quid
993 1126 1082 1171 est,
1113 1135 1129 1156 «
1158 1118 1464 1160 Connectunt?
1497 1136 1514 1157 »
1540 1119 1602 1160 De
1631 1124 1809 1175 peccato

424 1197 668 1248 peccatum,
695 1197 738 1231 et
758 1186 814 1230 ad
834 1195 1062 1245 peccatum
1086 1196 1338 1246 peceatum⁷
1363 1195 1541 1245 propter
1563 1195 1805 1245 peccatum.

426 1257 539 1311 Quid
560 1266 624 1301 est
639 1258 949 1300 hOCPFurtum
965 1255 1084 1310 fecit,
1105 1265 1333 1315 peccatum
1359 1265 1444 1299 est:
1463 1256 1578 1299 visus
1594 1264 1672 1310 est,
1693 1255 1809 1300 oeci-

427 1328 528 1373 dere
546 1329 703 1389 quaerit
724 1343 824 1372 eum
841 1344 864 1371 a
882 1343 970 1387 quo
987 1327 1101 1371 visus
1124 1336 1212 1384 est3
1233 1341 1478 1371 connexum
1499 1336 1562 1370 est
1582 1336 1811 1385 peccatum

426 1409 620 1458 peccato.
654 1398 899 1442 Permiserit
921 1401 1036 1441 Deus
1070 1397 1244 1441 occulto
1268 1396 1432 1457 judicio
1467 1395 1663 1441 occidere
1685 1412 1806 1451 eum,

427 1484 560 1528 quem
580 1468 720 1513 voluit
736 1468 954 1524 occidere3
972 1467 1102 1510 sentit
1119 1467 1232 1518 sciri,
1257 1467 1416 1527 quaerit
1433 1476 1476 1510 et
1493 1466 1678 1510 alterum
1700 1466 1811 1511 occi-

428 1537 553 1595 dere3
582 1537 816 1582 connexuit
833 1537 1025 1580 tertium.
1055 1539 1169 1580 Dum
1191 1552 1240 1579 ea
1257 1536 1456 1590 molitur,
1483 1536 1595 1580 forte
1618 1552 1672 1579 ne
1688 1537 1811 1581 inve-

429 1607 595 1662 niatur,
626 1616 701 1650 aut
719 1602 822 1666 quia
840 1605 943 1650 fecit
963 1621 1018 1649 ne
1035 1606 1341 1660 convincatur,
1363 1605 1552 1650 consulit
1570 1607 1812 1650 mathema-

427 1677 587 1733 ticum3
609 1675 805 1719 additum
824 1685 888 1719 est
908 1684 1127 1734 quartum.
1148 1675 1398 1734 Respondet
1411 1677 1523 1720 forte
1541 1675 1682 1736 aliqua
1701 1676 1811 1720 dura

428 1755 473 1790 et
493 1745 605 1789 mala
627 1745 983 1801 mathematicus3
1019 1745 1207 1788 curritur
1229 1745 1284 1788 ad
1304 1746 1576 1804 haruspicem
1598 1755 1648 1790 ut
1669 1747 1811 1804 expie-

428 1825 523 1873 tur3
546 1815 780 1874 respondet
801 1815 1013 1874 haruspex
1044 1830 1134 1859 non
1155 1831 1198 1858 se
1220 1831 1342 1874 posse
1364 1815 1533 1875 expiare
1554 1836 1563 1860 :
1589 1815 1811 1860 maleficus

428 1884 653 1945 quaeritur.
680 1886 737 1927 Et
764 1884 860 1943 quis
897 1884 1043 1927 omnia
1063 1884 1197 1943 possit
1225 1900 1475 1940 numerare,
1501 1901 1601 1945 quae
1623 1901 1810 1930 connec-

427 1964 583 1999 tuntur
603 1963 778 2014 peccata
799 1954 1016 2013 peccatis?
1042 1974 1059 1993 «
1087 1955 1340 2014 Iniquitates
1361 1972 1515 2000 manus
1533 1965 1688 2001 vestrae
1710 1972 1809 2001 con-

433 2046 452 2068 »
487 2033 683 2070 nectunt.
710 2044 728 2066 »
750 2025 956 2077 Quandiu
978 2026 1214 2079 connectis,
1235 2025 1340 2085 ligas
1362 2036 1588 2086 peccatum
1606 2030 1810 2086 peccato?

430 2100 491 2141 Te
522 2096 638 2141 solve
659 2112 682 2140 a
699 2096 899 2155 peccatis.
924 2095 1008 2140 Sed
1024 2112 1114 2140 non
1152 2112 1326 2155 possum
1343 2133 1354 2152 ,
1389 2098 1546 2157 inquis.
1573 2098 1723 2143 Clama
1754 2099 1810 2143 ad

428 2166 567 2211 illum.
599 2186 615 2206 «
641 2165 798 2209 Infelix
821 2181 900 2224 ego
919 2166 1055 2210 homo
1070 2201 1080 2221 ,
1116 2167 1212 2225 quis
1230 2182 1300 2210 me
1321 2166 1525 2211 liberabit
1552 2168 1607 2212 de
1630 2184 1810 2228 corpore

435 2257 453 2279 »
488 2237 636 2281 mortis
656 2237 786 2296 hujus
800 2238 874 2280 33³»
894 2237 1048 2280 Veniet
1067 2238 1183 2280 enim
1205 2238 1338 2296 gratia
1356 2239 1434 2282 Dei
1453 2274 1463 2292 ,
1489 2248 1539 2282 ut
1560 2239 1747 2284 delectet
1767 2248 1810 2283 te

424 2307 587 2366 justitia
603 2341 613 2360 ‚
639 2306 750 2349 sicut
766 2304 1010 2349 delectabat
1026 2306 1230 2365 iniquitas
1247 2329 1258 2364 3
1279 2317 1321 2351 et
1342 2308 1474 2352 homo
1496 2309 1572 2368 qui
1589 2324 1641 2352 ex
1661 2309 1810 2353 vineu-

429 2375 481 2420 lis
499 2375 711 2420 resolutus
729 2390 787 2429 es,
807 2375 1062 2419 exclamabis
1085 2375 1138 2419 ad
1162 2379 1299 2420 Deum
1318 2396 1326 2420 :
1349 2396 1365 2415 «
1385 2378 1613 2437 Disrupisti
1634 2378 1810 2423 vincula

435 2465 454 2488 >›
489 2461 584 2489 mea
599 2447 630 2488 4.
655 2465 672 2486 »
704 2444 821 2498 Quid
842 2455 925 2499 est,
956 2464 972 2485 «
990 2446 1215 2504 Disrupisti
1236 2446 1409 2490 vincula
1435 2462 1530 2492 mea
1545 2484 1555 2503 ‚
1582 2468 1598 2489 »
1619 2449 1726 2504 nisi,
1748 2463 1808 2491 re-

430 2515 582 2560 misisti
602 2525 778 2575 peecata
805 2517 928 2559 mea?
950 2515 1063 2560 Audi
1095 2517 1194 2576 quia
1216 2517 1387 2561 vincula
1411 2529 1512 2562 sunt
1542 2538 1550 2562 ε
1576 2518 1808 2579 respondet

481 2607 489 2623 ¹
512 2600 591 2633 Psal.
612 2611 664 2642 Lu,
684 2611 714 2632 2.
736 2616 776 2622 —-
797 2607 809 2622 ²
829 2600 909 2632 lbid.
933 2601 963 2632 3.
988 2618 1029 2623 —
1049 2599 1062 2624 3
1081 2604 1169 2634 Rom.
1194 2613 1252 2642 vu,
1272 2601 1323 2643 24
1347 2619 1388 2624 —-
1411 2601 1426 2630 4
1448 2603 1528 2635 Psal.
1552 2615 1621 2642 cxv,
1643 2604 1692 2636 16.
