1889 3285
403 225 486 265 384
833 233 866 262 s.
903 235 1132 264 Aucus-nm
1164 237 1343 265 muscom

399 312 463 347 est
484 303 559 362 qui
591 318 614 346 a
637 310 679 345 te
700 299 884 360 amplius
912 302 1050 359 exigat
1076 322 1085 346 z
1115 303 1310 362 peccavit
1331 338 1341 358 ,
1367 301 1532 347 factum
1560 312 1625 348 est
1646 319 1782 364 genus

398 374 640 416 humanum
657 380 866 432 tanquam
887 386 1023 415 massa
1044 381 1339 431 peccatorum,
1360 374 1581 433 profluens
1601 374 1656 417 de
1676 390 1783 433 pec-

398 442 669 499 catoribus13
701 440 811 501 quid
842 456 944 500 ergo
965 476 976 496 ,
1014 450 1064 485 tu
1095 442 1129 485 si
1165 458 1349 486 massam
1385 443 1509 487 istam
1542 443 1782 503 iniquitatis

398 512 603 567 damnes,
638 512 870 572 quisquam
906 511 1020 556 dicet
1057 530 1065 556 :
1103 512 1268 572 Injuste
1301 511 1469 557 fecisti?
1501 516 1624 557 Esses
1653 513 1782 573 plane

399 583 527 627 etiam
550 583 608 627 sic
618 583 761 643 justus
774 618 787 638 ,
811 591 855 626 et
876 582 1015 626 omnis
1035 591 1145 626 esset
1169 583 1248 627 ista
1265 583 1358 627 laus
1382 593 1455 627 tua
1473 605 1484 642 3
1505 582 1581 627 sed
1603 583 1705 644 quia
1726 584 1781 628 li-

399 654 557 698 berasti
579 663 623 698 et
638 654 781 713 ipsum
802 662 1075 713 peccatorem
1090 653 1370 714 justificando
1386 655 1593 714 impium,
1622 674 1641 697 «
1661 654 1783 716 Adji-

403 742 423 765 »
458 725 568 768 ciam
590 738 719 782 super
735 739 908 768 omnem
925 722 1101 767 laudem
1126 732 1260 767 tuam.
1289 743 1307 765 n

458 797 578 839 XVI.
605 796 703 838 «Os
734 809 881 838 meum
910 794 1156 838 enuntiabit
1186 795 1396 854 justitiam
1421 804 1540 839 tuam
1559 797 1576 820 ²
1601 814 1610 841 :
1646 813 1668 837 1)
1693 811 1783 841 non

398 881 553 910 meam.
581 866 690 909 Inde
722 865 919 925 adjiciam
946 880 1073 925 super
1105 881 1281 910 omnem
1306 865 1481 910 laudem
1505 875 1627 910 tuam
1652 868 1784 927 :quia

399 945 443 981 et
459 935 580 997 quod
598 937 739 996 justus
760 951 856 980 sum
875 971 886 990 ,
906 936 938 985 si
953 937 1096 995 justus
1119 951 1213 979 sum
1227 971 1237 990 ,
1258 936 1425 995 justitia
1447 945 1522 980 tua
1543 945 1607 981 est
1627 936 1672 980 in
1694 952 1780 992 me,

399 1022 488 1051 non
511 1022 605 1050 mea
633 1026 640 1050 ε
667 1015 717 1050 tu
739 1007 853 1050 enim
871 1006 1079 1065 justificas
1098 1006 1321 1065 impiumss.
1350 1025 1368 1047 «
1393 1007 1449 1050 Os
1469 1021 1615 1050 meum
1639 1022 1783 1050 enun-

402 1095 422 1118 »
459 1077 582 1121 tiabit
596 1077 807 1136 justitiam
825 1086 962 1130 tuam,
976 1085 1065 1120 tota
1084 1076 1153 1120 die
1171 1075 1353 1120 salutem
1374 1086 1509 1120 tuam.
1530 1076 1679 1129 »Quid
1700 1085 1779 1131 est,

404 1166 423 1187 «
461 1146 651 1190 Salutem
670 1148 814 1190 tuam?
831 1146 1004 1190 Domini
1027 1155 1090 1190 est
1107 1145 1220 1190 salus
1239 1146 1269 1189 ⁴.
1291 1165 1311 1187 n
1323 1149 1460 1190 Nemo
1483 1147 1561 1190 sibi
1584 1155 1780 1206 usurpet,

399 1217 500 1276 quia
523 1233 567 1261 sc
589 1216 753 1260 salvum
772 1216 901 1260 facit:
919 1217 1089 1260 Domini
1112 1225 1175 1260 est
1192 1216 1319 1260 salus.
1345 1219 1442 1261 Non
1459 1232 1503 1260 se
1525 1216 1690 1261 salvum
1708 1231 1784 1275 per

399 1303 443 1331 se
465 1287 695 1346 quisquam
721 1285 837 1340 facit,
856 1286 1027 1329 Domini
1051 1295 1114 1329 est
1131 1285 1259 1340 salus,
1285 1301 1395 1329 vana
1415 1285 1526 1329 salus
1548 1286 1734 1330 hominis
1747 1288 1779 1329 ⁵.

404 1377 423 1399 «
461 1360 567 1401 Tota
590 1356 659 1399 die
693 1355 876 1399 salutem
910 1365 1029 1399 tuam
1057 1374 1065 1398 :
1093 1373 1113 1396 n
1155 1364 1244 1399 toto
1267 1364 1476 1414 tempore.
1503 1355 1682 1415 Aliquid
1703 1355 1784 1400 ad-

400 1428 510 1471 versi
534 1436 596 1471 θεῖ
612 1462 622 1481 ,
645 1425 831 1486 proedica
855 1424 1037 1469 salutem
1054 1425 1228 1468 Domini
1255 1445 1262 1468 ε
1284 1424 1449 1484 aliquid
1473 1426 1664 1484 prosperi
1688 1435 1779 1480 est,

400 1498 588 1557 praedica
621 1497 803 1540 salutem
824 1496 1013 1539 Domini.
1053 1498 1115 1539 Ne
1151 1495 1357 1553 praedices
1387 1495 1432 1538 in
1464 1496 1699 1554 prosperis,
1740 1504 1784 1539 et

401 1569 673 1613 obmutescas
687 1567 733 1610 in
750 1566 956 1609 adversis:
977 1564 1171 1624 alioquin
1189 1581 1277 1609 uon
1292 1565 1372 1608 erit
1389 1565 1507 1624 quod
1521 1565 1687 1609 dictum
1701 1575 1779 1619 est,

406 1641 545 1681 «Tota
567 1637 650 1680 die.
680 1654 698 1676 »
719 1638 825 1679 Tota
848 1635 963 1678 enim
987 1634 1076 1678 dies
1094 1650 1194 1679 cum
1213 1651 1287 1679 sua
1309 1644 1435 1679 nocte
1457 1645 1534 1679 est.
1559 1635 1784 1695 Numquid

401 1707 578 1767 quando
595 1705 778 1749 dicimus
793 1740 803 1759 ,
830 1705 1004 1762 triginta
1029 1704 1118 1748 dies
1137 1740 1147 1759 ,
1169 1705 1289 1748 verbi
1311 1720 1437 1748 causa
1455 1740 1464 1759 ,
1486 1706 1752 1749 transierunt
1767 1740 1778 1760 ,

401 1793 489 1821 non
528 1775 712 1819 dicimus
735 1783 778 1817 et
794 1783 969 1830 noctes,
993 1789 1139 1818 nonne
1160 1783 1202 1817 et
1219 1774 1263 1817 in
1287 1775 1379 1833 ipso
1410 1775 1584 1818 nomine
1611 1775 1782 1819 dierum

400 1846 662 1891 includimus
684 1846 861 1888 noctes?
886 1847 937 1887 In
957 1844 1127 1898 Genesi,
1154 1843 1262 1903 quid
1284 1844 1541 1888 dicebatur?
1562 1864 1579 1886 «
1597 1848 1782 1888 Factum

404 1937 424 1959 »
460 1927 523 1961 est
540 1931 715 1975 vespere
743 1924 786 1959 et
802 1914 966 1959 factum
988 1924 1051 1958 est
1072 1930 1199 1957 mane
1217 1914 1306 1958 dies
1324 1931 1438 1958 unus
1453 1917 1484 1958 ⁶.
1510 1933 1529 1955 »
1555 1918 1671 1973 Ergo
1692 1915 1782 1959 dies

404 1997 516 2032 totus
534 2001 631 2030 cum
657 2001 732 2029 sua
754 1993 882 2028 nocte
912 1993 975 2027 est
1010 2003 1017 2027 :
1045 1999 1129 2027 nox
1152 1984 1267 2027 enim
1293 1984 1376 2027 diei
1400 1985 1556 2038 servit,
1582 1999 1671 2027 non
1692 1985 1781 2028 dies

401 2058 533 2101 nocti.
559 2053 784 2115 Quidquid
805 2054 909 2098 facis
932 2054 976 2096 in
994 2068 1122 2097 carne
1143 2053 1332 2108 mortali,
1347 2054 1449 2113 justi
1459 2054 1525 2097 tiae
1547 2052 1678 2097 debet
1693 2069 1782 2098 ser-

400 2128 489 2171 vire
516 2146 524 2171 ;
550 2123 765 2185 quidquid
782 2124 887 2167 facis
909 2139 959 2167 ex
982 2132 1200 2182 praecepto
1223 2123 1297 2167 Dei
1316 2158 1326 2178 ,
1352 2139 1443 2167 non
1466 2132 1643 2182 propter
1660 2139 1781 2168 emo-

400 2197 594 2241 lumenta
628 2194 764 2239 carnis
790 2195 891 2247 fiat,
917 2209 971 2237 ne
990 2192 1079 2236 dies
1111 2193 1266 2237 serviat
1288 2193 1419 2237 nocti.
1453 2197 1566 2250 Ergo
1598 2202 1688 2237 tota
1711 2194 1780 2237 die

399 2267 574 2312 laudem
598 2266 675 2309 Dei
713 2264 802 2318 dic,
843 2263 1006 2307 scilicet
1041 2263 1086 2306 in
1115 2264 1328 2322 prosperis
1351 2273 1393 2307 θῖ
1418 2263 1464 2306 in
1486 2263 1697 2322 adversis,
1733 2264 1780 2308 in

397 2336 631 2398 prosperis,
669 2345 875 2394 tanquam
913 2343 1106 2392 tempore
1138 2333 1318 2389 diurno,
1357 2334 1402 2376 in
1426 2334 1614 2377 adversis
1629 2369 1640 2388 ,
1677 2343 1778 2378 tan-

399 2423 531 2469 quam
554 2417 749 2465 tempore
771 2414 985 2449 nocturno
1003 2423 1010 2447 :
1032 2412 1121 2448 tota
1143 2413 1286 2447 tamen
1307 2403 1376 2447 dic
1395 2403 1567 2447 laudem
1588 2404 1667 2447 Dei
1689 2403 1774 2460 dic,

449 2511 455 2525 ¹
479 2505 557 2535 Gen.
579 2513 601 2534 11
616 2505 649 2533 ct
668 2513 714 2533 111.
736 2517 777 2522 -—-
798 2507 810 2521 ²
830 2499 908 2530 neat.
930 2510 1002 2539 Lxx,
1028 2497 1075 2531 15.
1094 2516 1134 2520 -
1158 2496 1343 2540 3Rom.1v‚
1363 2498 1394 2531 5.
1414 2517 1456 2521 —
1474 2498 1487 2528 4
1507 2499 1585 2531 Psal.
1611 2511 1661 2541 11¹,
1687 2502 1717 2532 9.
1735 2516 1778 2523 -

401 2557 415 2581 5
432 2560 476 2589 1.1.
505 2558 702 2598 1,1‘:,1.‘3.—
720 2554 734 2575 ⁰
750 2557 827 2587 Gen.
852 2566 874 2596 1,
896 2555 926 2585 5.
