1889 3285
384 187 469 227 514
831 199 865 225 s.
901 196 1132 226 Aucus‘nm
1164 197 1347 225 Emscom

381 272 552 308 montes
577 262 841 306 illuminent.
880 262 1011 307 Multi
1049 262 1165 306 enim
1196 271 1401 322 putantes
1435 261 1558 322 quod
1591 260 1646 305 ab
1668 260 1770 320 ipsis

378 333 602 378 montibus
634 331 1011 388 illuminarentur,
1047 333 1250 377 fecerunt
1277 333 1359 377 sihi
1386 341 1529 392 partes
1563 331 1618 375 de
1641 347 1771 375 mon-

382 405 500 448 tibus
522 426 533 462 3
559 413 601 448 et
618 404 733 463 ipsos
752 413 920 448 montes
941 404 1301 460 conciderunt‚et
1322 405 1402 464 ipsi
1423 402 1634 449 confracti
1652 411 1769 447 sunt.

384 475 537 521 Nescio
573 475 648 535 qui
669 474 751 519 sibi
771 474 968 519 fecerunt
989 478 1210 519 Donatum
1228 510 1239 529 ‚
1273 475 1419 519 nescio
1440 475 1516 535 qui
1548 473 1631 518 sibi
1653 472 1772 518 fece-

384 556 489 590 runt
508 546 835 602 Maximianum,
856 547 1001 590 nescio
1015 547 1091 607 qui
1108 547 1189 590 sibi
1209 545 1408 591 fecerunt
1422 546 1546 590 illum
1564 554 1608 589 et
1628 543 1771 589 illum.

384 620 528 671 Quare
549 626 806 676 computant
827 616 1013 661 salutem
1045 633 1168 661 suam
1195 618 1241 661 in
1264 617 1516 662 hominibus
1543 631 1634 660 esse
1649 651 1660 671 ‚
1685 630 1777 659 non

381 688 428 731 in
450 689 570 731 Deo?
594 689 631 731 Ο
653 688 785 732 1101110
802 723 814 743 ‚
839 688 961 733 venit
982 687 1038 732 ad
1062 697 1103 734 te
1123 688 1198 732 lux
1228 704 1305 747 per
1334 697 1538 732 montes:
1563 686 1639 730 sed
1660 689 1776 730 Deus

384 767 428 802 te
450 757 692 813 illuminat,
717 773 803 802 non
833 768 1019 803 montes.
1051 778 1070 800 «
1094 758 1352 803 Illuminans
1376 768 1446 814 tu,
1469 759 1646 818 »inquit
1673 776 1683 801 :
1707 765 1774 811 tu,

386 844 477 873 non
498 837 683 872 montes.
709 848 729 871 ‹<
757 831 825 873 Tu
841 828 1094 874 illuminans
1120 849 1130 874 ι
1156 845 1180 874 a
1201 830 1425 874 montibus
1446 827 1624 889 quidem
1648 836 1778 871 30101·-

389 919 411 942 »
446 901 510 944 1113
528 921 540 958 3
565 922 581 941 »
599 899 697 955 sed,
723 903 825 944 «Tu
846 900 1113 945 illuminans.
1137 920 1156 943 »
1183 901 1309 946 Unde
1327 911 1370 945 et
1389 902 1436 945 in
1454 901 1538 945 alio
1559 899 1657 945 loco
1673 898 1780 960 quid

386 971 447 1016 ait
464 970 606 1015 Psalm
614 988 660 1015 us
673 973 691 1015 P
704 991 724 1013 «
743 973 905 1016 Levavi
923 971 1072 1016 0011103
1093 987 1213 1017 111003
1230 972 1275 1016 111
1295 981 1479 1028 montes,
1498 971 1618 1016 unde
1636 970 1781 1015 veniet

390 1060 410 1083 »
447 1041 657 1086 auxilium
679 1043 801 1086 mihi.
826 1062 846 1084 »
873 1043 987 1095 Quid
1008 1058 1133 1102 ergo,
1158 1043 1205 1086 in
1225 1042 1451 1087 montibus
1470 1051 1534 1086 est
1555 1057 1651 1101 spes
1672 1050 1750 1085 tua
1765 1074 1778 1096 ‚

389 1122 431 1157 et
456 1112 559 1156 inde
591 1113 670 1157 tibi
703 1113 850 1158 veniet
879 1113 1119 1158 auxilium?
1149 1114 1409 1158 Remansisti
1444 1114 1491 1157 in
1521 1112 1782 1158 montibus?

389 1182 499 1227 Vide
521 1182 630 1243 quid
653 1198 766 1241 agas.
792 1187 870 1229 Est
891 1184 1059 1245 aliquid
1081 1200 1209 1243 super
1230 1192 1401 1229 montes
1428 1203 1436 1229 :
1462 1200 1591 1244 super
1610 1192 1782 1228 montes

390 1264 452 1298 est
475 1269 607 1314 quem
624 1264 820 1298 tremunt
841 1265 1025 1299 montes.
1046 1274 1066 1297 «
1095 1256 1280 1311 Levavi,
1304 1255 1466 1316 inquit,
1493 1254 1641 1300 oculos
1663 1270 1781 1299 meos

394 1342 413 1364 »
448 1324 494 1368 in
511 1334 680 1368 montes
697 1360 707 1379 ‚
741 1324 862 1368 unde
889 1326 1033 1369 veniet
1055 1325 1266 1370 auxilium
1291 1326 1414 1370 mihi.
1439 1344 1459 1367 »
1489 1326 1572 1371 Sed
1589 1324 1698 1386 quid
1714 1340 1785 1369 se-

392 1394 573 1453 quitur?
601 1414 620 1436 1(
648 1395 871 1439 Auxilium
893 1411 1064 1450 meum,
1089 1396 1256 1456 inquit,
1282 1412 1306 1439 a
1338 1397 1523 1440 Domino
1539 1432 1550 1452 ,
1580 1396 1657 1457 qui
1681 1395 1787 1439 fecit

394 1483 413 1505 »
450 1463 615 1508 coelum
638 1474 682 1508 et
698 1474 857 1509 terram
877 1468 907 1509 ¹.
934 1487 952 1507 »
979 1469 1032 1510 In
1054 1476 1223 1510 montes
1246 1466 1426 1527 quidem
1442 1466 1584 1511 levavi
1606 1466 1756 1511 oculos
1771 1500 1783 1521 ,

393 1535 496 1594 quia
515 1550 589 1594 per
608 1544 778 1579 montes
796 1536 903 1579 mihi
926 1547 1028 1580 sunt
1048 1537 1281 1592 Seripturae
1303 1545 1579 1580 monstratae:
1608 1536 1685 1580 sed
1706 1551 1788 1595 ego

395 1621 470 1650 001·
487 1606 628 1649 habeo
647 1606 693 1646 in
709 1606 785 1647 illo
807 1604 883 1663 qui
905 1603 1126 1648 illuminat
1148 1620 1296 1649 omnes
1317 1615 1502 1650 montes.

456 1677 581 1718 VIII.
613 1677 729 1733 Ergo
748 1709 759 1729 ‚
779 1673 933 1718 fratres
949 1709 959 1728 ‚
986 1674 1042 1718 ad
1073 1675 1157 1719 hoc
1185 1674 1353 1719 dictum
1375 1685 1458 1730 est,
1479 1691 1534 1720 ne
1556 1677 1790 1737 quisquam

396 1755 590 1791 vestrum
602 1744 706 1789 velit
720 1760 841 1804 spem
860 1760 981 1788 suam
998 1761 1161 1805 ponere
1175 1746 1221 1790 in
1233 1746 1426 1790 homine.
1446 1747 1617 1792 Tandiu
1636 1758 1699 1792 est
1715 1747 1790 1792 ati-

398 1816 506 1877 quid
521 1817 671 1871 homo,
688 1814 886 1875 quandiu
902 1815 965 1859 illi
976 1817 1114 1860 haeret
1132 1833 1153 1860 a
1170 1832 1259 1877 quo
1277 1815 1416 1861 factus
1431 1827 1495 1862 est
1511 1819 1658 1863 homo.
1680 1821 1791 1864 Nam

399 1886 604 1931 recedens
626 1886 682 1930 ab
704 1886 778 1930 illo
794 1921 805 1941 ‚
834 1885 945 1929 nihil
976 1896 1040 1930 est
1068 1887 1201 1931 homo
1222 1922 1233 1942 ‚
1254 1895 1298 1930 et
1319 1903 1420 1931 cum
1441 1888 1579 1932 haeret
1598 1888 1696 1933 illis.
1725 1892 1792 1933 Tu

399 1959 459 2003 sic
497 1958 642 2017 accipe
676 1957 907 2002 consilium
931 1973 1009 2016 per
1036 1958 1287 2013 hominem,
1315 1967 1367 2002 ut
1399 1957 1523 2003 illum
1546 1959 1792 2005 consideres

401 2030 477 2089 qui
500 2028 718 2072 illuminat
740 2028 979 2072 hominem.
1005 2029 1181 2072 Etenim
1213 2038 1256 2072 et
1276 2037 1326 2072 tu
1358 2039 1480 2088 potes
1511 2030 1716 2074 accedere
1736 2032 1793 2075 ad

401 2099 544 2154 11111111,
560 2100 635 2159 qui
653 2099 732 2142 tibi
749 2115 826 2158 per
839 2098 1061 2142 hominem
1078 2098 1298 2159 loquitur3
1315 2115 1403 2144 non
1421 2101 1537 2144 enim
1552 2100 1654 2145 fecit
1666 2101 1791 2145 illum

404 2171 610 2215 accedere
635 2170 691 2214 ad
711 2186 755 2214 se
771 2206 781 2225 ,
808 2180 851 2214 et
873 2179 915 2213 te
942 2169 1127 2229 repellit.
1154 2174 1210 2214 Et
1237 2171 1313 2231 qui
1335 2187 1436 2215 vere
1457 2172 1516 2216 sic
1538 2173 1715 2217 accessit
1738 2172 1795 2216 ad

407 2244 547 2285 Deum
565 2276 576 2295 ,
597 2250 646 2284 ut
669 2242 714 2284 in
735 2239 808 2284 illo
831 2240 1000 2284 habitet
1023 2244 1156 2295 Deus,
1182 2240 1411 2300 displicent
1435 2241 1499 2285 illi
1519 2258 1668 2287 omnes
1685 2278 1696 2298 ‚
1717 2244 1795 2303 qui

407 2327 499 2355 non
520 2311 565 2354 in
581 2310 655 2354 illo
673 2319 844 2370 ponunt
856 2326 976 2369 spem
995 2326 1132 2354 suam.
1152 2314 1383 2370 Propterea
1404 2311 1556 2356 datum
1579 2322 1643 2357 est
1658 2312 1794 2373 quod-

408 2381 511 2426 dam
533 2380 782 2440 exemplum
799 2415 810 2436 ,
832 2396 933 2424 cum
953 2380 1067 2440 ipsos
1088 2381 1317 2441 Apostolos
1339 2382 1422 2427 sibi
1443 2382 1685 2428 diviserunt
1699 2418 1710 2439 ‚
1751 2392 1795 2428 et

407 2453 456 2497 in
476 2452 706 2497 schismata
726 2452 872 2497 ierunt
902 2452 982 2512 qui
1003 2452 1208 2499 dicebant
1232 2472 1243 2501 2
1267 2472 1287 2496 «
1310 2457 1405 2514 Ego
1424 2470 1522 2500 sum
1544 2454 1690 2512 Pauli,
1714 2469 1794 2514 ego

459 2545 467 2562 ¹
489 2538 566 2571 Psal.
586 2548 660 2580 cxx,
681 2548 712 2579 1,
731 2546 763 2570 2.
