1889 3285
422 183 505 224 478
853 191 887 221 s.
923 192 1156 223 AUGUSTINI
1187 196 1370 223 EPIScon

416 259 635 306 Gamales.
657 277 678 301 «
701 261 818 303 Tuus
832 268 897 303 cst
909 257 999 303 dies
1016 294 1026 314 ,
1051 268 1094 303 et
1111 268 1185 303 tua
1203 269 1266 304 est
1278 275 1380 304 nox.
1401 277 1421 301 »
1450 261 1708 319 Loquantur
1724 260 1809 319 spi·
1853 313 1858 317 .

418 329 562 375 ritales
589 328 798 390 spiritalia
821 329 1088 389 spiritalibus
1107 349 1116 375 2
1132 329 1298 375 dietum
1319 339 1383 375 est
1404 330 1548 388 enim3
1585 349 1606 373 «
1632 330 1808 390 Spirita-

421 418 442 442 »
472 399 588 444 libus
609 398 816 460 spiritalia
833 409 1149 460 comparantes,
1176 400 1431 459 sapientiam
1451 400 1674 460 loquimur
1695 400 1809 444 inter

422 489 443 512 »
476 468 736 530 perfectos1.
761 489 781 512 »
806 469 1015 516 Nondum
1037 469 1216 530 capiunt
1237 470 1363 515 istam
1383 471 1638 530 sapientiam
1655 485 1810 515 carna-

417 539 479 584 les
501 559 554 591 :⁷«
576 543 675 586 Non
700 540 825 600 potui
846 540 969 585 vobis
989 539 1112 601 loqui
1133 541 1257 601 quasi
1271 540 1559 600 spiritalibus,
1587 540 1663 585 sed
1687 540 1810 601 quasi
1857 592 1859 594 ,

421 629 442 652 »
477 611 765 656 carnalibus2.
783 613 901 670 Ergo
914 626 1015 655 cum
1038 610 1251 670 spiritales
1263 611 1528 671 spiritalibus
1546 610 1808 672 loquuntur,

423 701 444 725 «
468 683 568 727 Dies
591 682 676 728 diei
706 692 876 728 eructat
901 682 1116 728 verbum:
1139 701 1160 724 >›
1186 677 1288 727 cum
1314 699 1417 728 vero
1448 693 1492 728 et
1515 684 1595 744 ipsi
1619 683 1810 728 carnales

419 769 511 799 non
534 762 680 798 tacent
699 753 832 798 fidem
862 753 1054 799 crucifixi
1081 753 1265 809 Christi,
1290 770 1421 814 quam
1450 763 1632 814 possunt
1658 769 1812 814 capere
1860 751 1867 755 '⁴

418 824 562 885 parvi,
592 843 612 867 ι(
635 827 731 870 Nox
752 824 872 869 nocti
892 823 1122 869 annuntiat
1134 824 1400 869 scientiamss.
1421 827 1538 872 Tuus
1559 833 1621 869 est
1634 823 1746 880 dies,
1767 833 1812 869 et
1860 842 1861 860 2

422 914 443 938 »
479 905 555 940 tua
580 905 644 940 est
667 912 769 941 nox.
800 915 820 938 »
847 895 918 941 Ad
941 905 982 940 te
1012 895 1234 955 pertinent
1265 895 1498 955 spiritales,
1524 895 1580 941 ad
1609 905 1650 940 te
1680 895 1812 955 perti-

419 975 528 1011 nent
541 965 736 1011 carnalcs
752 982 760 1008 :
779 965 876 1012 illos
889 965 1078 1011 illustras
1094 966 1443 1011 incommutabili
1463 967 1671 1027 sapientia
1689 975 1733 1011 et
1743 981 1812 1011 ve-

419 1037 570 1095 ritate3
608 1036 706 1081 illos
747 1036 981 1081 consolaris
1016 1037 1155 1081 carnis
1192 1036 1566 1092 manifestatione,
1604 1046 1812 1096 tanquam

418 1108 525 1153 luna
547 1108 775 1153 consolans
794 1118 984 1153 noctem.
1013 1128 1033 1151 ι(
1061 1111 1178 1153 Tuus
1201 1117 1265 1152 est
1285 1107 1375 1152 dies
1389 1143 1399 1163 ,
1425 1117 1468 1152 et
1486 1116 1562 1152 tua
1579 1116 1643 1152 est
1663 1123 1763 1152 nox.
1786 1126 1807 1149 »

420 1179 495 1223 Vis
517 1179 667 1223 audire
680 1179 825 1224 diem?
843 1178 955 1224 Vide
972 1179 1006 1224 si
1019 1179 1137 1239 capis
1151 1214 1162 1234 ,
1183 1179 1298 1237 erige
1320 1188 1534 1239 quantum
1556 1188 1679 1239 potes
1691 1194 1811 1223 men-

419 1257 510 1293 tem
532 1259 670 1294 tuam.
696 1249 932 1294 Videamus
954 1251 987 1293 si
1009 1250 1199 1309 pertines
1217 1249 1273 1293 ad
1293 1248 1430 1303 diem,
1447 1250 1538 1309 jam
1559 1248 1782 1294 videamus
1796 1283 1808 1304 ,

419 1320 455 1366 si
483 1336 574 1365 non
601 1320 786 1380 palpitat
807 1329 1004 1381 aspectus
1038 1329 1155 1364 tuus.
1185 1325 1308 1364 Potes
1337 1319 1484 1364 videre
1509 1319 1630 1380 quod
1652 1319 1810 1364 audisti
1863 1322 1871 1358 ἕ

416 1391 550 1436 modo
571 1407 622 1436 ex
644 1391 903 1449 Evangelio,
930 1411 952 1434 (ι
977 1394 1028 1436 In
1045 1391 1258 1451 principio
1280 1400 1372 1434 erat
1392 1390 1612 1445 Verbum,
1638 1399 1682 1434 et
1698 1391 1809 1434 Ver-

419 1480 440 1504 »
475 1463 583 1507 bum
612 1471 705 1506 erat
725 1462 845 1522 apud
872 1466 1035 1517 Deum,
1064 1472 1108 1507 et
1127 1466 1241 1507 Deus
1268 1470 1360 1507 erat
1380 1461 1636 1506 Verbum4?
1659 1479 1678 1502 η
1711 1463 1810 1507 Non
1864 1514 1866 1517 .

416 1533 531 1577 nosti
544 1533 659 1577 enim
678 1541 727 1576 tu
747 1533 935 1590 cogitare
947 1533 1081 1577 verba
1096 1567 1107 1587 ‚
1127 1533 1208 1575 nisi
1225 1547 1325 1591 quae
1337 1540 1492 1576 sonant
1504 1541 1548 1575 et
1565 1539 1804 1576 transeunt.

416 1606 543 1649 Potes
564 1604 660 1663 jam
686 1618 840 1662 capere
859 1603 1078 1657 Verbum,
1103 1618 1194 1646 non
1214 1617 1388 1657 sonum,
1422 1601 1499 1646 sed
1529 1603 1694 1646 Deum?
1716 1604 1810 1646 An—

414 1689 506 1718 non
527 1674 588 1718 ibi
612 1672 795 1728 audisti,
835 1692 855 1715 «
879 1676 937 1718 Et
959 1676 1072 1717 Deus
1101 1682 1193 1717 erat
1219 1673 1443 1717 Verbum?
1478 1691 1499 1715 »
1540 1673 1626 1718 Sed
1657 1682 1707 1717 tu
1727 1673 1808 1718 ista

414 1745 546 1790 verba
575 1745 752 1802 cogitas.
783 1763 803 1787 «
835 1745 991 1789 Omnia
1021 1759 1099 1804 per
1129 1744 1270 1804 ipsum
1305 1742 1421 1788 facta
1441 1752 1572 1789 sunt:
1597 1761 1618 1785 »
1653 1752 1700 1788 et
1729 1759 1808 1803 per

413 1816 556 1876 ipsum
578 1814 682 1859 facti
710 1824 812 1860 sunt
839 1824 882 1859 et
904 1815 980 1876 qui
1008 1816 1142 1861 verba
1174 1813 1355 1859 faciunt.
1391 1813 1530 1868 Quale
1561 1830 1664 1873 ergo
1695 1813 1807 1859 illud

414 1885 609 1930 Verbum
623 1887 778 1930 estPCa
785 1885 864 1945 pis,
879 1901 904 1929 o
917 1885 1124 1930 carnalis?
1137 1884 1351 1945 responde
1362 1905 1375 1942 ς
1387 1885 1541 1945 Capis?
1559 1887 1656 1930 Non
1672 1885 1802 1944 capis,

413 1954 558 2000 adhuc
582 1954 637 1999 ad
656 1965 829 2000 noctem
851 1955 1040 2015 pertines
1058 1955 1186 1999 :luna
1208 1954 1288 1998 tibi
1312 1955 1548 1999 necessaria
1572 1963 1658 2009 est,
1683 1969 1738 1998 ne
1759 1954 1806 1998 in

413 2027 603 2071 tenebris
631 2027 840 2072 moriaris.
879 2046 899 2069 «
930 2028 1105 2071 Etenim
1126 2025 1305 2086 quidam
1334 2034 1581 2085 peccatores
1602 2025 1806 2070 intende-

416 2115 435 2139 »
470 2106 575 2141 runt
611 2113 760 2142 arcum
776 2133 786 2152 ,
831 2106 882 2141 ut
923 2097 1178 2156 sagittarent
1218 2096 1265 2140 in
1301 2096 1486 2140 obscura
1519 2095 1626 2140 luna
1662 2104 1802 2140 rectos

415 2186 435 2210 »
471 2168 600 2213 corde
612 2170 640 2213 5.
662 2188 680 2210 »
699 2169 940 2213 Obscurata
958 2177 1021 2212 est
1035 2167 1151 2211 enim
1167 2182 1266 2212 caro
1284 2167 1443 2212 Christi
1461 2165 1515 2210 de
1530 2181 1658 2210 cruce
1669 2165 1803 2226 depo-

411 2239 512 2293 sita,
539 2248 582 2283 et
602 2239 648 2283 in
669 2239 868 2298 sepulcro
894 2239 1033 2298 posita
1053 2247 1123 2282 :et
1143 2236 1205 2281 illi
1227 2238 1303 2297 qui
1322 2236 1592 2292 occiderunt,
1616 2236 1800 2282 insulta-

410 2318 584 2364 verunt,
602 2318 645 2352 et
666 2308 864 2353 nondum
891 2317 1193 2363 resurrexerat,
1215 2317 1258 2352 et
1271 2308 1461 2367 sagittati
1473 2317 1576 2352 sunt
1593 2307 1800 2367 Discipuli

411 2381 518 2425 recti
539 2379 692 2436 corde,
717 2379 794 2424 sed
816 2380 863 2424 in
884 2380 1067 2425 obscura
1083 2378 1203 2422 luna.
1230 2381 1345 2436 Ergo
1367 2387 1418 2423 ut
1433 2394 1524 2423 non
1543 2378 1685 2423 solum
1707 2379 1798 2424 dies

459 2484 468 2500 ¹
492 2488 504 2508 1
525 2479 598 2511 Cor.
616 2488 652 2519 n,
686 2476 736 2509 13.
769 2494 811 2501 —
846 2483 859 2500 ²
888 2476 936 2509 Id.
961 2487 1013 2518 111,
1042 2487 1071 2508 1.
1090 2492 1133 2498 —-
1149 2473 1162 2499 3
1180 2475 1259 2508 Psal.
1279 2486 1372 2518 xvin,
1397 2476 1427 2508 3.
1449 2492 1491 2499 -
1512 2473 1529 2501 4
1544 2477 1637 2509 Joan.
1659 2486 1684 2518 ι,
1707 2486 1735 2507 1.
1755 2491 1797 2498 —

410 2530 427 2556 ⁵
443 2532 523 2566 Psal.
545 2543 580 2575 x,
600 2532 631 2564 3.
