1889 3285
437 271 676 301 numan-10
708 275 753 302 nv
787 273 987 301 PSALMUM
1020 272 1155 299 Lxxu.
1398 255 1481 296 437

106 339 172 384 his
194 356 216 384 a
239 339 398 400 quibus
427 338 799 397 opprimebantur,
841 348 883 382 et
915 344 1135 381 evaserant
1166 334 1305 378 hostes
1336 348 1484 392 perse-

106 419 288 470 quentes
304 424 380 468 per
399 423 516 451 mare
531 408 731 452 Rubrum
744 444 754 464 ,
771 418 814 452 et
835 408 955 452 ducti
977 417 1098 450 erant
1114 421 1190 465 per
1211 403 1488 449 solitudinem

106 488 149 523 et
169 479 423 522 invenerant
450 479 630 536 patriam
654 488 696 522 et
719 493 899 537 regnum
927 496 936 521 z
961 477 1062 520 hinc
1085 475 1224 520 solum
1250 473 1489 518 laudabant

104 551 243 593 Deum
264 584 274 602 ,
290 548 488 592 nondum
510 547 797 606 intelligentes
816 548 922 608 quid
952 548 996 590 in
1030 546 1112 590 illis
1138 546 1287 604 figuris
1310 544 1486 604 praesig-

105 627 228 663 naret
249 629 292 663 et
319 619 588 679 promitteret
616 622 743 663 Deus.
778 618 1084 663 Deficientibus
1115 632 1217 674 ergo
1246 615 1373 659 rebus
1409 629 1488 673 pro

105 690 265 749 quibus
287 689 495 733 laudabat
516 692 653 732 Deum
677 688 863 748 populus
886 687 1067 733 carnalis
1089 722 1098 741 ,
1120 687 1190 731 cui
1208 685 1402 744 regnavit
1417 683 1491 728 ille

104 760 242 804 David
266 779 274 803 :
298 778 317 801 «
343 760 607 803 Defecerunt
634 760 788 816 hymni
818 758 979 813 David,
1008 777 1027 799 »
1060 774 1150 802 non
1184 756 1262 800 filii
1281 756 1358 800 Dei
1379 790 1389 810 ,
1415 754 1490 799 sed

109 848 128 870 «
153 828 251 872 Filii
275 832 404 872 Jesse.
426 848 444 869 n
465 829 762 873 Periculosum
783 828 930 873 locum
951 827 1062 873 tituli
1078 827 1234 871 Psalmi
1249 825 1488 885 praesentis,

105 899 216 943 sicut
254 899 464 943 Dominus
504 899 643 943 voluit
668 935 678 953 ,
722 899 994 958 praetervecti
1033 912 1182 941 sumus
1222 915 1231 941 :
1271 895 1491 954 accepistis

103 985 238 1029 quare
260 969 427 1013 dictum
448 970 500 1012 sit
527 988 536 1013 ε
558 988 576 1010 «
595 967 856 1012 Defecerunt
876 968 1029 1025 hymni
1052 966 1190 1010 David
1212 965 1288 1009 filii
1305 968 1436 1010 Jesse.
1465 983 1487 1005 »

162 1041 236 1082 lv.
272 1039 406 1097 Cujus
437 1054 521 1082 vox
559 1048 621 1082 est
658 1037 883 1081 Psalmus?
909 1056 926 1076 «
965 1036 1110 1094 Asaph
1135 1038 1166 1079 ¹.
1192 1053 1212 1076 n
1248 1033 1364 1087 Quid
1393 1042 1456 1077 est
1476 1068 1487 1088 ,

108 1128 126 1151 «
153 1110 297 1168 Asaph
313 1111 330 1152 Ρ
346 1127 366 1150 »
401 1109 519 1153 Sicut
541 1108 784 1152 invenimus
817 1108 862 1151 in
888 1105 1316 1165 interpretationibus
1335 1120 1387 1148 ex
1407 1103 1493 1148 lin-

105 1195 188 1238 gua
205 1179 379 1222 hebraea
395 1179 438 1222 in
454 1193 636 1236 graecam
648 1213 658 1232 ,
685 1187 728 1221 et
745 1193 796 1220 ex
812 1192 950 1236 graeca
968 1176 1094 1220 nobis
1106 1175 1151 1218 in
1165 1174 1341 1218 latinam
1359 1183 1493 1218 trans-

103 1249 223 1304 latis,
251 1249 395 1308 Asaph
423 1251 649 1306 Synagoga
670 1247 995 1306 interpretatur.
1021 1249 1116 1289 Vox
1139 1254 1202 1289 est
1223 1259 1323 1302 ergo
1352 1247 1493 1302 Syna-

106 1334 243 1377 gogae.
287 1317 370 1363 Sed
402 1327 452 1362 tu
485 1333 584 1361 cum
619 1317 804 1360 audieris
840 1318 1142 1374 Synagogam,
1168 1314 1258 1359 noli
1285 1314 1493 1358 continuo

104 1389 304 1432 detestari
338 1388 460 1447 quasi
482 1386 818 1431 interfectricem
850 1386 1037 1430 Domini.
1074 1388 1179 1429 Erat
1210 1383 1389 1445 quidem
1420 1382 1494 1428 illa

106 1460 334 1517 Synagoga
357 1457 623 1501 interfectrix
651 1457 848 1511 Domini,
886 1471 1015 1500 nemo
1047 1455 1222 1499 dubitat
1252 1474 1260 1498 :
1288 1453 1363 1498 sed
1398 1469 1493 1497 me-

101 1538 250 1572 mento
293 1527 349 1571 de
393 1529 618 1584 Synagoga
645 1524 776 1571 fuisse
808 1526 960 1570 arietes
997 1540 1186 1585 quorum
1214 1523 1291 1568 filii
1322 1538 1485 1567 sumus.

103 1597 229 1643 Unde
248 1597 408 1641 dicitur
420 1597 466 1640 in
478 1596 650 1647 Psalmo
669 1615 677 1641 :
700 1615 720 1639 «
735 1597 900 1640 Afferte
914 1596 1098 1640 Domino
1110 1594 1222 1639 filios
1239 1594 1487 1638 arietum2.»

102 1668 187 1721 Qui
219 1667 321 1711 inde
353 1667 536 1710 arietes?
560 1670 733 1720 Petrus,
769 1669 984 1720 Joannes,
1024 1665 1230 1720 Jacobus,
1264 1663 1485 1718 Andreas,

103 1737 446 1782 Bartholomaeus
466 1772 477 1791 ,
504 1746 547 1780 et
585 1737 730 1780 caeteri
758 1735 970 1796 Apostoli.
1013 1735 1125 1779 Hinc
1159 1744 1203 1779 et
1235 1735 1326 1794 ipse
1352 1735 1493 1794 primo

106 1807 275 1862 Saulus,
301 1818 449 1867 postea
472 1805 637 1850 Paulus
665 1825 674 1850 :
700 1805 745 1849 id
780 1814 867 1860 est,
907 1805 1048 1865 primo
1080 1804 1318 1864 superbus,
1344 1813 1494 1863 postea

102 1876 294 1921 humilis.
324 1875 428 1922 Saiil
450 1876 581 1930 enim,
607 1874 725 1919 unde
748 1875 914 1919 dictum
937 1884 1000 1918 est
1021 1890 1181 1918 nomen
1205 1873 1344 1928 Sauli,
1361 1873 1494 1919 nostis

104 1949 206 2008 quia
229 1964 301 1992 rex
333 1947 546 2007 superbus
580 1955 623 1990 et
649 1945 827 1990 infrenis
865 1945 964 1990 fuit.
1006 1948 1103 1991 Non
1131 1945 1254 2006 quasi
1285 1945 1494 2005 jactantia

104 2018 250 2078 aliqua
272 2032 434 2061 nomen
452 2017 533 2061 sibi
550 2017 736 2061 mutavit
752 2016 986 2076 Apostolus
1013 2035 1022 2061 ε
1047 2014 1123 2060 sed
1136 2031 1186 2059 ex
1206 2015 1336 2061 Saulo
1353 2016 1494 2060 factus

104 2098 168 2133 est
192 2088 352 2133 Paulus
368 2123 378 2143 ,
403 2103 454 2131 ex
475 2088 663 2146 superbo
693 2087 904 2132 modicus.
930 2086 1115 2131 Paulum
1138 2086 1254 2130 enim
1270 2086 1494 2131 modicum

104 2167 182 2203 est.
207 2159 281 2201 Vis
315 2173 439 2202 nosse
469 2158 576 2217 quid
613 2158 666 2201 sit
700 2157 885 2203 Saulus?
908 2161 1056 2217 Ipsum
1080 2156 1181 2201 audi
1194 2158 1285 2217 jam
1308 2156 1496 2201 Paulum

104 2228 404 2273 recordantem
430 2227 538 2288 quid
559 2227 692 2271 fuerit
712 2243 790 2288 per
812 2227 1021 2271 malitiam
1043 2243 1163 2271 suam
1177 2262 1187 2282 ,
1214 2236 1257 2271 et
1278 2226 1384 2287 quid
1401 2228 1493 2287 jam

105 2299 158 2342 sit
178 2313 256 2357 per
279 2298 459 2355 gratiam
482 2298 558 2341 Dei
584 2318 592 2342 :
614 2297 716 2341 audi
735 2297 957 2357 quomodo
975 2296 1106 2341 fuerit
1126 2297 1296 2351 Saulus,
1322 2306 1365 2341 et
1378 2312 1491 2355 quo-

104 2367 237 2412 modo
252 2367 306 2411 sit
322 2367 482 2411 Paulus
505 2387 514 2412 t
545 2387 564 2409 «
589 2367 674 2420 Qui
693 2367 753 2410 fui
775 2403 785 2421 ,
810 2366 953 2426 inquit
973 2402 983 2420 ,
1011 2367 1129 2425 prius
1151 2366 1430 2425 blasphemus
1448 2374 1492 2409 et

108 2455 128 2478 »
163 2445 412 2495 persecutor
448 2445 490 2479 et
524 2436 799 2495 injuriosusss.
827 2455 845 2476 »
873 2434 1041 2479 Audisti
1075 2435 1253 2480 Saulum
1274 2470 1284 2489 ,
1323 2433 1424 2478 audi
1447 2442 1490 2477 et

108 2506 294 2551 Paulum
322 2526 330 2550 ;
360 2509 493 2564 «Ego
526 2508 641 2550 enim
675 2522 792 2561 sum,
825 2506 991 2565 inquit,
1025 2506 1228 2549 minimus
1260 2503 1491 2564 Apostolo-

158 2607 166 2623 ¹
186 2600 264 2632 Psal.
291 2612 388 2642 Lxxn,
407 2611 434 2632 ι..
466 2619 498 2623 --
522 2608 533 2624 ²
557 2602 588 2631 Id
618 2612 735 2641 xxvxn,
755 2613 781 2632 ι.
804 2600 912 2632 -31
933 2601 1012 2632 Tim,
1039 2612 1063 2641 1,
1087 2601 1136 2632 13.
