1889 3285
417 231 500 269 238
854 239 888 265 s.
923 234 1154 266 Auens-nm
1184 236 1366 264 EPISCOPI

418 320 508 350 non
537 312 615 347 est.
639 302 718 347 Dei
742 302 872 346 timor
895 302 1058 363 aperiat
1089 317 1233 358 aures,
1257 310 1308 345 ut
1333 300 1386 345 sit
1416 296 1538 360 quod
1567 298 1725 355 intret,
1754 308 1800 344 et

417 390 504 434 qua
524 374 656 417 intret
670 372 791 433 quod
811 381 1062 416 narraturus
1080 387 1191 416 sum.
1215 370 1299 417 Sed
1312 370 1420 431 quid
1441 378 1504 414 est
1520 371 1800 414 narraturus?

417 464 439 488 «
472 447 645 499 Quanta
668 443 771 488 fecit
789 444 945 487 animae
962 459 1086 487 meae.
1105 461 1126 484 »
1142 446 1254 487 Ecce
1277 457 1450 486 narrare
1465 442 1586 486 vult:
1601 440 1678 485 sed
1691 439 1799 501 quid

417 524 481 559 est
501 516 781 558 narraturus?
799 517 867 558 An
890 513 1000 558 forte
1019 522 1235 574 quantum
1256 521 1400 572 pateat
1417 521 1531 556 terra
1547 545 1558 566 ,
1582 519 1800 571 quantum

415 583 688 629 distendatur
713 583 875 628 coelum
892 618 903 639 ,
924 592 966 626 et
989 591 1097 643 quot
1114 583 1200 627 sint
1220 582 1380 637 sidera,
1401 590 1444 625 et
1465 596 1565 641 quae
1586 581 1670 625 sint
1684 579 1799 624 vices
1842 591 1844 617 ῑ

414 654 513 700 solis
536 664 579 698 et
598 655 748 698 lunae‘?
770 657 855 698 Ista
883 662 1079 698 creatura
1109 653 1275 713 peragit
1304 651 1502 697 ordinem
1531 665 1660 695 suum
1686 669 1696 695 :
1720 650 1798 710 qui

414 725 604 769 multum
621 740 715 768 eam
733 724 899 768 curiose
917 724 1202 784 quaesierunt,
1224 724 1260 783 ej
1268 738 1316 767 us
1344 725 1594 767 Creatorem
1621 721 1797 779 ignora-

412 804 572 839 verunt
587 797 616 838 1.
655 793 772 838 Illud
807 793 952 838 audite
968 828 979 849 ,
1014 792 1125 837 illud
1164 793 1344 852 accipite
1359 828 1370 847 ,
1411 811 1431 834 «
1462 793 1500 836 Ο
1527 791 1606 852 qui
1638 790 1798 835 timetis
1842 837 1843 844 χ

416 883 451 923 »Ι
471 868 634 910 Deum:
661 867 832 917 Quanta
850 863 951 908 fecit
969 864 1124 907 animae
1147 878 1281 909 meae:
1302 862 1374 907 »si
1393 861 1542 918 vultis,
1568 870 1612 906 et
1625 870 1795 906 vestrae.
1842 851 1848 895 ἒ

415 954 436 978 «
469 937 640 988 Quanta
660 933 762 978 fecit
779 934 934 977 animae
947 949 1071 978 meae.
1092 933 1161 978 Ad
1180 934 1323 993 ipsum
1337 948 1410 977 ore
1424 947 1522 976 meo
1539 931 1793 976 clamavi2.»
1841 962 1847 980 „·

411 1008 469 1050 Et
489 1007 573 1050 hoc
594 1006 735 1065 ipsum
767 1004 933 1049 factum
955 1005 1060 1049 dicit
1082 1005 1237 1049 animae
1261 1020 1348 1048 suae
1366 1038 1377 1060 ,
1405 1012 1455 1047 ut
1474 1002 1531 1047 ad
1556 1002 1700 1062 ipsum
1721 1017 1798 1046 ore
1841 990 1844 1031 ἶ

411 1091 489 1120 suo
511 1075 715 1119 clamaret
730 1111 740 1130 ,
762 1074 923 1119 factum
946 1091 1035 1119 esse
1048 1074 1154 1119 dicit
1171 1075 1324 1118 animae
1345 1089 1450 1118 suae.
1474 1075 1603 1128 Ecce,
1624 1071 1793 1128 fratres,
1846 1067 1847 1120 J
1885 1098 1889 1106 =

413 1147 572 1189 Gentes
605 1161 774 1189 eramus
789 1181 799 1201 ,
830 1146 908 1189 etsi
927 1161 1017 1189 non
1037 1145 1083 1188 in
1104 1145 1228 1189 nobis
1244 1180 1255 1200 ,
1279 1146 1325 1188 in
1346 1144 1597 1204 parentibus
1619 1143 1791 1187 nostris.
1846 1166 1847 1169 ¹

411 1217 469 1259 Et
491 1214 598 1275 quid
623 1214 728 1258 dicit
751 1214 1019 1274 Apostolus?
1045 1234 1065 1257 «
1088 1215 1210 1260 Scitis
1243 1215 1421 1275 quando
1448 1215 1607 1258 Gentes
1636 1213 1764 1277 eratis
1780 1247 1792 1269 ,

414 1303 435 1326 »
471 1285 526 1329 ad
538 1284 764 1329 simulacra
781 1285 870 1329 sine
883 1300 989 1330 voce
1009 1284 1230 1345 quomodo
1244 1284 1540 1328 ascendebatis
1551 1283 1792 1328 inducti3.»

410 1357 534 1401 Dicat
555 1371 673 1400 nunc
687 1356 903 1400 Ecclesia:
919 1359 1124 1409 «Quanta
1137 1355 1239 1400 fecit
1255 1356 1409 1399 animae
1425 1371 1548 1399 meae.
1566 1355 1636 1399 Ad
1651 1355 1796 1414 ipsum
1846 1350 1847 1355 ¹

414 1444 435 1468 »
470 1442 544 1471 ore
572 1441 669 1470 meo
700 1425 896 1470 clamavi.
923 1429 1109 1470 »Homo
1137 1425 1192 1470 ad
1218 1424 1409 1485 lapidem
1440 1424 1707 1482 clamabam,
1738 1423 1795 1469 ad

410 1496 578 1555 lignum
596 1496 777 1540 surdum
798 1495 1038 1540 clamabam
1052 1531 1062 1551 ,
1087 1495 1325 1540 simulacris
1338 1495 1478 1540 surdis
1499 1495 1630 1540 mutis
1646 1495 1794 1555 loque-

409 1567 489 1611 bar
519 1587 527 1612 ε
552 1568 642 1627 jam
669 1568 812 1625 imago
843 1566 922 1610 Dei
948 1582 1153 1611 conversa
1181 1575 1243 1610 est
1269 1567 1325 1610 ad
1362 1569 1612 1611 Creatorem
1644 1581 1788 1610 suum.
1853 1569 1888 1636 {m

413 1654 435 1679 «
467 1637 553 1690 Qui
581 1636 779 1681 dicebam
795 1671 805 1691 ,
838 1636 957 1695 ligno
983 1656 991 1680 :
1017 1640 1144 1680 Pater
1164 1652 1286 1681 meus
1308 1652 1351 1681 es
1373 1646 1444 1694 tu3
1469 1646 1512 1681 et
1537 1636 1673 1697 lapidi
1694 1655 1704 1681 ε
1726 1639 1792 1681 Tu
1844 1630 1889 1680 1Ιῐυ

412 1725 433 1748 »
469 1722 538 1750 me
561 1706 746 1765 genuisti
761 1707 777 1730 4
799 1725 808 1750 2
835 1723 856 1747 ³>
877 1706 1008 1750 modo
1031 1705 1129 1750 dico
1160 1726 1169 1751 :
1201 1725 1221 1748 α
1248 1710 1375 1751 Pater
1396 1716 1557 1763 noster,
1582 1707 1658 1767 qui
1679 1722 1723 1751 es
1745 1706 1792 1750 in
1851 1716 1889 1771 {io

412 1794 432 1817 »
467 1776 632 1820 coelis⁵.
650 1775 718 1820 Ad
735 1776 878 1835 ipsum
901 1791 974 1820 ore
995 1792 1092 1820 meo
1109 1776 1304 1821 clamavi.
1322 1778 1406 1821 Ore
1422 1793 1554 1822 meo»
1573 1778 1679 1837 jam,
1700 1792 1790 1822 non
1851 1782 1889 1831 NJ

409 1864 483 1893 ore
505 1847 660 1891 alieno.
686 1846 871 1900 Quando
895 1847 1133 1891 clamabam
1152 1848 1207 1891 ad
1222 1847 1386 1907 lapides
1406 1849 1452 1892 in
1473 1864 1583 1893 vana
1604 1864 1789 1893 conver-
1851 1840 1887 1902 {gi

408 1921 572 1964 satione
594 1929 785 1979 paternae
800 1919 1079 1973 tradi'tionisss,
1095 1936 1168 1964 ore
1184 1920 1323 1964 alieno
1337 1919 1598 1965 clamabam:
1611 1918 1789 1980 quando
1851 1933 1857 1963 ι
1874 1935 1881 1956 n

407 1990 588 2034 clamavi
610 1989 664 2034 ad
692 1990 950 2045 Dominum,
975 1989 1096 2049 quod
1115 1990 1205 2049 ipse
1226 1989 1404 2035 donavit
1421 2025 1432 2046 ,
1458 1990 1579 2051 quod
1604 1991 1694 2049 ipse
1714 1989 1786 2033 in-
1837 2002 1857 2068 [ς
1873 2007 1880 2027 11

407 2061 608 2120 spiravit,
638 2080 658 2102 «
683 2059 750 2104 Ad
774 2060 916 2119 ipsum
942 2076 1016 2103 ore
1051 2074 1147 2104 meo
1177 2059 1384 2115 clamavi,
1420 2069 1463 2104 et
1494 2059 1676 2105 exaltavi
1706 2060 1787 2104 sub
1836 2064 1889 2115 *igi

410 2150 429 2173 »
464 2131 613 2190 lingua
650 2148 760 2175 mea.
789 2151 809 2173 »
834 2132 949 2185 Quid
972 2140 1060 2185 est,
1090 2150 1109 2173 «
1129 2131 1321 2177 Clamavi
1353 2147 1426 2176 ore
1447 2147 1571 2187 meo,
1603 2141 1648 2176 et
1667 2131 1787 2176 exal-
1846 2128 1889 2183 ’ξεῖ

409 2220 429 2243 »
464 2202 551 2247 tavi
571 2203 650 2246 sub
672 2202 820 2261 lingua
840 2204 965 2246 mea?
984 2221 1003 2243 n
1022 2205 1168 2261 Ipsum
1187 2202 1361 2261 publice
1379 2202 1623 2261 praedicavi,
1644 2202 1787 2262 ipsum
1849 2213 1889 2246 iffi

405 2273 451 2316 in
473 2282 636 2317 secreto
651 2273 871 2317 confessus
885 2289 994 2317 sum.
1010 2276 1165 2317 Parum
1181 2282 1243 2316 est
1260 2277 1400 2317 Deum
1413 2273 1600 2317 exaltare
1611 2272 1782 2331 lingua3
1836 2262 1858 2344 Η
1872 2284 1887 2312 tl

407 2342 481 2387 sed
503 2353 546 2387 et
572 2344 653 2387 sub
686 2343 835 2402 lingua
854 2379 865 2398 ,
889 2353 938 2387 ut
969 2343 1088 2403 quod
1116 2352 1257 2387 certus
1283 2342 1472 2403 loqueris
1487 2378 1499 2399 ,
1522 2344 1606 2387 hoc
1626 2344 1783 2388 tacitus
1834 2331 1886 2405 Ιξέῑ

406 2414 579 2472 cogites.
616 2433 636 2456 «
665 2413 733 2458 Ad
764 2414 907 2473 ipsum
935 2429 1008 2458 ore
1037 2429 1133 2458 meo
1167 2414 1372 2469 clamavi,
1411 2422 1454 2457 et
1484 2413 1666 2458 exaltavi
1699 2413 1782 2457 sub
1835 2411 1887 2479 {im

451 2512 459 2527 ¹
486 2514 560 2554 Sap.
580 2522 649 2553 xm,
668 2522 700 2552 9.
724 2527 765 2533 —-
791 2517 804 2532 2
823 2510 903 2542 Psal.
922 2521 995 2552 LXV,
1018 2521 1069 2554 17.
1093 2528 1134 2533 —-
1154 2508 1167 2533 3
1191 2521 1202 2542 1
1227 2512 1298 2543 Cor.
1317 2521 1373 2552 xu,
1391 2518 1423 2543 2.
1444 2526 1486 2533 -
1502 2508 1520 2540 4
1535 2511 1655 2544 Jerem.
1675 2519 1710 2552 11,
1724 2518 1778 2551 27.
1834 2469 1858 2546 ll

406 2582 446 2588 ·—
464 2564 478 2590 ⁵
496 2566 608 2599 Matth.
631 2577 676 2609 vr,
692 2577 725 2609 9.
742 2583 782 2589 —-
800 2564 816 2589 6
835 2577 849 2598 1
870 2567 957 2598 Petr.
971 2577 996 2607 1,
1023 2565 1072 2597 18.
1834 2525 1838 2595 l
