1889 3285
366 287 608 317 ENARRATIO
641 290 686 316 IN
718 287 920 316 PSALMUM
952 291 1087 317 LXVII.
1341 276 1426 315 279

42 354 164 414 quod
190 355 236 411 in
279 369 418 413 graeco
447 363 510 398 est
541 361 740 406 μετάφρενα,
775 353 947 398 nonnisi
969 370 992 398 a
1013 353 1324 413 posterioribus
1343 353 1430 411 sig-

40 425 189 468 nificat
204 460 217 480 ‚
242 423 362 484 quod
383 433 448 468 est
475 427 632 468 «Inter
653 424 863 483 scapulas.
883 426 1077 468 »Utrum
1109 433 1338 483 propterea
1362 423 1426 467 ibi

40 503 105 538 est
125 495 218 538 auri
237 493 503 549 viriditas,id
523 503 606 549 est,
626 495 834 553 sapientia
846 503 889 537 et
901 494 1101 548 charitas,
1119 494 1222 553 quia
1240 493 1302 536 ibi
1319 502 1423 537 sunt

40 563 232 625 quodam
255 565 386 608 modo
408 564 574 608 radices
598 563 764 608 alarum
787 585 798 621 3
824 580 879 608 an
908 563 1009 624 quia
1036 555 1097 607 ibi
1127 571 1326 622 portatur
1355 562 1430 608 illa

28 635 205 679 -sarcina
226 634 361 678 levis?
383 634 500 688 Quid
517 635 631 678 enim
646 644 747 679 sunt
767 635 835 679 vel
852 635 956 694 ipsae
977 634 1077 689 alae,
1102 634 1182 678 nisi
1199 632 1287 678 duo
1307 649 1424 693 prae-

38 714 162 764 cepta
184 705 402 748 charitatis
419 740 430 759 ,
454 705 500 748 in
523 705 681 764 quibus
696 714 783 750 tota
795 708 883 748 Lex
901 704 1062 764 pendet
1079 713 1122 748 et
1143 704 1425 763 Prophetae1?

39 774 152 828 Quid
173 775 264 833 ipsa
285 775 452 819 sarcina
474 774 578 818 levis
591 810 601 828 ,
627 776 708 819 nisi
728 775 819 834 ipsa
842 775 1025 819 charitas
1045 790 1143 835 quae
1163 774 1210 817 in
1230 774 1296 817 his
1316 774 1429 818 duo-

35 844 118 888 bus
150 845 376 903 praeceptis
409 844 649 904 impletur?
681 844 908 905 Quidquid
941 845 1058 889 enim
1085 843 1263 888 difficile
1294 853 1358 887 est
1380 843 1429 887 in

35 924 254 975 praecepto
268 950 279 969 ‚
298 915 394 959 leve
412 924 476 959 est
497 916 674 959 amanti.
696 918 786 960 Nec
807 915 864 959 ob
888 915 1008 959 aliud
1029 924 1148 959 recte
1169 913 1429 972 intelligitur

35 984 202 1029 dictum
228 1004 236 1029 :
263 986 416 1029 «Onus
440 1000 584 1029 meum
603 985 698 1029 leve
720 995 783 1030 est
802 988 835 1040 ²,
855 1003 876 1025 »
901 985 982 1028 nisi
1009 985 1113 1044 quia
1126 983 1202 1028 dat
1219 983 1427 1043 Spiritum

35 1064 255 1110 sanctum,
275 1070 353 1115 per
374 1071 506 1115 quem
533 1055 798 1099 diffunditur
827 1055 1011 1099 charitas
1032 1055 1078 1098 in
1100 1053 1307 1098 cordibus
1324 1068 1426 1098 nos-

34 1125 110 1169 tris
120 1126 152 1180 3,
179 1134 228 1168 ut
259 1125 446 1169 amando
476 1124 712 1169 liberaliter
732 1124 939 1170 faciamus
955 1160 966 1179 ‚
992 1124 1111 1186 quod
1132 1123 1328 1169 timendo
1349 1123 1426 1184 qui

33 1195 153 1250 facit,
171 1194 381 1239 serviliter
393 1194 496 1238 facit
515 1215 526 1251 ς
547 1210 627 1238 nec
649 1204 713 1239 est
735 1195 897 1239 amicus
908 1195 1035 1249 recti,
1059 1193 1238 1255 quando
1255 1193 1420 1248 mallet,

32 1265 68 1309 si
88 1266 181 1308 fieri
202 1274 360 1324 posset,
384 1264 430 1309 id
451 1265 568 1323 quod
590 1275 757 1309 rectum
769 1275 832 1308 est
854 1281 944 1309 non
957 1266 1117 1324 juberi.

92 1337 214 1378 XIX.
236 1335 383 1387 Quaeri
406 1335 535 1377 etiam
551 1342 722 1392 potest,
742 1348 842 1377 cum
864 1349 955 1377 non
979 1336 1032 1378 sit
1045 1335 1236 1378 dictum:
1258 1333 1301 1378 Si
1318 1333 1424 1378 dor-

31 1405 173 1450 miatis
194 1405 239 1448 in
261 1404 384 1449 cleris
400 1439 412 1459 ⁷
438 1404 528 1458 sed,
554 1422 574 1445 «
592 1406 712 1448 Inter
730 1404 896 1448 medios
911 1403 1046 1448 cleros
1069 1424 1080 1461 3
1099 1421 1120 1445 n
1147 1403 1254 1463 quid
1266 1404 1320 1448 sit
1338 1404 1424 1448 hoc

37 1494 58 1518 ε(
90 1478 210 1520 Inter
223 1474 390 1519 medios
413 1474 564 1519 cleros.
590 1493 611 1515 »
638 1474 768 1528 Quod
785 1475 960 1534 quidem
983 1475 1015 1519 si
1038 1475 1277 1534 expressius
1288 1483 1425 1518 trans-

31 1545 218 1590 ferretur
233 1560 285 1588 ex
303 1560 444 1604 graeco
455 1580 465 1596 ‚
489 1545 602 1588 inter
615 1543 808 1588 medium
817 1543 1031 1589 clerorum
1046 1543 1264 1588 dice-retur
1278 1565 1289 1602 3
1303 1545 1425 1604 quod

30 1616 77 1660 in
93 1615 218 1660 nullo
234 1616 524 1674 interpretum
547 1615 632 1673 legi
657 1634 665 1658 ε
690 1623 922 1674 propterea
944 1615 1074 1659 credo
1095 1614 1198 1674 quia
1234 1623 1425 1658 tantum-

31 1686 132 1731 dem
151 1685 268 1730 valet
285 1686 405 1746 quod
427 1685 594 1730 dictum
608 1694 671 1745 est
693 1704 700 1729 :
727 1704 746 1726 «
766 1688 886 1728 Inter
905 1684 1072 1729 medios
1094 1684 1247 1728 cleros.
1263 1703 1283 1725 »
1307 1684 1423 1729 Hinc

30 1770 131 1814 ergo
153 1756 261 1816 quid
286 1756 393 1799 mihi
413 1755 614 1800 videatur
644 1770 870 1814 exponam.
907 1757 1029 1814 Saepe
1056 1755 1140 1799 hoc
1162 1754 1346 1798 verbum
1369 1754 1424 1798 ad

31 1826 174 1887 aliqua
194 1826 493 1871 connectenda
506 1834 638 1884 atque
659 1826 852 1884 pacanda
864 1861 874 1880 ‚
890 1841 946 1869 ne
964 1825 1077 1869 inter
1093 1840 1137 1869 se
1155 1823 1390 1868 dissideant
1406 1859 1418 1879 ‚

29 1898 133 1957 poni
162 1897 270 1942 solet
301 1917 309 1941 ε
350 1898 459 1941 sicut
482 1905 790 1940 testamentum
814 1897 926 1940 inter
960 1912 1004 1940 se
1031 1906 1074 1941 et
1097 1894 1313 1956 populum
1334 1901 1420 1940 Deo

29 1969 324 2014 constituente
344 2003 354 2023 ‚
379 1969 464 2012 hoc
484 1968 669 2012 verbum
693 1969 913 2027 Scriptura
934 1968 1060 2027 ponit
1081 1988 1093 2024 3
1124 1982 1226 2011 nam
1256 1982 1336 2025 pro
1368 1981 1421 2010 eo

29 2038 150 2100 quod
165 2047 227 2082 est
243 2039 284 2081 in
301 2039 483 2093 latino‚«
493 2039 607 2083 Inter
623 2054 693 2082 me
715 2047 758 2082 et
777 2054 897 2093 vos‚»
911 2053 1074 2097 graecus
1094 2038 1275 2092 habct‚«
1298 2040 1418 2080 Inter

31 2127 53 2151 n
73 2108 267 2154 medium
281 2124 428 2152 meum
442 2117 485 2152 et
495 2118 733 2153 vestrum.»
748 2110 815 2153 Sic
828 2110 933 2153 etde
948 2109 1069 2168 signo
1078 2107 1416 2153 circumcisionis

29 2195 129 2224 cum
151 2178 347 2239 loquitur
360 2184 471 2222 Deus
504 2179 560 2222 ad
591 2178 832 2233 Abraham,
858 2178 963 2223 dicit
985 2197 993 2223 :
1019 2198 1039 2221 ι(
1063 2179 1157 2222 Erit
1177 2187 1415 2222 testamen-

31 2267 54 2291 »
87 2259 181 2294 tum
201 2249 315 2293 inter
330 2264 400 2293 me
416 2258 461 2293 et
474 2258 517 2293 te
529 2284 540 2303 ‚
566 2258 609 2293 et
631 2264 760 2293 omne
777 2264 923 2293 semen
935 2250 1082 2293 tuum4
1099 2268 1108 2293 :
1126 2267 1146 2291 »
1168 2247 1289 2309 quod
1310 2263 1416 2306 grae-

30 2336 106 2365 cus
125 2313 430 2374 habet‚«Inter
450 2319 646 2364 medium
660 2335 809 2364 meum
823 2329 867 2363 et
887 2329 1029 2373 tuum,
1042 2329 1085 2364 et
1098 2319 1416 2364 intermedium

15 2408 54 2449 ἦ»
74 2390 245 2434 seminis
267 2391 374 2433 tui.»
391 2393 501 2434 Item
524 2406 623 2434 cum
646 2389 899 2450 loqueretur
910 2389 964 2434 ad
980 2393 1073 2435 Noe'
1094 2390 1148 2434 de
1159 2405 1263 2434 arcu
1273 2391 1317 2433 in
1329 2405 1415 2432 nu-

29 2461 157 2504 bibus
181 2460 236 2504 ad
254 2459 427 2519 signum
449 2460 807 2505 constituendum
823 2463 855 2516 ⁵,
879 2461 965 2506 hoc
985 2461 1168 2505 verbum
1189 2459 1421 2519 saepissime

50 2535 54 2545 -
76 2562 86 2578 ¹
105 2555 217 2587 Matth.
239 2565 319 2595 xxn,
335 2553 388 2596 4ο.
408 2572 452 2594 ¹——
471 2562 483 2577 ²
503 2556 549 2586 Id.
568 2565 610 2593 xi,
626 2555 679 2587 30.
695 2572 736 2578 -
753 2554 765 2578 3
785 2558 875 2587 Rom.
893 2567 928 2596 v,
949 2556 980 2587 5.
997 2573 1038 2579 —
1051 2555 1066 2584 4
1087 2558 1166 2588 Gen.
1190 2566 1271 2592 xvir,
1303 2562 1321 2584 2
1337 2557 1370 2584 ef
1387 2563 1418 2594 ⁷5.

30 2626 71 2632 —-
98 2608 170 2641 51ι1.
190 2622 237 2649 IX,
267 2619 347 2642 12.κ
