1889 3285
237 328 478 359 ENARRATIO
510 332 525 357 1
556 332 602 358 IN
634 329 838 360 PsALMUM
870 333 1034 371 LXVIII,
1069 331 1207 361 sumto
1238 336 1268 361 1.
1364 322 1447 362 323

73 414 95 438 «
129 396 203 440 Isti
221 405 366 440 autem
388 396 422 439 si
443 396 769 454 cognovissent,
795 413 1022 459 nunquam
1048 399 1282 443 Dominum
1303 398 1452 458 gloriae

71 483 93 507 »
126 459 438 514 crucifixissent
455 468 487 510 1.
511 471 636 522 Deus,
662 476 713 510 tu
728 468 845 513 scisti
856 467 1195 528 imprudentiam
1213 484 1369 513 meam.
1395 472 1454 515 Et

69 553 106 586 »‚
125 535 282 580 delicta
302 551 398 580 mea
419 551 443 580 a
464 544 507 579 te
523 551 614 580 non
635 545 736 581 sunt
757 536 1023 582 abscondita.
1051 554 1072 578 »
1093 540 1187 581 Hoc
1207 537 1359 596 plane,
1376 538 1450 583 lu-

67 604 177 660 cide,
201 615 370 666 aperte,
392 602 503 666 quia
526 622 586 659 ex?
602 622 676 651 ore
699 609 888 667 corporis
906 606 1239 664 intelligendum
1260 617 1337 652 est.
1363 611 1451 652 De-

64 673 166 720 licta
193 675 315 720 nulla
344 677 539 727 Christus
571 677 759 735 habuit3
796 677 879 722 fuit
909 676 1170 722 delictorum
1201 688 1446 738 susceptor,

65 746 140 790 sed
157 762 246 791 non
263 750 527 792 commissor.
547 768 568 790 «
592 751 649 792 Et
665 747 821 793 delicta
837 765 932 793 mea
949 764 973 792 a
987 758 1029 793 te
1042 758 1253 798 nonsunt
1269 749 1451 795 abscon-

68 834 89 858 »
122 817 211 860 dita
236 835 245 861 :
267 816 313 860 id
329 827 413 872 est,
439 817 657 862 confessus
677 834 772 862 sum
793 819 872 863 tibi
894 819 1041 863 omnia
1073 819 1231 864 delicta
1259 835 1353 864 mea
1368 855 1379 875 ,
1403 829 1447 865 et

66 895 165 930 ante
186 902 232 931 os
260 902 408 930 meum
429 886 571 931 vidisti
593 904 641 932 ea
663 888 709 932 in
737 889 1000 947 cogitatione
1026 904 1122 933 mea
1143 925 1153 944 ,
1178 890 1323 934 vidisti
1348 890 1448 935 vul·-

64 971 167 1000 nera
193 972 498 1016 quaesanares.
528 957 612 1002 Sed
631 959 705 1002 ubi
723 960 740 999 ⁶?
759 959 917 1018 Utique
939 959 984 1002 in
1013 975 1215 1019 corpore,
1241 961 1287 1003 in
1307 976 1449 1004 mem-

64 1027 179 1084 bris3
208 1027 253 1070 in
274 1026 356 1071 illis
388 1027 590 1072 fidelibus
606 1063 617 1083 ‚
647 1028 764 1072 unde
794 1028 857 1072 illi
878 1029 1074 1074 haerebat
1088 1032 1180 1090 jam
1200 1031 1450 1075 membrum

62 1095 173 1141 illud
194 1097 316 1157 quod
336 1098 626 1142 confitebatur
647 1109 822 1158 peccata
838 1115 929 1143 sua.
959 1119 980 1142 «
998 1103 1056 1145 Et
1071 1100 1228 1145 delicta
1241 1136 1253 1157 ,
1278 1101 1443 1161 inquit,

66 1184 87 1208 »
114 1182 208 1211 mea
231 1183 253 1211 a
278 1177 320 1211 te
343 1183 432 1212 non
454 1177 555 1213 sunt
572 1169 841 1213 abscondita.
868 1188 888 1211 »

119 1239 199 1280 XI.
215 1256 235 1279 «
251 1239 348 1282 Non
365 1238 622 1282 erubescant
635 1239 679 1282 in
701 1253 771 1282 me
786 1274 797 1293 ,
819 1239 894 1298 qui
909 1248 949 1283 te
967 1250 1218 1299 expectant,
1239 1242 1445 1299 Domine,

65 1324 86 1348 »
122 1307 305 1350 Domine
334 1308 548 1351 virtutum
566 1311 598 1351 ².
617 1326 637 1348 »
670 1310 838 1352 Rursus
866 1324 948 1363 v'ox
984 1310 1160 1368 capitis,
1181 1313 1319 1356 «Non
1349 1327 1451 1356 eru-

65 1395 86 1420 »
121 1378 300 1422 bescant
320 1379 366 1422 in
387 1394 456 1421 me
479 1393 487 1418 :
516 1397 536 1419 »
563 1394 652 1422 non
683 1377 854 1423 dicatur
879 1379 987 1424 illis:
1011 1381 1094 1424 Ubi
1127 1382 1293 1441 estqui
1324 1383 1448 1427 vobis

62 1449 234 1493 dicebat
250 1468 258 1493 :
280 1449 484 1494 «Credite
496 1449 543 1492 in
555 1452 709 1504 Deum,
722 1458 765 1493 et
780 1450 826 1493 in
841 1465 910 1493 me
923 1450 1085 1494 credite
1098 1453 1113 1476 ³
1124 1453 1142 1495 Ξ)
1153 1454 1252 1496 Non
1266 1453 1447 1497 erubes-

64 1537 84 1560 »
118 1529 220 1563 cant
239 1519 286 1562 in
306 1534 402 1574 me,
423 1519 497 1578 qui
522 1528 564 1563 te
586 1528 815 1578 expectant
830 1555 840 1574 ,
865 1521 1070 1575 Domine,
1106 1521 1290 1565 Domine
1306 1522 1449 1567 virtu-

63 1607 84 1630 »
118 1598 228 1633 tum.
261 1591 356 1634 Non
390 1587 719 1633 confundantur
749 1605 878 1648 super
910 1605 981 1633 me
999 1625 1010 1645 ,
1031 1591 1109 1650 qui
1134 1600 1340 1651 quaerunt
1373 1602 1444 1648 te,

62 1676 83 1699 »
117 1661 232 1702 Deus
256 1657 401 1701 Israel.
429 1676 450 1699 »
476 1661 624 1702 Potest
650 1659 734 1702 hoc
767 1668 810 1703 et
831 1675 854 1703 a
876 1675 1056 1719 corpore
1078 1659 1263 1719 intelligi
1279 1682 1290 1718 3
1309 1662 1386 1706 sed
1411 1663 1448 1707 si

59 1744 218 1786 corpus
239 1730 331 1788 ejus
360 1743 449 1772 non
470 1743 608 1771 unum
629 1728 854 1773 hominem
872 1745 1008 1788 ponas
1032 1749 1041 1774 :
1062 1731 1165 1790 quia
1186 1747 1334 1777 revera
1354 1748 1446 1778 non

60 1808 124 1843 est
138 1814 250 1842 unus
268 1799 400 1843 homo
423 1814 579 1858 corpus
601 1801 692 1858 cjus
708 1833 718 1853 ,
743 1798 818 1842 sed
832 1799 1033 1857 exiguum
1054 1800 1329 1861 membrum,
1353 1818 1447 1848 cor-

59 1885 140 1929 pus
160 1879 305 1914 autem
328 1885 378 1913 ex
399 1869 602 1919 membris
623 1877 806 1913 constat.
828 1871 996 1928 Corpus
1017 1884 1117 1927 ergo
1139 1871 1230 1930 ejus
1242 1871 1440 1930 plenum,

59 1949 150 1984 tota
170 1940 553 1989 Ecclesia-,Merito
575 1955 677 1998 ergo
691 1939 797 1983 dicit
808 1938 1019 1984 Ecclesia:
1039 1959 1059 1981 «
1073 1942 1169 1986 Non
1189 1942 1446 1988 erubescant

61 2029 82 2052 »
117 2012 163 2055 in
180 2026 249 2055 me
267 2046 278 2066 ,
305 2011 382 2071 qui
401 2020 443 2055 te
459 2019 711 2070 expectant,
736 2011 936 2066 Domine,
961 2011 1142 2056 Domine
1162 2012 1405 2057 virtutum·
1419 2031 1441 2056 »

58 2083 156 2126 Non
172 2082 231 2126 sic
248 2082 415 2140 affligar
443 2081 498 2125 ab
519 2080 845 2138 insurgentibus
866 2082 1238 2140 persecutoribuS,
1273 2099 1362 2129 non
1383 2084 1443 2128 sic

59 2151 232 2195 obterar
253 2152 308 2195 ab
329 2151 627 2196 invidentibus
652 2150 835 2205 inimicis
865 2151 996 2206 meis,
1033 2151 1088 2194 ab
1122 2150 1443 2198 oblatrantibus

58 2222 270 2266 haereticis
287 2221 362 2282 qui
383 2237 407 2265 a
428 2236 498 2267 me
520 2221 740 2276 exierunt,
765 2221 868 2281 quia
889 2236 977 2265 non
1000 2230 1123 2265 erant
1138 2236 1189 2265 ex
1210 2237 1314 2276 me:
1339 2239 1442 2268 nam

57 2292 92 2336 si
109 2291 291 2336 fuissent
311 2307 363 2335 ex
382 2306 474 2346 me,
494 2306 668 2335 mecum
681 2289 860 2335 forsitan
871 2291 1204 2350 permansissent
1216 2293 1248 2336 4.
1265 2295 1364 2338 Non
1382 2294 1443 2338 sic

59 2378 209 2408 eorum
231 2361 441 2407 scandalis
468 2377 654 2422 premar,
680 2371 730 2406 ut
763 2382 784 2404 «
815 2362 1088 2411 Erubescant
1118 2363 1164 2406 in
1197 2365 1372 2424 me‘qui
1402 2374 1445 2409 te

61 2451 81 2474 »
115 2442 357 2493 expectant,
382 2433 779 2488 Domine,Domine
796 2432 1024 2477 virtutum.
1045 2435 1143 2477 Non
1160 2434 1441 2480 confundan-

61 2522 81 2545 »
117 2513 188 2548 tur
209 2520 336 2565 super
357 2519 427 2548 me
447 2539 457 2559 ,
483 2504 559 2564 qui
581 2512 784 2564 quaerunt
805 2513 863 2559 te,
889 2506 1002 2547 Deus
1014 2502 1159 2547 Israe'l.
1181 2522 1201 2545 »

107 2605 115 2621 ¹
140 2610 152 2630 1
178 2601 249 2632 Cor.
280 2610 316 2640 11,
352 2599 384 2631 8.
417 2615 458 2620 -
493 2605 505 2620 ²
534 2596 897 2639 Psal.va111‚7.-—3
924 2600 1015 2629 Joan.
1052 2609 1128 2639 xiv,
1154 2609 1181 2629 1.
1204 2615 1244 2620 -
1269 2597 1285 2627 4
1310 2610 1323 2631 1
1343 2601 1434 2633 Joan.

60 2665 101 2695 u,
126 2665 175 2695 19.

1184 2706 1249 2744 21.
