1889 3285
394 238 477 277 162
824 247 858 274 s.
893 244 1123 274 Anausnm
1154 247 1336 275 Emscom

388 320 700 374 praecesserunt
715 347 726 367 ‚
751 320 802 356 ut
820 314 931 355 Deus
961 311 1087 355 nobis
1109 312 1292 370 gratiam
1322 326 1446 356 suam
1465 311 1622 357 daret?
1639 314 1779 358 Num-

387 384 498 444 quid
515 384 681 428 invenit
698 382 886 444 justitias
902 397 1012 442 quas
1032 391 1281 438 coronaret,
1311 392 1355 427 et
1382 398 1473 427 non
1494 382 1653 428 delicta
1678 399 1778 444 quae

387 456 600 499 donaret?
614 454 773 514 Utique
788 453 962 508 delicta,
983 469 1082 512 quae
1096 452 1290 509 donavit,
1306 454 1341 498 si
1353 454 1510 514 punire
1524 453 1670 510 vellet,
1685 469 1778 499 non

388 535 497 570 esset
518 526 746 587 injustum.
761 524 879 578 Quid
896 524 1012 568 enim
1027 533 1116 568 tam
1132 526 1299 584 justum
1315 560 1327 581 ‚
1350 541 1484 586 quam
1505 534 1556 569 ut
1572 526 1779 585 puniatur

386 607 588 657 peccator
600 599 618 641 P
631 599 741 642 Cum
750 597 918 657 justum
933 596 1015 651 sit,
1033 604 1085 639 ut
1096 596 1305 655 puniatur
1320 606 1522 657 peccator
1538 631 1549 652 ‚
1568 596 1780 656 pertinuit

386 667 442 712 ad
459 667 794 712 misericordiam
807 666 940 726 ipsius
963 681 1053 710 non
1073 666 1231 726 punire
1248 677 1542 727 peccatorem,
1567 666 1644 711 sed
1654 667 1780 728 justi-

386 739 530 795 ficare,
565 748 609 783 θῖ
637 739 692 783 de
715 747 942 797 peccatore
967 736 1110 781 facere
1127 738 1312 797 justum,
1334 747 1378 782 et
1396 738 1451 782 de
1471 738 1607 797 impio
1636 738 1779 782 facere

383 810 521 869 pium.
538 812 655 868 Ergo
675 828 694 851 «
708 808 1000 853 Misericordia
1015 807 1148 867 ipsius
1161 807 1313 852 melior
1327 823 1459 868 super
1473 808 1599 853 vitas.
1619 825 1640 849 »
1657 810 1774 861 Quas

382 881 647 934 vitas?Quas
658 879 740 924 sibi
753 880 950 925 homines
974 878 1216 937 elegerunt.
1244 879 1367 924 Alius
1384 879 1516 939 elegit
1537 879 1619 923 sibi
1643 879 1780 924 vitam

384 951 658 1010 negotiandi,
676 950 785 995 alius
799 951 935 995 vitani
948 949 1203 1005 rusticandi,
1235 949 1345 994 alius
1361 950 1496 995 vitam
1513 950 1775 1006 foenerandi,

384 1023 491 1067 alius
523 1023 658 1068 vitam
691 1022 928 1080 militandi3
969 1021 1076 1066 alius
1110 1021 1256 1076 illam,
1289 1021 1397 1086 ali-us
1424 1020 1561 1066 illam.
1590 1021 1780 1066 Diversae

382 1104 485 1139 sunt
505 1095 606 1139 vitae
620 1130 630 1150 ‚
657 1093 733 1139 sed
757 1094 937 1139 «Melior
961 1103 1025 1138 θεῖ
1046 1093 1341 1138 misericordia
1362 1102 1438 1138 tua
1461 1109 1596 1153 super
1616 1093 1725 1138 vitas
1753 1110 1774 1134 »

383 1174 565 1209 nostras.
592 1164 749 1209 Melius
781 1173 845 1208 est
867 1163 989 1224 quod
1025 1163 1101 1208 das
1124 1165 1344 1220 correctis,
1375 1180 1508 1225 quam
1543 1163 1667 1225 quod
1697 1162 1778 1207 eli-

381 1245 490 1295 gunt
510 1236 882 1298 perversiNUnam
904 1236 1038 1280 vitam
1066 1235 1202 1280 donas
1228 1233 1343 1296 ⁴quae
1372 1244 1657 1296 praeponatur
1674 1249 1774 1280 om-

383 1307 513 1350 nibus
535 1306 690 1350 nostris
707 1341 718 1361 ‚
743 1321 1042 1366 quascumque
1061 1307 1106 1350 in
1122 1306 1292 1351 mundo
1314 1307 1474 1366 eligere
1487 1306 1775 1367 potuerimus.

387 1397 408 1420 «
433 1377 652 1431 Quoniam
672 1375 827 1420 melior
844 1387 908 1419 est
938 1377 1231 1418 misericordia
1258 1386 1334 1418 tua
1358 1391 1488 1434 super
1499 1377 1639 1434 vitas3
1664 1376 1779 1421 labia

383 1467 404 1489 n
430 1463 527 1492 mea
548 1446 796 1491 laudabunt
817 1454 875 1489 te.
899 1462 920 1485 »
944 1446 1043 1489 Non
1071 1452 1114 1488 te
1142 1444 1374 1489 laudarent
1396 1444 1512 1490 labia
1541 1462 1638 1490 mea
1656 1482 1667 1502 ‚
1696 1444 1779 1490 nisi

380 1533 451 1562 me
473 1516 738 1577 praecederet
758 1514 1050 1558 misericordia
1084 1523 1174 1558 tua.
1200 1520 1321 1559 Dono
1353 1523 1432 1560 tuo
1453 1524 1497 1559 te
1518 1515 1675 1572 laudo,
1701 1532 1779 1576 per

381 1586 722 1632 misericordiam
743 1594 864 1629 tuam
885 1593 927 1628 ῖθ
944 1584 1093 1629 laudo.
1118 1587 1216 1630 Non
1239 1586 1356 1630 enim
1378 1602 1460 1646 ego
1481 1603 1651 1647 possem
1676 1587 1777 1632 lau-

382 1658 485 1703 dare
508 1661 646 1702 Deum
666 1691 677 1711 ,
701 1656 782 1700 nisi
811 1655 918 1699 mihi
941 1654 1124 1700 donaret
1150 1655 1330 1700 laudare
1357 1671 1401 1700 se
1433 1659 1577 1717 possess
1611 1677 1631 1700 ‹<
1656 1661 1777 1712 Quo-

387 1748 408 1772 »
429 1730 546 1773 niam
568 1727 722 1772 melior
752 1735 816 1771 θεῖ
834 1726 1127 1771 misericordia
1144 1735 1219 1771 tua
1233 1743 1364 1787 super
1379 1728 1490 1773 vitas
1507 1747 1516 1773 :
1547 1728 1663 1774 labia
1680 1745 1777 1775 mea

386 1817 408 1840 »
431 1799 679 1843 laudabunt
701 1807 758 1842 te.
785 1815 806 1838 »

441 1872 568 1914 XIII.
598 1889 618 1912 «
641 1869 709 1914 Sic
724 1867 981 1913 benedicam
998 1877 1041 1913 te
1062 1868 1107 1912 in
1128 1869 1217 1913 vita
1231 1883 1348 1924 mea,
1373 1878 1418 1914 et
1433 1869 1479 1913 in
1500 1870 1678 1915 nomine
1698 1878 1777 1915 tuo

385 1961 407 1984 »
443 1941 599 1985 levabo
625 1955 780 1983 manus
801 1955 931 1983 meas.
956 1939 1024 1984 Sic
1052 1938 1310 1984 benedicam
1333 1949 1376 1984 te
1397 1940 1443 1984 in
1463 1941 1552 1985 vita
1578 1943 1722 1985 mea1.
1749 1959 1772 1983 »

382 2014 408 2057 J
413 2027 481 2056 am
501 2012 548 2055 in
561 2011 648 2056 vita
666 2026 762 2055 mea
781 2025 914 2071 quam
932 2009 1041 2053 mihi
1058 2009 1250 2065 donasti,
1276 2011 1427 2055 nonin
1443 2010 1518 2055 illa
1539 2027 1672 2071 quam
1694 2028 1776 2072 ego

383 2082 494 2142 elegi
511 2081 752 2127 secundum
775 2080 990 2125 mundum
1014 2096 1114 2125 cum
1143 2081 1309 2125 caeteris
1330 2081 1444 2124 inter
1465 2081 1625 2126 multas
1646 2083 1771 2139 vitas,

385 2154 461 2198 sed
496 2169 627 2214 quam
650 2152 806 2197 dedisti
833 2152 941 2196 mihi
972 2167 1051 2210 per
1081 2150 1421 2195 misericordiam
1455 2161 1605 2208 tuam,
1647 2163 1699 2198 ut
1730 2162 1776 2198 te

382 2224 621 2270 laudarem.
653 2243 672 2266 «
700 2224 768 2269 Sic
800 2223 1057 2267 benedicam
1089 2232 1128 2267 te
1155 2223 1203 2266 in
1229 2223 1318 2267 vita
1352 2238 1464 2267 mea.
1495 2242 1515 2264 »
1544 2223 1659 2277 Quid
1685 2234 1771 2281 est,

391 2315 412 2340 α
433 2297 530 2342 Sic?
547 2315 567 2337 >›
593 2299 649 2340 Ut
670 2294 973 2339 misericordiae
996 2303 1083 2338 tuae
1104 2294 1294 2339 tribuam
1308 2294 1440 2339 vitam
1462 2310 1603 2339 meam
1620 2295 1666 2340 in
1687 2312 1775 2357 qua

382 2377 428 2412 te
448 2366 603 2422 laudo,
628 2382 718 2410 non
750 2365 912 2410 meritis
932 2364 1052 2409 meis.
1090 2384 1110 2407 ι(
1135 2368 1192 2410 Εῖ
1220 2365 1264 2409 in
1294 2365 1472 2409 nomine
1506 2373 1585 2410 tuo
1615 2365 1773 2411 levabo

387 2457 408 2480 »
434 2454 586 2482 manus
611 2452 738 2481 incas.
767 2455 787 2477 »
813 2439 927 2480 Leva
950 2450 1051 2494 crgo
1078 2451 1233 2479 manus
1267 2435 1313 2479 in
1347 2436 1558 2480 oratione.
1593 2437 1773 2482 Levavit

384 2525 463 2569 pro
486 2508 610 2552 nobis
631 2507 840 2553 Dominus
877 2514 1022 2550 noster
1053 2521 1206 2551 manus
1238 2506 1284 2549 in
1316 2521 1472 2561 cruce,
1507 2515 1551 2550 et
1584 2514 1771 2552 extensae

435 2600 442 2615 ¹
463 2593 540 2624 psal.
561 2604 632 2633 an,
652 2593 682 2624 5.
