1889 3285
390 222 474 264 314
825 233 860 262 s.
896 233 1127 265 Auous‘nm
1157 238 1339 267 EPISCOPI

390 299 545 344 dixerit
565 307 575 344 ἵε
604 317 623 340 «
647 300 746 344 Non
768 307 831 343 est
859 299 1113 345 substantia.
1134 304 1161 344 j»
1186 301 1258 347 Ad
1277 304 1491 346 summam
1518 304 1636 348 enim
1655 319 1769 364 pau-

386 377 600 429 pertatem
619 370 816 428 pervenit
833 405 843 424 ‚
869 369 1046 430 quando
1068 370 1252 416 formam
1282 374 1392 417 servi
1416 373 1576 417 induit.
1601 374 1772 419 Divitiae

388 442 479 501 ejus
505 451 603 501 quae
625 444 756 485 sunt?
784 460 800 481 «
824 441 908 495 Qui
932 457 1033 486 cum
1054 443 1101 486 in
1121 442 1262 487 forma
1284 444 1361 488 Dei
1391 453 1522 500 esset,
1547 460 1637 489 non
1661 446 1772 506 rapi÷

392 528 410 553 >5
446 527 548 555 nam
566 512 798 556 arbitratus
820 522 883 557 est
908 528 997 557 esse
1025 513 1203 573 aequalis
1232 517 1338 559 Deo.
1363 531 1382 557 3>
1407 516 1485 559 Hae
1513 531 1681 574 magnae
1703 517 1774 561 in-

387 582 787 643 comparabilesque
802 582 976 627 divitiae.
998 584 1123 629 Unde
1138 599 1238 643 ergo
1255 585 1335 629 ista
1354 589 1616 646 paupertas?
1633 588 1774 641 «Quia

390 672 410 695 »
445 654 722 712 semetipsum
744 654 978 698 exinanivit
999 652 1182 698 formam
1205 655 1315 699 servi
1337 656 1548 715 accipiens
1562 692 1574 712 ‚
1593 657 1640 700 i'n
1660 657 1776 701 simi-

392 744 411 766 »
445 723 674 768 litudinem
697 726 924 770 hominum
939 724 1093 779 factus,
1110 735 1153 770 et
1169 727 1323 770 habitu
1337 727 1540 772 inventus
1557 737 1609 772 ut
1619 729 1769 784 homo3

392 814 412 837 »
447 795 690 841 humiliavit
712 813 777 850 se,
814 796 952 841 faetus
986 796 1194 842 obediens
1220 814 1360 858 usque
1396 799 1451 842 ad
1479 807 1664 844 mortem
1690 816 1700 845 ξ
1725 809 1777 845 ut·

392 884 410 906 »
446 865 610 910 diceret
636 885 645 911 :
674 867 941 912 introierunt
963 883 1088 927 aquae
1109 883 1248 928 usque
1270 868 1325 912 ad
1354 869 1544 912 animam
1566 885 1723 914 meam.
1752 880 1772 911 ⁵)

387 934 513 979 Adde
527 944 657 995 super
677 947 861 981 mortem
884 957 892 983 :
918 938 1025 998 quid
1047 937 1232 998 a'mplius
1250 938 1478 984 additurus
1495 941 1565 983 esi’
1588 940 1778 998 Ignomi-

388 1006 503 1049 niam
532 1007 697 1050 mortis.
736 1007 838 1052 Ideo
867 1009 1063 1068 sequitur
1085 1027 1092 1053 :
1124 1027 1142 1048 «
1169 1011 1355 1053 Mortem
1377 1019 1521 1053 autern
1544 1010 1728 1054 erucis¹.
1753 1029 1771 1052 »

387 1078 547 1135 Magna
568 1087 799 1136 paupertas
821 1078 829 1122 l
866 1079 950 1123 Sed
972 1079 1073 1123 hine
1105 1089 1234 1124 erunt
1254 1095 1422 1138 magnae
1451 1079 1613 1123 divitiae
1637 1096 1646 1125 z
1672 1080 1776 1140 quia

388 1146 500 1190 sicut
520 1147 698 1206 impleta
717 1156 778 1192 est
796 1158 1024 1208 paupertas
1048 1150 1138 1209 ejus
1154 1185 1165 1204 ‚
1191 1150 1250 1193 ita
1273 1149 1576 1208 implebuntur
1597 1159 1641 1194 et
1663 1149 1778 1194 divi-

389 1216 460 1260 tiae
488 1227 648 1261 nostrae
671 1217 725 1262 de
747 1227 1003 1279 paupertate
1028 1220 1174 1278 ipsius.
1210 1222 1403 1272 Quantas
1425 1219 1593 1264 divitias
1613 1220 1775 1275 habet}

390 1296 440 1331 ut
461 1286 515 1331 de
535 1304 611 1332 sua
634 1298 886 1348 paupertate
910 1305 987 1333 nos
1009 1289 1163 1333 divites
1180 1290 1369 1334 faceret!
1396 1289 1551 1343 Quales
1580 1306 1659 1334 nos
1688 1288 1780 1334 fac-

390 1368 513 1404 turus
540 1369 603 1404 est
620 1361 674 1404 de
698 1359 856 1405 divitiis
877 1362 986 1416 suis,
1013 1377 1122 1421 quos
1146 1361 1299 1405 divites
1321 1361 1425 1405 fecit
1445 1360 1500 1405 de
1524 1370 1780 1422 paupertate

394 1430 493 1474 sua!

450 1503 503 1544 V.
535 1520 552 1541 «
577 1502 741 1545 Infixus
763 1517 858 1545 sum
880 1502 925 1545 in
948 1501 1053 1547 limo
1076 1501 1299 1561 profundi,
1321 1513 1364 1547 et
1379 1519 1470 1547 non
1492 1512 1556 1547 est
1574 1503 1780 1547 substan-

397 1590 414 1611 »
451 1571 524 1615 tia.
555 1590 572 1611 »
609 1570 873 1630 Intelligitur
915 1571 999 1616 alio
1037 1572 1169 1616 modo
1206 1573 1445 1617 substantia
1466 1609 1476 1627 ‚
1512 1573 1624 1634 illud
1660 1572 1780 1633 quod

392 1656 541 1685 sumus
570 1641 787 1701 quidquid
821 1658 983 1686 sumus.
1025 1642 1109 1687 Sed
1133 1643 1218 1687 hoe
1252 1643 1307 1686 ad
1338 1641 1669 1700 intelligendum
1698 1642 1779 1687 ali-

391 1722 556 1772 quanto
593 1722 657 1757 est
692 1713 931 1768 difficilius,
968 1729 1221 1774 quanquam
1251 1729 1317 1758 res
1345 1714 1513 1757 usitatae
1543 1713 1660 1758 sint:
1702 1714 1779 1758 sed

393 1783 494 1842 quia
515 1783 771 1826 inusitatum
793 1783 977 1827 verbum
1001 1793 1090 1838 est,
1123 1783 1290 1843 indiget
1320 1783 1710 1829 commendationis
1734 1793 1778 1828 et

393 1853 665 1912 expositionis
702 1853 985 1914 aliquantulae
1013 1873 1022 1898 :
1057 1854 1126 1898 cui
1148 1863 1296 1898 tamen
1327 1854 1361 1898 si
1391 1854 1544 1898 intenti
1582 1852 1774 1910 fueritis,

392 1921 582 1967 fortassis
610 1924 655 1967 in
689 1939 736 1967 ea
771 1939 859 1968 non
891 1923 1200 1968 laborabimus.
1237 1924 1403 1968 Dicitur
1431 1925 1586 1979 homo,
1618 1923 1778 1969 dieitur

390 2009 522 2052 pecus
538 2029 548 2049 ,
582 1995 741 2038 dicitur
768 2004 880 2039 terra
896 2030 907 2049 ‚
933 1994 1091 2039 dicitur
1119 1994 1283 2039 coelum
1299 2030 1310 2048 ,
1347 1994 1507 2039 dicitur
1528 1994 1619 2050 sol,
1643 1994 1773 2051 luna,

395 2063 499 2123 lapis
514 2099 524 2119 ‚
550 2080 683 2118 mare,
705 2069 798 2121 a'er3
824 2065 969 2109 omnia
986 2065 1065 2109 ista
1089 2065 1342 2109 substantiae
1363 2074 1480 2120 sunt,
1502 2081 1553 2110 eo
1574 2066 1666 2125 ipso
1687 2082 1776 2123 quo

392 2144 507 2178 sunt.
525 2137 701 2179 Naturae
721 2135 839 2194 ipsae,
857 2135 1109 2179 substantiae
1122 2136 1342 2179 dicuntur.
1361 2139 1476 2179 Deus
1494 2145 1555 2180 est
1572 2136 1776 2196 quaedam

391 2205 654 2249 substantia:
682 2221 781 2248 nam
805 2205 925 2266 quod
951 2205 1071 2250 nulla
1095 2205 1442 2260 substantia‘esu
1467 2205 1577 2249 nihil
1598 2207 1775 2252 omnino

394 2284 472 2319 est.
501 2275 748 2319 Substantia
777 2292 877 2333 ergo
900 2275 1064 2336 aliquid
1085 2291 1174 2319 esse
1198 2285 1274 2320 est.
1303 2275 1427 2320 Unde
1449 2277 1578 2320 etiam
1600 2278 1645 2320 in
1667 2278 1775 2322 Fide

391 2345 618 2399 catholica,
631 2356 778 2390 contra
795 2362 959 2390 venena
978 2345 1266 2406 quorumdam
1282 2346 1585 2391 haeretieorum
1598 2348 1657 2391 sic
1672 2349 1774 2392 aedi-

390 2417 586 2470 ficaniur,
600 2426 648 2460 ut
661 2417 852 2461 dicamus
868 2422 1051 2469 Patrem,
1065 2427 1105 2460 et
1116 2416 1270 2460 Filium
1281 2453 1289 2471 ‚
1302 2426 1345 2461 et
1355 2419 1557 2477 Spiritum
1573 2428 1772 2463 sanctum

388 2487 517 2530 unius
539 2503 627 2531 esse
650 2488 910 2532 substantiae.
940 2489 1051 2541 Quid
1073 2497 1156 2541 est,
1182 2489 1308 2532 unius
1331 2489 1609 2532 substantiae?
1632 2491 1768 2534 Verbi

441 2591 447 2605 ¹
476 2583 584 2625 Philip,
602 2595 634 2616 n.
655 2583 724 2615 G-S*
