<?xml version="1.0" encoding="UTF-8"?>
<!DOCTYPE html PUBLIC "-//W3C//DTD XHTML 1.0 Transitional//EN"
    "http://www.w3.org/TR/xhtml1/DTD/xhtml1-transitional.dtd">
<html xmlns="http://www.w3.org/1999/xhtml" xml:lang="en" lang="en">
 <head>
  <title>
</title>
<meta http-equiv="Content-Type" content="text/html;charset=utf-8" />
  <meta name='ocr-system' content='tesseract 3.04.00' />
  <meta name='ocr-capabilities' content='ocr_page ocr_carea ocr_par ocr_line ocrx_word'/>
</head>
<body>
  <div class='ocr_page' id='page_1' title='image "./operaomniaaccura09auguuoft_0337.png"; bbox 0 0 1889 3285; ppageno 0'>
   <div class='ocr_carea' id='block_1_1' title="bbox 260 233 1478 280">
    <p class='ocr_par' dir='ltr' id='par_1_1' title="bbox 260 233 1478 280">
     <span class='ocr_line' id='line_1_1' title="bbox 260 233 1478 280; baseline 0.002 -12"><span class='ocrx_word' id='word_1_1' title='bbox 260 240 500 269; x_wconf 75' lang='lat' dir='ltr'>ENARRATIO</span> <span class='ocrx_word' id='word_1_2' title='bbox 533 242 546 266; x_wconf 95' lang='lat'>1</span> <span class='ocrx_word' id='word_1_3' title='bbox 579 242 623 267; x_wconf 79' lang='grc' dir='ltr'><strong>ῙΝ</strong></span> <span class='ocrx_word' id='word_1_4' title='bbox 657 240 858 269; x_wconf 73' lang='lat' dir='ltr'>PSALMUM</span> <span class='ocrx_word' id='word_1_5' title='bbox 891 244 1050 280; x_wconf 74' lang='lat' dir='ltr'><strong>vaur,</strong></span> <span class='ocrx_word' id='word_1_6' title='bbox 1085 242 1222 271; x_wconf 69' lang='lat' dir='ltr'><strong>sumto</strong></span> <span class='ocrx_word' id='word_1_7' title='bbox 1258 245 1287 270; x_wconf 89' lang='lat'><strong>1.</strong></span> <span class='ocrx_word' id='word_1_8' title='bbox 1397 233 1478 271; x_wconf 73' lang='lat'><strong>325</strong></span> 
     </span>
    </p>
   </div>
   <div class='ocr_carea' id='block_1_2' title="bbox 31 306 1480 2470">
    <p class='ocr_par' dir='ltr' id='par_1_2' title="bbox 31 306 1480 1402">
     <span class='ocr_line' id='line_1_2' title="bbox 100 306 1480 367; baseline 0.001 -17"><span class='ocrx_word' id='word_1_9' title='bbox 100 307 242 350; x_wconf 83' lang='lat' dir='ltr'><strong>tianus</strong></span> <span class='ocrx_word' id='word_1_10' title='bbox 257 306 577 351; x_wconf 81' lang='lat' dir='ltr'><strong>irreverentiam</strong></span> <span class='ocrx_word' id='word_1_11' title='bbox 599 306 723 350; x_wconf 85' lang='lat' dir='ltr'><strong>istam</strong></span> <span class='ocrx_word' id='word_1_12' title='bbox 739 341 750 361; x_wconf 79' lang='lat'>,</span> <span class='ocrx_word' id='word_1_13' title='bbox 777 306 953 367; x_wconf 84' lang='lat' dir='ltr'><strong>quando</strong></span> <span class='ocrx_word' id='word_1_14' title='bbox 970 308 1140 352; x_wconf 85' lang='lat' dir='ltr'><strong>venerit</strong></span> <span class='ocrx_word' id='word_1_15' title='bbox 1161 308 1480 352; x_wconf 87' lang='lat' dir='ltr'><strong>interhomines</strong></span> 
     </span>
     <span class='ocr_line' id='line_1_3' title="bbox 99 375 1478 436; baseline 0.001 -16"><span class='ocrx_word' id='word_1_16' title='bbox 99 377 258 436; x_wconf 88' lang='lat' dir='ltr'><strong>quibus</strong></span> <span class='ocrx_word' id='word_1_17' title='bbox 281 375 477 435; x_wconf 85' lang='lat' dir='ltr'><strong>displicet</strong></span> <span class='ocrx_word' id='word_1_18' title='bbox 497 375 708 419; x_wconf 88' lang='lat' dir='ltr'><strong>Christus.</strong></span> <span class='ocrx_word' id='word_1_19' title='bbox 740 376 782 420; x_wconf 87' lang='lat' dir='ltr'><strong>Si</strong></span> <span class='ocrx_word' id='word_1_20' title='bbox 817 377 1041 420; x_wconf 83' lang='lat' dir='ltr'><strong>erubuerit</strong></span> <span class='ocrx_word' id='word_1_21' title='bbox 1063 377 1117 420; x_wconf 89' lang='lat' dir='ltr'><strong>de</strong></span> <span class='ocrx_word' id='word_1_22' title='bbox 1139 378 1333 431; x_wconf 90' lang='lat' dir='ltr'><strong>Christo,</strong></span> <span class='ocrx_word' id='word_1_23' title='bbox 1358 378 1478 422; x_wconf 89' lang='lat' dir='ltr'><strong>dele—</strong></span> 
     </span>
     <span class='ocr_line' id='line_1_4' title="bbox 97 445 1479 505; baseline 0.001 -15"><span class='ocrx_word' id='word_1_24' title='bbox 97 446 217 490; x_wconf 82' lang='lat' dir='ltr'><strong>bitur</strong></span> <span class='ocrx_word' id='word_1_25' title='bbox 234 447 288 490; x_wconf 85' lang='lat' dir='ltr'><strong>de</strong></span> <span class='ocrx_word' id='word_1_26' title='bbox 307 445 420 490; x_wconf 90' lang='lat' dir='ltr'><strong>libro</strong></span> <span class='ocrx_word' id='word_1_27' title='bbox 440 445 693 489; x_wconf 89' lang='lat' dir='ltr'><strong>viventium.</strong></span> <span class='ocrx_word' id='word_1_28' title='bbox 720 448 838 505; x_wconf 89' lang='lat' dir='ltr'><strong>Opus</strong></span> <span class='ocrx_word' id='word_1_29' title='bbox 856 456 918 490; x_wconf 92' lang='lat' dir='ltr'><strong>est</strong></span> <span class='ocrx_word' id='word_1_30' title='bbox 939 462 1041 505; x_wconf 83' lang='lat' dir='ltr'><strong>ergo</strong></span> <span class='ocrx_word' id='word_1_31' title='bbox 1069 455 1118 490; x_wconf 87' lang='lat' dir='ltr'><strong>ut</strong></span> <span class='ocrx_word' id='word_1_32' title='bbox 1140 448 1300 491; x_wconf 79' lang='lat' dir='ltr'>habeas</span> <span class='ocrx_word' id='word_1_33' title='bbox 1317 448 1479 493; x_wconf 89' lang='lat' dir='ltr'><strong>irreve-</strong></span> 
     </span>
     <span class='ocr_line' id='line_1_5' title="bbox 96 515 1475 577; baseline 0.002 -17"><span class='ocrx_word' id='word_1_34' title='bbox 96 517 298 572; x_wconf 78' lang='lat' dir='ltr'><strong>rentiam,</strong></span> <span class='ocrx_word' id='word_1_35' title='bbox 311 515 488 577; x_wconf 86' lang='lat' dir='ltr'><strong>quando</strong></span> <span class='ocrx_word' id='word_1_36' title='bbox 506 515 585 560; x_wconf 90' lang='lat' dir='ltr'><strong>tibi</strong></span> <span class='ocrx_word' id='word_1_37' title='bbox 599 516 832 561; x_wconf 85' lang='lat' dir='ltr'><strong>deChristo</strong></span> <span class='ocrx_word' id='word_1_38' title='bbox 848 516 1095 573; x_wconf 52' lang='lat' dir='ltr'><strong>insultatum</strong></span> <span class='ocrx_word' id='word_1_39' title='bbox 1106 516 1281 576; x_wconf 88' lang='lat' dir='ltr'><strong>quando</strong></span> <span class='ocrx_word' id='word_1_40' title='bbox 1296 517 1475 564; x_wconf 85' lang='lat' dir='ltr'><strong>dicitur:</strong></span> 
     </span>
     <span class='ocr_line' id='line_1_6' title="bbox 94 585 1476 641; baseline 0.001 -9"><span class='ocrx_word' id='word_1_41' title='bbox 94 587 248 632; x_wconf 88' lang='lat' dir='ltr'><strong>Cultor</strong></span> <span class='ocrx_word' id='word_1_42' title='bbox 269 586 464 631; x_wconf 76' lang='lat' dir='ltr'><strong>crucifixi</strong></span> <span class='ocrx_word' id='word_1_43' title='bbox 479 621 490 641; x_wconf 83' lang='grc'>,</span> <span class='ocrx_word' id='word_1_44' title='bbox 515 585 716 630; x_wconf 85' lang='lat' dir='ltr'><strong>adorator</strong></span> <span class='ocrx_word' id='word_1_45' title='bbox 728 587 840 630; x_wconf 86' lang='lat' dir='ltr'><strong>male</strong></span> <span class='ocrx_word' id='word_1_46' title='bbox 861 587 1044 641; x_wconf 84' lang='lat' dir='ltr'><strong>mortui,</strong></span> <span class='ocrx_word' id='word_1_47' title='bbox 1069 596 1299 632; x_wconf 86' lang='lat' dir='ltr'><strong>venerator</strong></span> <span class='ocrx_word' id='word_1_48' title='bbox 1320 589 1448 633; x_wconf 88' lang='lat' dir='ltr'><strong>occisi</strong></span> <span class='ocrx_word' id='word_1_49' title='bbox 1467 609 1476 633; x_wconf 88' lang='grc'>;</span> 
     </span>
     <span class='ocr_line' id='line_1_7' title="bbox 91 657 1475 719; baseline 0.001 -17"><span class='ocrx_word' id='word_1_50' title='bbox 91 657 164 702; x_wconf 84' lang='lat' dir='ltr'><strong>hic</strong></span> <span class='ocrx_word' id='word_1_51' title='bbox 185 658 220 702; x_wconf 90' lang='lat' dir='ltr'><strong>si</strong></span> <span class='ocrx_word' id='word_1_52' title='bbox 241 657 468 702; x_wconf 83' lang='lat' dir='ltr'><strong>erubueris</strong></span> <span class='ocrx_word' id='word_1_53' title='bbox 483 692 494 712; x_wconf 86' lang='lat'>‚</span> <span class='ocrx_word' id='word_1_54' title='bbox 534 666 731 701; x_wconf 89' lang='lat' dir='ltr'><strong>mortuus</strong></span> <span class='ocrx_word' id='word_1_55' title='bbox 772 673 830 701; x_wconf 91' lang='lat' dir='ltr'><strong>es.</strong></span> <span class='ocrx_word' id='word_1_56' title='bbox 869 658 1135 703; x_wconf 82' lang='lat' dir='ltr'><strong>Sententiam</strong></span> <span class='ocrx_word' id='word_1_57' title='bbox 1158 659 1321 719; x_wconf 86' lang='lat' dir='ltr'><strong>quippe</strong></span> <span class='ocrx_word' id='word_1_58' title='bbox 1342 658 1475 718; x_wconf 89' lang='lat' dir='ltr'><strong>ipsius</strong></span> 
     </span>
     <span class='ocr_line' id='line_1_8' title="bbox 92 726 1478 787; baseline 0.001 -16"><span class='ocrx_word' id='word_1_59' title='bbox 92 726 216 782; x_wconf 88' lang='lat' dir='ltr'><strong>vide,</strong></span> <span class='ocrx_word' id='word_1_60' title='bbox 243 728 320 787; x_wconf 90' lang='lat' dir='ltr'><strong>qui</strong></span> <span class='ocrx_word' id='word_1_61' title='bbox 336 727 556 771; x_wconf 91' lang='lat' dir='ltr'><strong>neminem</strong></span> <span class='ocrx_word' id='word_1_62' title='bbox 576 726 713 772; x_wconf 85' lang='lat' dir='ltr'><strong>fallit:</strong></span> <span class='ocrx_word' id='word_1_63' title='bbox 744 747 764 770; x_wconf 88' lang='lat'>«</span> <span class='ocrx_word' id='word_1_64' title='bbox 787 729 874 782; x_wconf 87' lang='lat' dir='ltr'><strong>Qui</strong></span> <span class='ocrx_word' id='word_1_65' title='bbox 895 743 965 772; x_wconf 90' lang='lat' dir='ltr'><strong>me</strong></span> <span class='ocrx_word' id='word_1_66' title='bbox 987 728 1210 772; x_wconf 86' lang='lat' dir='ltr'><strong>erubuerit</strong></span> <span class='ocrx_word' id='word_1_67' title='bbox 1231 743 1377 773; x_wconf 89' lang='lat' dir='ltr'><strong>eoram</strong></span> <span class='ocrx_word' id='word_1_68' title='bbox 1399 729 1478 773; x_wconf 89' lang='lat' dir='ltr'><strong>ho-</strong></span> 
     </span>
     <span class='ocr_line' id='line_1_9' title="bbox 95 797 1475 856; baseline 0.002 -19"><span class='ocrx_word' id='word_1_69' title='bbox 95 815 115 838; x_wconf 92' lang='lat'>»</span> <span class='ocrx_word' id='word_1_70' title='bbox 149 797 340 842; x_wconf 84' lang='lat' dir='ltr'><strong>minibus</strong></span> <span class='ocrx_word' id='word_1_71' title='bbox 355 833 366 853; x_wconf 82' lang='grc'><strong>,</strong></span> <span class='ocrx_word' id='word_1_72' title='bbox 391 806 434 842; x_wconf 87' lang='lat' dir='ltr'><strong>et</strong></span> <span class='ocrx_word' id='word_1_73' title='bbox 455 812 533 856; x_wconf 83' lang='lat' dir='ltr'><strong>ego</strong></span> <span class='ocrx_word' id='word_1_74' title='bbox 555 797 806 842; x_wconf 82' lang='lat' dir='ltr'><strong>erubescam</strong></span> <span class='ocrx_word' id='word_1_75' title='bbox 831 813 932 842; x_wconf 89' lang='lat' dir='ltr'><strong>eum</strong></span> <span class='ocrx_word' id='word_1_76' title='bbox 954 813 1101 843; x_wconf 78' lang='lat' dir='ltr'><strong>coram</strong></span> <span class='ocrx_word' id='word_1_77' title='bbox 1121 797 1295 856; x_wconf 82' lang='lat' dir='ltr'><strong>Angelis</strong></span> <span class='ocrx_word' id='word_1_78' title='bbox 1311 799 1429 843; x_wconf 87' lang='lat' dir='ltr'><strong>Dei¹.</strong></span> <span class='ocrx_word' id='word_1_79' title='bbox 1454 817 1475 842; x_wconf 85' lang='lat'>»</span> 
     </span>
     <span class='ocr_line' id='line_1_10' title="bbox 31 867 1474 925; baseline 0.002 -14"><span class='ocrx_word' id='word_1_80' title='bbox 31 900 37 904; x_wconf 79' lang='lat'>-</span> <span class='ocrx_word' id='word_1_81' title='bbox 91 867 282 912; x_wconf 87' lang='lat' dir='ltr'><strong>Observa</strong></span> <span class='ocrx_word' id='word_1_82' title='bbox 310 882 410 925; x_wconf 84' lang='lat' dir='ltr'><strong>ergo</strong></span> <span class='ocrx_word' id='word_1_83' title='bbox 442 876 514 925; x_wconf 82' lang='lat' dir='ltr'><strong>tu3</strong></span> <span class='ocrx_word' id='word_1_84' title='bbox 551 868 604 911; x_wconf 90' lang='lat' dir='ltr'><strong>sit</strong></span> <span class='ocrx_word' id='word_1_85' title='bbox 632 868 677 911; x_wconf 89' lang='lat' dir='ltr'><strong>in</strong></span> <span class='ocrx_word' id='word_1_86' title='bbox 711 877 753 912; x_wconf 88' lang='lat' dir='ltr'><strong>te</strong></span> <span class='ocrx_word' id='word_1_87' title='bbox 789 869 1089 923; x_wconf 75' lang='lat' dir='ltr'><strong>irreverentia,</strong></span> <span class='ocrx_word' id='word_1_88' title='bbox 1114 867 1334 913; x_wconf 87' lang='lat' dir='ltr'><strong>frontosus</strong></span> <span class='ocrx_word' id='word_1_89' title='bbox 1356 878 1474 925; x_wconf 84' lang='lat' dir='ltr'><strong>est0‚</strong></span> 
     </span>
     <span class='ocr_line' id='line_1_11' title="bbox 89 937 1478 998; baseline 0.002 -17"><span class='ocrx_word' id='word_1_90' title='bbox 89 937 266 997; x_wconf 90' lang='lat' dir='ltr'><strong>quando</strong></span> <span class='ocrx_word' id='word_1_91' title='bbox 286 937 408 982; x_wconf 90' lang='lat' dir='ltr'><strong>audis</strong></span> <span class='ocrx_word' id='word_1_92' title='bbox 426 937 711 997; x_wconf 89' lang='lat' dir='ltr'><strong>opprobrium</strong></span> <span class='ocrx_word' id='word_1_93' title='bbox 730 937 785 982; x_wconf 92' lang='lat' dir='ltr'><strong>de</strong></span> <span class='ocrx_word' id='word_1_94' title='bbox 802 938 974 983; x_wconf 90' lang='lat' dir='ltr'><strong>Christo</strong></span> <span class='ocrx_word' id='word_1_95' title='bbox 994 959 1005 998; x_wconf 78' lang='lat'><em>3</em></span> <span class='ocrx_word' id='word_1_96' title='bbox 1037 954 1212 998; x_wconf 88' lang='lat' dir='ltr'><strong>prorsus</strong></span> <span class='ocrx_word' id='word_1_97' title='bbox 1234 948 1325 984; x_wconf 88' lang='lat' dir='ltr'><strong>esto</strong></span> <span class='ocrx_word' id='word_1_98' title='bbox 1353 939 1478 985; x_wconf 88' lang='lat' dir='ltr'><strong>fron-</strong></span> 
     </span>
     <span class='ocr_line' id='line_1_12' title="bbox 89 1006 1479 1067; baseline 0.001 -15"><span class='ocrx_word' id='word_1_99' title='bbox 89 1017 223 1052; x_wconf 88' lang='lat' dir='ltr'><strong>tosus.</strong></span> <span class='ocrx_word' id='word_1_100' title='bbox 245 1008 362 1062; x_wconf 87' lang='lat' dir='ltr'><strong>Quid</strong></span> <span class='ocrx_word' id='word_1_101' title='bbox 381 1008 506 1051; x_wconf 89' lang='lat' dir='ltr'><strong>times</strong></span> <span class='ocrx_word' id='word_1_102' title='bbox 533 1006 667 1052; x_wconf 78' lang='lat' dir='ltr'><strong>fronti</strong></span> <span class='ocrx_word' id='word_1_103' title='bbox 689 1016 800 1062; x_wconf 73' lang='lat' dir='ltr'><strong>tuae,</strong></span> <span class='ocrx_word' id='word_1_104' title='bbox 828 1024 960 1067; x_wconf 90' lang='lat' dir='ltr'><strong>quam</strong></span> <span class='ocrx_word' id='word_1_105' title='bbox 981 1008 1104 1067; x_wconf 84' lang='lat' dir='ltr'><strong>signo</strong></span> <span class='ocrx_word' id='word_1_106' title='bbox 1122 1009 1260 1053; x_wconf 91' lang='lat' dir='ltr'><strong>crucis</strong></span> <span class='ocrx_word' id='word_1_107' title='bbox 1281 1011 1479 1054; x_wconf 81' lang='lat' dir='ltr'><strong>armasti?</strong></span> 
     </span>
     <span class='ocr_line' id='line_1_13' title="bbox 89 1077 1478 1139; baseline 0 -16"><span class='ocrx_word' id='word_1_108' title='bbox 89 1080 182 1123; x_wconf 90' lang='lat' dir='ltr'><strong>Hoc</strong></span> <span class='ocrx_word' id='word_1_109' title='bbox 203 1087 267 1122; x_wconf 88' lang='lat' dir='ltr'><strong>est</strong></span> <span class='ocrx_word' id='word_1_110' title='bbox 285 1079 400 1122; x_wconf 90' lang='lat' dir='ltr'><strong>enim</strong></span> <span class='ocrx_word' id='word_1_111' title='bbox 421 1095 432 1122; x_wconf 91' lang='grc'><strong>.·</strong></span> <span class='ocrx_word' id='word_1_112' title='bbox 451 1081 664 1137; x_wconf 89' lang='lat' dir='ltr'><strong>«Propter</strong></span> <span class='ocrx_word' id='word_1_113' title='bbox 686 1087 729 1121; x_wconf 88' lang='lat' dir='ltr'><strong>te</strong></span> <span class='ocrx_word' id='word_1_114' title='bbox 748 1079 933 1122; x_wconf 91' lang='lat' dir='ltr'><strong>sustinui</strong></span> <span class='ocrx_word' id='word_1_115' title='bbox 955 1077 1333 1137; x_wconf 85' lang='lat' dir='ltr'><strong>exprobrationem</strong></span> <span class='ocrx_word' id='word_1_116' title='bbox 1350 1115 1360 1134; x_wconf 92' lang='lat'>‚</span> <span class='ocrx_word' id='word_1_117' title='bbox 1375 1095 1478 1139; x_wconf 92' lang='lat' dir='ltr'><strong>ope-</strong></span> 
     </span>
     <span class='ocr_line' id='line_1_14' title="bbox 90 1147 1476 1207; baseline 0.003 -18"><span class='ocrx_word' id='word_1_118' title='bbox 90 1166 111 1189; x_wconf 87' lang='lat'>»</span> <span class='ocrx_word' id='word_1_119' title='bbox 146 1148 233 1192; x_wconf 86' lang='lat' dir='ltr'><strong>ruit</strong></span> <span class='ocrx_word' id='word_1_120' title='bbox 267 1148 547 1192; x_wconf 87' lang='lat' dir='ltr'><strong>irreverentia</strong></span> <span class='ocrx_word' id='word_1_121' title='bbox 575 1147 732 1192; x_wconf 83' lang='lat' dir='ltr'><strong>faciem</strong></span> <span class='ocrx_word' id='word_1_122' title='bbox 752 1162 909 1191; x_wconf 85' lang='lat' dir='ltr'><strong>meam.</strong></span> <span class='ocrx_word' id='word_1_123' title='bbox 930 1151 1114 1207; x_wconf 85' lang='lat' dir='ltr'><strong>Propter</strong></span> <span class='ocrx_word' id='word_1_124' title='bbox 1136 1157 1178 1192; x_wconf 90' lang='lat' dir='ltr'><strong>te</strong></span> <span class='ocrx_word' id='word_1_125' title='bbox 1200 1149 1384 1193; x_wconf 87' lang='lat' dir='ltr'><strong>sustinui</strong></span> <span class='ocrx_word' id='word_1_126' title='bbox 1401 1165 1476 1193; x_wconf 77' lang='lat' dir='ltr'><strong>ex-</strong></span> 
     </span>
     <span class='ocr_line' id='line_1_15' title="bbox 89 1217 1476 1278; baseline 0.004 -19"><span class='ocrx_word' id='word_1_127' title='bbox 89 1235 110 1259; x_wconf 89' lang='lat'>»</span> <span class='ocrx_word' id='word_1_128' title='bbox 144 1217 472 1277; x_wconf 86' lang='lat' dir='ltr'><strong>probrationem</strong></span> <span class='ocrx_word' id='word_1_129' title='bbox 502 1237 510 1261; x_wconf 89' lang='lat'>:</span> <span class='ocrx_word' id='word_1_130' title='bbox 540 1235 559 1257; x_wconf 90' lang='lat'>»</span> <span class='ocrx_word' id='word_1_131' title='bbox 596 1225 640 1260; x_wconf 88' lang='lat' dir='ltr'><strong>et</strong></span> <span class='ocrx_word' id='word_1_132' title='bbox 670 1217 774 1276; x_wconf 83' lang='lat' dir='ltr'><strong>quia</strong></span> <span class='ocrx_word' id='word_1_133' title='bbox 806 1232 896 1261; x_wconf 93' lang='lat' dir='ltr'><strong>non</strong></span> <span class='ocrx_word' id='word_1_134' title='bbox 927 1217 982 1260; x_wconf 92' lang='lat' dir='ltr'><strong>de</strong></span> <span class='ocrx_word' id='word_1_135' title='bbox 1015 1227 1058 1261; x_wconf 90' lang='lat' dir='ltr'><strong>te</strong></span> <span class='ocrx_word' id='word_1_136' title='bbox 1093 1218 1275 1273; x_wconf 82' lang='lat' dir='ltr'><strong>erubui,</strong></span> <span class='ocrx_word' id='word_1_137' title='bbox 1296 1220 1476 1278; x_wconf 86' lang='lat' dir='ltr'><strong>quando</strong></span> 
     </span>
     <span class='ocr_line' id='line_1_16' title="bbox 85 1286 1475 1347; baseline 0.002 -16"><span class='ocrx_word' id='word_1_138' title='bbox 85 1288 192 1332; x_wconf 91' lang='lat' dir='ltr'><strong>mihi</strong></span> <span class='ocrx_word' id='word_1_139' title='bbox 225 1297 403 1347; x_wconf 90' lang='lat' dir='ltr'><strong>propter</strong></span> <span class='ocrx_word' id='word_1_140' title='bbox 434 1296 476 1331; x_wconf 88' lang='lat' dir='ltr'><strong>te</strong></span> <span class='ocrx_word' id='word_1_141' title='bbox 508 1286 800 1332; x_wconf 84' lang='lat' dir='ltr'><strong>insultabatur</strong></span> <span class='ocrx_word' id='word_1_142' title='bbox 827 1306 836 1331; x_wconf 81' lang='lat' dir='ltr'>z</span> <span class='ocrx_word' id='word_1_143' title='bbox 867 1288 1086 1347; x_wconf 87' lang='lat' dir='ltr'><strong>«Operuit</strong></span> <span class='ocrx_word' id='word_1_144' title='bbox 1107 1288 1384 1334; x_wconf 87' lang='lat' dir='ltr'><strong>irreverentia</strong></span> <span class='ocrx_word' id='word_1_145' title='bbox 1406 1289 1475 1334; x_wconf 85' lang='lat' dir='ltr'><strong>fa-</strong></span> 
     </span>
     <span class='ocr_line' id='line_1_17' title="bbox 90 1357 678 1402; baseline -0.007 -3"><span class='ocrx_word' id='word_1_146' title='bbox 90 1375 110 1399; x_wconf 90' lang='lat'>»</span> <span class='ocrx_word' id='word_1_147' title='bbox 145 1357 256 1402; x_wconf 86' lang='lat' dir='ltr'><strong>ciem</strong></span> <span class='ocrx_word' id='word_1_148' title='bbox 278 1373 435 1402; x_wconf 87' lang='lat' dir='ltr'><strong>meam.</strong></span> <span class='ocrx_word' id='word_1_149' title='bbox 458 1375 478 1398; x_wconf 88' lang='lat'>»</span> <span class='ocrx_word' id='word_1_150' title='bbox 672 1389 678 1395; x_wconf 85' lang='lat'><em>.</em></span> 
     </span>
    </p>

    <p class='ocr_par' dir='ltr' id='par_1_3' title="bbox 77 1424 1474 2470">
     <span class='ocr_line' id='line_1_18' title="bbox 143 1424 1474 1489; baseline 0.002 -18"><span class='ocrx_word' id='word_1_151' title='bbox 143 1430 270 1472; x_wconf 88' lang='lat' dir='ltr'>XIII.</span> <span class='ocrx_word' id='word_1_152' title='bbox 302 1447 322 1469; x_wconf 88' lang='lat'>«</span> <span class='ocrx_word' id='word_1_153' title='bbox 346 1427 571 1472; x_wconf 85' lang='lat' dir='ltr'><strong>Alienatus</strong></span> <span class='ocrx_word' id='word_1_154' title='bbox 592 1424 731 1471; x_wconf 86' lang='lat' dir='ltr'><strong>faetus</strong></span> <span class='ocrx_word' id='word_1_155' title='bbox 753 1442 849 1471; x_wconf 89' lang='lat' dir='ltr'><strong>sum</strong></span> <span class='ocrx_word' id='word_1_156' title='bbox 873 1427 1080 1473; x_wconf 85' lang='lat' dir='ltr'><strong>fratribus</strong></span> <span class='ocrx_word' id='word_1_157' title='bbox 1102 1428 1230 1483; x_wconf 81' lang='lat' dir='ltr'><strong>meis,</strong></span> <span class='ocrx_word' id='word_1_158' title='bbox 1255 1437 1298 1473; x_wconf 87' lang='lat' dir='ltr'><strong>et</strong></span> <span class='ocrx_word' id='word_1_159' title='bbox 1318 1429 1474 1489; x_wconf 90' lang='lat' dir='ltr'><strong>hospes</strong></span> 
     </span>
     <span class='ocr_line' id='line_1_19' title="bbox 85 1496 1468 1558; baseline 0.003 -20"><span class='ocrx_word' id='word_1_160' title='bbox 85 1515 106 1539; x_wconf 90' lang='lat'>»</span> <span class='ocrx_word' id='word_1_161' title='bbox 141 1496 237 1542; x_wconf 86' lang='lat' dir='ltr'><strong>filiis</strong></span> <span class='ocrx_word' id='word_1_162' title='bbox 258 1498 406 1541; x_wconf 89' lang='lat' dir='ltr'><strong>matris</strong></span> <span class='ocrx_word' id='word_1_163' title='bbox 428 1498 580 1540; x_wconf 78' lang='lat' dir='ltr'><strong>meae2.</strong></span> <span class='ocrx_word' id='word_1_164' title='bbox 606 1514 626 1537; x_wconf 89' lang='lat'>»</span> <span class='ocrx_word' id='word_1_165' title='bbox 652 1496 773 1541; x_wconf 90' lang='lat' dir='ltr'><strong>Filiis</strong></span> <span class='ocrx_word' id='word_1_166' title='bbox 797 1499 1038 1556; x_wconf 74' lang='lat' dir='ltr'><strong>Synagogae</strong></span> <span class='ocrx_word' id='word_1_167' title='bbox 1059 1499 1215 1558; x_wconf 89' lang='lat' dir='ltr'><strong>hospes</strong></span> <span class='ocrx_word' id='word_1_168' title='bbox 1232 1497 1372 1543; x_wconf 90' lang='lat' dir='ltr'><strong>factus</strong></span> <span class='ocrx_word' id='word_1_169' title='bbox 1390 1508 1468 1543; x_wconf 87' lang='lat' dir='ltr'><strong>est.</strong></span> 
     </span>
     <span class='ocr_line' id='line_1_20' title="bbox 83 1565 1473 1627; baseline 0.001 -16"><span class='ocrx_word' id='word_1_170' title='bbox 83 1569 136 1611; x_wconf 91' lang='lat' dir='ltr'><strong>In</strong></span> <span class='ocrx_word' id='word_1_171' title='bbox 162 1567 301 1626; x_wconf 88' lang='lat' dir='ltr'><strong>patria</strong></span> <span class='ocrx_word' id='word_1_172' title='bbox 329 1567 493 1627; x_wconf 87' lang='lat' dir='ltr'><strong>quippe</strong></span> <span class='ocrx_word' id='word_1_173' title='bbox 521 1566 654 1626; x_wconf 86' lang='lat' dir='ltr'><strong>ipsius</strong></span> <span class='ocrx_word' id='word_1_174' title='bbox 683 1565 912 1611; x_wconf 84' lang='lat' dir='ltr'><strong>dicebatur</strong></span> <span class='ocrx_word' id='word_1_175' title='bbox 937 1587 946 1612; x_wconf 73' lang='grc' dir='ltr'><strong><em>ι</em></strong></span> <span class='ocrx_word' id='word_1_176' title='bbox 977 1570 1172 1613; x_wconf 89' lang='lat' dir='ltr'><strong>«Nonne</strong></span> <span class='ocrx_word' id='word_1_177' title='bbox 1204 1583 1282 1613; x_wconf 91' lang='lat' dir='ltr'><strong>nos</strong></span> <span class='ocrx_word' id='word_1_178' title='bbox 1315 1569 1473 1614; x_wconf 90' lang='lat' dir='ltr'><strong>scimus</strong></span> 
     </span>
     <span class='ocr_line' id='line_1_21' title="bbox 84 1637 1467 1697; baseline 0.005 -19"><span class='ocrx_word' id='word_1_179' title='bbox 84 1656 105 1679; x_wconf 87' lang='lat'>»</span> <span class='ocrx_word' id='word_1_180' title='bbox 139 1652 241 1682; x_wconf 91' lang='lat' dir='ltr'><strong>eum</strong></span> <span class='ocrx_word' id='word_1_181' title='bbox 258 1652 348 1682; x_wconf 91' lang='lat' dir='ltr'><strong>esse</strong></span> <span class='ocrx_word' id='word_1_182' title='bbox 369 1637 511 1681; x_wconf 87' lang='lat' dir='ltr'><strong>filium</strong></span> <span class='ocrx_word' id='word_1_183' title='bbox 529 1637 679 1681; x_wconf 83' lang='lat' dir='ltr'><strong>Mariae</strong></span> <span class='ocrx_word' id='word_1_184' title='bbox 699 1646 742 1682; x_wconf 90' lang='lat' dir='ltr'><strong>et</strong></span> <span class='ocrx_word' id='word_1_185' title='bbox 759 1640 784 1682; x_wconf 88' lang='lat' dir='ltr'>J</span> <span class='ocrx_word' id='word_1_186' title='bbox 788 1639 922 1697; x_wconf 89' lang='lat' dir='ltr'><strong>oseph</strong></span> <span class='ocrx_word' id='word_1_187' title='bbox 935 1640 950 1665; x_wconf 78' lang='lat'>³</span> <span class='ocrx_word' id='word_1_188' title='bbox 967 1640 984 1682; x_wconf 84' lang='lat' dir='ltr'>P</span> <span class='ocrx_word' id='word_1_189' title='bbox 1001 1641 1094 1683; x_wconf 89' lang='lat' dir='ltr'><strong>»Et</strong></span> <span class='ocrx_word' id='word_1_190' title='bbox 1109 1637 1228 1683; x_wconf 89' lang='lat' dir='ltr'><strong>unde</strong></span> <span class='ocrx_word' id='word_1_191' title='bbox 1250 1638 1333 1685; x_wconf 90' lang='lat' dir='ltr'><strong>alio</strong></span> <span class='ocrx_word' id='word_1_192' title='bbox 1350 1639 1467 1685; x_wconf 87' lang='lat' dir='ltr'><strong>loeo:</strong></span> 
     </span>
     <span class='ocr_line' id='line_1_22' title="bbox 86 1706 1473 1767; baseline 0.004 -19"><span class='ocrx_word' id='word_1_193' title='bbox 86 1725 106 1749; x_wconf 93' lang='lat'>«</span> <span class='ocrx_word' id='word_1_194' title='bbox 140 1710 270 1752; x_wconf 89' lang='lat' dir='ltr'><strong>Hune</strong></span> <span class='ocrx_word' id='word_1_195' title='bbox 293 1716 439 1752; x_wconf 87' lang='lat' dir='ltr'><strong>autem</strong></span> <span class='ocrx_word' id='word_1_196' title='bbox 459 1707 674 1751; x_wconf 83' lang='lat' dir='ltr'><strong>nescimus</strong></span> <span class='ocrx_word' id='word_1_197' title='bbox 697 1706 817 1751; x_wconf 89' lang='lat' dir='ltr'><strong>unde</strong></span> <span class='ocrx_word' id='word_1_198' title='bbox 836 1707 891 1751; x_wconf 85' lang='lat' dir='ltr'><strong>sit</strong></span> <span class='ocrx_word' id='word_1_199' title='bbox 905 1708 1122 1753; x_wconf 70' lang='lat' dir='ltr'><strong>4‘3Factus</strong></span> <span class='ocrx_word' id='word_1_200' title='bbox 1144 1723 1247 1767; x_wconf 83' lang='lat' dir='ltr'><strong>ergo</strong></span> <span class='ocrx_word' id='word_1_201' title='bbox 1265 1724 1361 1753; x_wconf 90' lang='lat' dir='ltr'><strong>sum</strong></span> <span class='ocrx_word' id='word_1_202' title='bbox 1370 1710 1473 1756; x_wconf 89' lang='lat' dir='ltr'><strong>hos-</strong></span> 
     </span>
     <span class='ocr_line' id='line_1_23' title="bbox 83 1776 1472 1839; baseline 0.005 -22"><span class='ocrx_word' id='word_1_203' title='bbox 83 1794 104 1818; x_wconf 87' lang='lat'>»</span> <span class='ocrx_word' id='word_1_204' title='bbox 139 1792 214 1836; x_wconf 92' lang='lat' dir='ltr'><strong>pes</strong></span> <span class='ocrx_word' id='word_1_205' title='bbox 232 1777 330 1821; x_wconf 90' lang='lat' dir='ltr'><strong>filiis</strong></span> <span class='ocrx_word' id='word_1_206' title='bbox 352 1776 500 1820; x_wconf 85' lang='lat' dir='ltr'><strong>matris</strong></span> <span class='ocrx_word' id='word_1_207' title='bbox 523 1790 646 1819; x_wconf 71' lang='lat' dir='ltr'><strong>meae.</strong></span> <span class='ocrx_word' id='word_1_208' title='bbox 665 1795 685 1817; x_wconf 86' lang='lat'>»</span> <span class='ocrx_word' id='word_1_209' title='bbox 707 1778 806 1821; x_wconf 88' lang='lat' dir='ltr'><strong>Non</strong></span> <span class='ocrx_word' id='word_1_210' title='bbox 823 1776 1014 1820; x_wconf 88' lang='lat' dir='ltr'><strong>scierunt</strong></span> <span class='ocrx_word' id='word_1_211' title='bbox 1034 1777 1153 1820; x_wconf 89' lang='lat' dir='ltr'><strong>unde</strong></span> <span class='ocrx_word' id='word_1_212' title='bbox 1170 1777 1248 1821; x_wconf 89' lang='lat' dir='ltr'><strong>sim</strong></span> <span class='ocrx_word' id='word_1_213' title='bbox 1267 1813 1278 1833; x_wconf 90' lang='lat'>‚</span> <span class='ocrx_word' id='word_1_214' title='bbox 1303 1777 1358 1822; x_wconf 87' lang='lat' dir='ltr'><strong>de</strong></span> <span class='ocrx_word' id='word_1_215' title='bbox 1371 1780 1472 1839; x_wconf 85' lang='lat' dir='ltr'><strong>qui-</strong></span> 
     </span>
     <span class='ocr_line' id='line_1_24' title="bbox 79 1845 1472 1894; baseline 0.003 -4"><span class='ocrx_word' id='word_1_216' title='bbox 79 1846 161 1891; x_wconf 90' lang='lat' dir='ltr'><strong>bus</strong></span> <span class='ocrx_word' id='word_1_217' title='bbox 186 1856 277 1892; x_wconf 87' lang='lat' dir='ltr'><strong>erat</strong></span> <span class='ocrx_word' id='word_1_218' title='bbox 307 1863 408 1891; x_wconf 84' lang='lat' dir='ltr'><strong>caro</strong></span> <span class='ocrx_word' id='word_1_219' title='bbox 431 1862 528 1890; x_wconf 91' lang='lat' dir='ltr'><strong>mea</strong></span> <span class='ocrx_word' id='word_1_220' title='bbox 554 1866 563 1890; x_wconf 92' lang='lat'>:</span> <span class='ocrx_word' id='word_1_221' title='bbox 590 1862 679 1891; x_wconf 90' lang='lat' dir='ltr'><strong>non</strong></span> <span class='ocrx_word' id='word_1_222' title='bbox 700 1861 769 1890; x_wconf 91' lang='lat' dir='ltr'><strong>me</strong></span> <span class='ocrx_word' id='word_1_223' title='bbox 787 1846 982 1890; x_wconf 84' lang='lat' dir='ltr'><strong>sciebant</strong></span> <span class='ocrx_word' id='word_1_224' title='bbox 999 1846 1053 1891; x_wconf 90' lang='lat' dir='ltr'><strong>de</strong></span> <span class='ocrx_word' id='word_1_225' title='bbox 1074 1845 1235 1891; x_wconf 88' lang='lat' dir='ltr'><strong>femore</strong></span> <span class='ocrx_word' id='word_1_226' title='bbox 1249 1849 1472 1894; x_wconf 84' lang='lat' dir='ltr'><strong>Abraham</strong></span> 
     </span>
     <span class='ocr_line' id='line_1_25' title="bbox 80 1916 1472 1979; baseline 0.004 -19"><span class='ocrx_word' id='word_1_227' title='bbox 80 1927 230 1962; x_wconf 89' lang='lat' dir='ltr'><strong>natum</strong></span> <span class='ocrx_word' id='word_1_228' title='bbox 249 1939 259 1975; x_wconf 71' lang='lat'><em>3</em></span> <span class='ocrx_word' id='word_1_229' title='bbox 285 1918 402 1961; x_wconf 88' lang='lat' dir='ltr'><strong>unde</strong></span> <span class='ocrx_word' id='word_1_230' title='bbox 425 1933 525 1962; x_wconf 81' lang='lat' dir='ltr'><strong>caro</strong></span> <span class='ocrx_word' id='word_1_231' title='bbox 552 1932 647 1961; x_wconf 90' lang='lat' dir='ltr'><strong>mea</strong></span> <span class='ocrx_word' id='word_1_232' title='bbox 672 1916 842 1961; x_wconf 87' lang='lat' dir='ltr'><strong>occulta</strong></span> <span class='ocrx_word' id='word_1_233' title='bbox 860 1926 976 1972; x_wconf 82' lang='lat' dir='ltr'><strong>erat,</strong></span> <span class='ocrx_word' id='word_1_234' title='bbox 997 1917 1175 1977; x_wconf 87' lang='lat' dir='ltr'><strong>quando</strong></span> <span class='ocrx_word' id='word_1_235' title='bbox 1193 1919 1273 1962; x_wconf 90' lang='lat' dir='ltr'><strong>sub</strong></span> <span class='ocrx_word' id='word_1_236' title='bbox 1291 1919 1383 1979; x_wconf 91' lang='lat' dir='ltr'><strong>ipso</strong></span> <span class='ocrx_word' id='word_1_237' title='bbox 1405 1920 1472 1965; x_wconf 90' lang='lat' dir='ltr'><strong>fe-</strong></span> 
     </span>
     <span class='ocr_line' id='line_1_26' title="bbox 78 1987 1472 2048; baseline 0.001 -15"><span class='ocrx_word' id='word_1_238' title='bbox 78 2003 199 2033; x_wconf 89' lang='lat' dir='ltr'><strong>more</strong></span> <span class='ocrx_word' id='word_1_239' title='bbox 221 2003 401 2032; x_wconf 83' lang='lat' dir='ltr'><strong>manum</strong></span> <span class='ocrx_word' id='word_1_240' title='bbox 414 2003 562 2032; x_wconf 86' lang='lat' dir='ltr'><strong>servus</strong></span> <span class='ocrx_word' id='word_1_241' title='bbox 577 2003 756 2047; x_wconf 85' lang='lat' dir='ltr'><strong>ponens,</strong></span> <span class='ocrx_word' id='word_1_242' title='bbox 770 1987 934 2048; x_wconf 83' lang='lat' dir='ltr'><strong>juravit</strong></span> <span class='ocrx_word' id='word_1_243' title='bbox 952 2003 1029 2048; x_wconf 89' lang='lat' dir='ltr'><strong>per</strong></span> <span class='ocrx_word' id='word_1_244' title='bbox 1038 1994 1172 2031; x_wconf 87' lang='lat' dir='ltr'><strong>Deum</strong></span> <span class='ocrx_word' id='word_1_245' title='bbox 1185 1988 1287 2033; x_wconf 87' lang='lat' dir='ltr'><strong>coeli</strong></span> <span class='ocrx_word' id='word_1_246' title='bbox 1298 1992 1328 2033; x_wconf 70' lang='grc'><strong>5.</strong></span> <span class='ocrx_word' id='word_1_247' title='bbox 1341 1992 1472 2035; x_wconf 88' lang='lat' dir='ltr'><strong>«Hos-</strong></span> 
     </span>
     <span class='ocr_line' id='line_1_27' title="bbox 82 2057 1470 2121; baseline 0.004 -20"><span class='ocrx_word' id='word_1_248' title='bbox 82 2078 102 2102; x_wconf 89' lang='lat'>»</span> <span class='ocrx_word' id='word_1_249' title='bbox 136 2075 211 2120; x_wconf 89' lang='lat' dir='ltr'><strong>pes</strong></span> <span class='ocrx_word' id='word_1_250' title='bbox 233 2057 375 2104; x_wconf 88' lang='lat' dir='ltr'><strong>factus</strong></span> <span class='ocrx_word' id='word_1_251' title='bbox 417 2075 512 2103; x_wconf 90' lang='lat' dir='ltr'><strong>sum</strong></span> <span class='ocrx_word' id='word_1_252' title='bbox 539 2058 637 2102; x_wconf 88' lang='lat' dir='ltr'><strong>filiis</strong></span> <span class='ocrx_word' id='word_1_253' title='bbox 666 2059 812 2103; x_wconf 84' lang='lat' dir='ltr'><strong>matris</strong></span> <span class='ocrx_word' id='word_1_254' title='bbox 844 2073 967 2103; x_wconf 80' lang='lat' dir='ltr'><strong>meae.</strong></span> <span class='ocrx_word' id='word_1_255' title='bbox 986 2077 1006 2099; x_wconf 88' lang='lat'>»</span> <span class='ocrx_word' id='word_1_256' title='bbox 1032 2062 1175 2112; x_wconf 85' lang='lat' dir='ltr'><strong>Quare</strong></span> <span class='ocrx_word' id='word_1_257' title='bbox 1197 2059 1308 2105; x_wconf 82' lang='lat' dir='ltr'><strong>hoc?</strong></span> <span class='ocrx_word' id='word_1_258' title='bbox 1336 2077 1470 2121; x_wconf 85' lang='lat' dir='ltr'><strong>quare</strong></span> 
     </span>
     <span class='ocr_line' id='line_1_28' title="bbox 77 2128 1469 2188; baseline 0.001 -13"><span class='ocrx_word' id='word_1_259' title='bbox 77 2146 167 2175; x_wconf 91' lang='lat' dir='ltr'><strong>non</strong></span> <span class='ocrx_word' id='word_1_260' title='bbox 189 2138 460 2188; x_wconf 83' lang='lat' dir='ltr'><strong>agnoverunt</strong></span> <span class='ocrx_word' id='word_1_261' title='bbox 475 2131 493 2172; x_wconf 76' lang='grc' dir='ltr'><em>Ρ</em></span> <span class='ocrx_word' id='word_1_262' title='bbox 506 2144 641 2188; x_wconf 84' lang='lat' dir='ltr'><strong>quare</strong></span> <span class='ocrx_word' id='word_1_263' title='bbox 658 2128 849 2172; x_wconf 89' lang='lat' dir='ltr'><strong>alienum</strong></span> <span class='ocrx_word' id='word_1_264' title='bbox 862 2128 1064 2173; x_wconf 77' lang='lat' dir='ltr'><strong>dixerunt</strong></span> <span class='ocrx_word' id='word_1_265' title='bbox 1075 2131 1092 2172; x_wconf 76' lang='grc' dir='ltr'><strong>Ξ)</strong></span> <span class='ocrx_word' id='word_1_266' title='bbox 1102 2145 1236 2188; x_wconf 87' lang='lat' dir='ltr'><strong>quare</strong></span> <span class='ocrx_word' id='word_1_267' title='bbox 1260 2131 1351 2174; x_wconf 83' lang='lat' dir='ltr'><strong>ausi</strong></span> <span class='ocrx_word' id='word_1_268' title='bbox 1367 2142 1469 2176; x_wconf 85' lang='lat' dir='ltr'><strong>sunt</strong></span> 
     </span>
     <span class='ocr_line' id='line_1_29' title="bbox 78 2198 1468 2252; baseline 0.001 -8"><span class='ocrx_word' id='word_1_269' title='bbox 78 2200 221 2245; x_wconf 85' lang='lat' dir='ltr'><strong>dicere</strong></span> <span class='ocrx_word' id='word_1_270' title='bbox 248 2219 256 2244; x_wconf 92' lang='lat'>:</span> <span class='ocrx_word' id='word_1_271' title='bbox 288 2219 308 2241; x_wconf 88' lang='lat'>«</span> <span class='ocrx_word' id='word_1_272' title='bbox 328 2199 552 2244; x_wconf 87' lang='lat' dir='ltr'><strong>Nescimus</strong></span> <span class='ocrx_word' id='word_1_273' title='bbox 587 2198 702 2242; x_wconf 88' lang='lat' dir='ltr'><strong>unde</strong></span> <span class='ocrx_word' id='word_1_274' title='bbox 731 2199 816 2243; x_wconf 77' lang='lat' dir='ltr'><strong>sit?</strong></span> <span class='ocrx_word' id='word_1_275' title='bbox 839 2199 1053 2252; x_wconf 85' lang='lat' dir='ltr'><strong>Quoniam</strong></span> <span class='ocrx_word' id='word_1_276' title='bbox 1071 2199 1186 2244; x_wconf 75' lang='lat' dir='ltr'><strong>zelus</strong></span> <span class='ocrx_word' id='word_1_277' title='bbox 1209 2199 1364 2245; x_wconf 89' lang='lat' dir='ltr'><strong>domus</strong></span> <span class='ocrx_word' id='word_1_278' title='bbox 1380 2210 1468 2245; x_wconf 66' lang='lat' dir='ltr'><strong>tuce</strong></span> 
     </span>
     <span class='ocr_line' id='line_1_30' title="bbox 81 2268 1468 2329; baseline 0.003 -18"><span class='ocrx_word' id='word_1_279' title='bbox 81 2288 101 2312; x_wconf 86' lang='lat'>»</span> <span class='ocrx_word' id='word_1_280' title='bbox 136 2270 326 2315; x_wconf 90' lang='lat' dir='ltr'><strong>comedit</strong></span> <span class='ocrx_word' id='word_1_281' title='bbox 362 2270 483 2327; x_wconf 73' lang='lat' dir='ltr'><strong>me63</strong></span> <span class='ocrx_word' id='word_1_282' title='bbox 511 2268 600 2313; x_wconf 86' lang='lat' dir='ltr'><strong>»id</strong></span> <span class='ocrx_word' id='word_1_283' title='bbox 629 2277 692 2313; x_wconf 87' lang='lat' dir='ltr'><strong>est</strong></span> <span class='ocrx_word' id='word_1_284' title='bbox 710 2304 720 2324; x_wconf 87' lang='lat'>,</span> <span class='ocrx_word' id='word_1_285' title='bbox 762 2270 864 2329; x_wconf 84' lang='lat' dir='ltr'><strong>quia</strong></span> <span class='ocrx_word' id='word_1_286' title='bbox 897 2279 1148 2329; x_wconf 85' lang='lat' dir='ltr'><strong>persecutus</strong></span> <span class='ocrx_word' id='word_1_287' title='bbox 1178 2285 1274 2314; x_wconf 88' lang='lat' dir='ltr'><strong>sum</strong></span> <span class='ocrx_word' id='word_1_288' title='bbox 1307 2271 1354 2314; x_wconf 91' lang='lat' dir='ltr'><strong>in</strong></span> <span class='ocrx_word' id='word_1_289' title='bbox 1385 2270 1468 2316; x_wconf 88' lang='lat' dir='ltr'><strong>illis</strong></span> 
     </span>
     <span class='ocr_line' id='line_1_31' title="bbox 77 2339 1463 2401; baseline -0.001 -17"><span class='ocrx_word' id='word_1_290' title='bbox 77 2339 326 2401; x_wconf 79' lang='lat' dir='ltr'><strong>iniquitates</strong></span> <span class='ocrx_word' id='word_1_291' title='bbox 348 2340 557 2398; x_wconf 81' lang='lat' dir='ltr'><strong>ipsorum,</strong></span> <span class='ocrx_word' id='word_1_292' title='bbox 574 2340 673 2399; x_wconf 88' lang='lat' dir='ltr'><strong>quia</strong></span> <span class='ocrx_word' id='word_1_293' title='bbox 696 2354 788 2383; x_wconf 91' lang='lat' dir='ltr'><strong>non</strong></span> <span class='ocrx_word' id='word_1_294' title='bbox 801 2339 1015 2399; x_wconf 82' lang='lat' dir='ltr'><strong>patienter</strong></span> <span class='ocrx_word' id='word_1_295' title='bbox 1035 2339 1115 2384; x_wconf 87' lang='lat' dir='ltr'><strong>tuli</strong></span> <span class='ocrx_word' id='word_1_296' title='bbox 1135 2355 1245 2400; x_wconf 86' lang='lat' dir='ltr'><strong>quos</strong></span> <span class='ocrx_word' id='word_1_297' title='bbox 1259 2341 1463 2399; x_wconf 75' lang='lat' dir='ltr'><strong>corripui,</strong></span> 
     </span>
     <span class='ocr_line' id='line_1_32' title="bbox 79 2407 1470 2470; baseline -0.001 -16"><span class='ocrx_word' id='word_1_298' title='bbox 79 2411 184 2470; x_wconf 89' lang='lat' dir='ltr'><strong>quia</strong></span> <span class='ocrx_word' id='word_1_299' title='bbox 215 2409 393 2470; x_wconf 74' lang='lat' dir='ltr'><strong>quaesivi</strong></span> <span class='ocrx_word' id='word_1_300' title='bbox 422 2407 603 2467; x_wconf 82' lang='lat' dir='ltr'><strong>gloriam</strong></span> <span class='ocrx_word' id='word_1_301' title='bbox 635 2418 758 2453; x_wconf 89' lang='lat' dir='ltr'><strong>tuam</strong></span> <span class='ocrx_word' id='word_1_302' title='bbox 792 2409 838 2454; x_wconf 87' lang='lat' dir='ltr'><strong>in</strong></span> <span class='ocrx_word' id='word_1_303' title='bbox 861 2408 991 2454; x_wconf 88' lang='lat' dir='ltr'><strong>domo</strong></span> <span class='ocrx_word' id='word_1_304' title='bbox 1009 2418 1108 2466; x_wconf 78' lang='lat' dir='ltr'><strong>tua,</strong></span> <span class='ocrx_word' id='word_1_305' title='bbox 1134 2411 1235 2470; x_wconf 87' lang='lat' dir='ltr'><strong>quia</strong></span> <span class='ocrx_word' id='word_1_306' title='bbox 1258 2409 1470 2467; x_wconf 81' lang='lat' dir='ltr'><strong>flagellavi</strong></span> 
     </span>
    </p>
   </div>
   <div class='ocr_carea' id='block_1_3' title="bbox 79 2502 1462 2601">
    <p class='ocr_par' dir='ltr' id='par_1_4' title="bbox 79 2502 1462 2601">
     <span class='ocr_line' id='line_1_33' title="bbox 125 2502 1462 2547; baseline -0.002 -10"><span class='ocrx_word' id='word_1_307' title='bbox 125 2511 135 2526; x_wconf 91' lang='lat'>¹</span> <span class='ocrx_word' id='word_1_308' title='bbox 162 2504 273 2537; x_wconf 80' lang='lat' dir='ltr'><strong>Matth.</strong></span> <span class='ocrx_word' id='word_1_309' title='bbox 294 2516 326 2546; x_wconf 86' lang='lat' dir='ltr'><strong>x,</strong></span> <span class='ocrx_word' id='word_1_310' title='bbox 348 2503 399 2536; x_wconf 83' lang='lat'><strong>32.</strong></span> <span class='ocrx_word' id='word_1_311' title='bbox 421 2521 461 2527; x_wconf 93' lang='lat'><strong>—</strong></span> <span class='ocrx_word' id='word_1_312' title='bbox 476 2511 489 2526; x_wconf 83' lang='lat'>²</span> <span class='ocrx_word' id='word_1_313' title='bbox 509 2504 589 2536; x_wconf 80' lang='lat' dir='ltr'><strong>Psal.</strong></span> <span class='ocrx_word' id='word_1_314' title='bbox 610 2514 720 2545; x_wconf 68' lang='lat' dir='ltr'><strong>nvm,</strong></span> <span class='ocrx_word' id='word_1_315' title='bbox 735 2516 768 2546; x_wconf 85' lang='lat'><strong>9.</strong></span> <span class='ocrx_word' id='word_1_316' title='bbox 789 2521 831 2528; x_wconf 83' lang='lat'>—</span> <span class='ocrx_word' id='word_1_317' title='bbox 852 2502 863 2526; x_wconf 86' lang='lat'>3</span> <span class='ocrx_word' id='word_1_318' title='bbox 882 2507 959 2537; x_wconf 90' lang='lat' dir='ltr'><strong>Luc.</strong></span> <span class='ocrx_word' id='word_1_319' title='bbox 980 2516 1026 2547; x_wconf 80' lang='lat' dir='ltr'><strong>lv,</strong></span> <span class='ocrx_word' id='word_1_320' title='bbox 1044 2513 1097 2537; x_wconf 80' lang='lat'><strong>22.</strong></span> <span class='ocrx_word' id='word_1_321' title='bbox 1118 2522 1160 2528; x_wconf 94' lang='lat'><strong>—</strong></span> <span class='ocrx_word' id='word_1_322' title='bbox 1177 2504 1192 2535; x_wconf 82' lang='grc'>4</span> <span class='ocrx_word' id='word_1_323' title='bbox 1209 2508 1359 2546; x_wconf 85' lang='lat' dir='ltr'><strong>Joan.1x‚</strong></span> <span class='ocrx_word' id='word_1_324' title='bbox 1373 2515 1405 2546; x_wconf 87' lang='lat'><strong>9.</strong></span> <span class='ocrx_word' id='word_1_325' title='bbox 1421 2520 1462 2526; x_wconf 93' lang='lat'><strong>—</strong></span> 
     </span>
     <span class='ocr_line' id='line_1_34' title="bbox 79 2556 762 2601; baseline -0.001 -10"><span class='ocrx_word' id='word_1_326' title='bbox 79 2556 94 2581; x_wconf 83' lang='grc'><strong><em>5</em></strong></span> <span class='ocrx_word' id='word_1_327' title='bbox 110 2561 191 2592; x_wconf 89' lang='lat' dir='ltr'><strong>Gen.</strong></span> <span class='ocrx_word' id='word_1_328' title='bbox 209 2571 301 2600; x_wconf 82' lang='lat' dir='ltr'><strong>xxiv,</strong></span> <span class='ocrx_word' id='word_1_329' title='bbox 321 2571 353 2601; x_wconf 77' lang='grc' dir='ltr'><strong>ς).</strong></span> <span class='ocrx_word' id='word_1_330' title='bbox 377 2577 418 2583; x_wconf 93' lang='lat'><em>-</em></span> <span class='ocrx_word' id='word_1_331' title='bbox 446 2557 460 2581; x_wconf 73' lang='lat'><strong>‘³</strong></span> <span class='ocrx_word' id='word_1_332' title='bbox 482 2559 562 2593; x_wconf 80' lang='lat' dir='ltr'><strong>Psal.</strong></span> <span class='ocrx_word' id='word_1_333' title='bbox 584 2570 694 2598; x_wconf 72' lang='lat' dir='ltr'><strong>txvm,</strong></span> <span class='ocrx_word' id='word_1_334' title='bbox 717 2571 762 2591; x_wconf 86' lang='lat'><strong>10.</strong></span> 
     </span>
    </p>
   </div>
  </div>
 </body>
</html>
