<?xml version="1.0" encoding="UTF-8"?>
<!DOCTYPE html PUBLIC "-//W3C//DTD XHTML 1.0 Transitional//EN"
    "http://www.w3.org/TR/xhtml1/DTD/xhtml1-transitional.dtd">
<html xmlns="http://www.w3.org/1999/xhtml" xml:lang="en" lang="en">
 <head>
  <title>
</title>
<meta http-equiv="Content-Type" content="text/html;charset=utf-8" />
  <meta name='ocr-system' content='tesseract 3.04.00' />
  <meta name='ocr-capabilities' content='ocr_page ocr_carea ocr_par ocr_line ocrx_word'/>
</head>
<body>
  <div class='ocr_page' id='page_1' title='image "./operaomniaaccura09auguuoft_0294.png"; bbox 0 0 1889 3285; ppageno 0'>
   <div class='ocr_carea' id='block_1_1' title="bbox 381 258 1332 298">
    <p class='ocr_par' dir='ltr' id='par_1_1' title="bbox 381 258 1332 298">
     <span class='ocr_line' id='line_1_1' title="bbox 381 258 1332 298; baseline 0.001 -1"><span class='ocrx_word' id='word_1_1' title='bbox 381 258 466 297; x_wconf 79' lang='lat'>282</span> <span class='ocrx_word' id='word_1_2' title='bbox 815 266 847 295; x_wconf 89' lang='lat' dir='ltr'>s.</span> <span class='ocrx_word' id='word_1_3' title='bbox 883 267 1117 297; x_wconf 73' lang='lat' dir='ltr'>Aucus&#39;rlm</span> <span class='ocrx_word' id='word_1_4' title='bbox 1148 270 1332 298; x_wconf 74' lang='lat' dir='ltr'>Emscom</span> 
     </span>
    </p>
   </div>
   <div class='ocr_carea' id='block_1_2' title="bbox 380 334 1765 676">
    <p class='ocr_par' dir='ltr' id='par_1_2' title="bbox 380 334 1765 676">
     <span class='ocr_line' id='line_1_2' title="bbox 380 334 1763 393; baseline 0 -14"><span class='ocrx_word' id='word_1_5' title='bbox 380 349 485 393; x_wconf 89' lang='lat' dir='ltr'>pore</span> <span class='ocrx_word' id='word_1_6' title='bbox 507 348 595 393; x_wconf 91' lang='lat' dir='ltr'>quo</span> <span class='ocrx_word' id='word_1_7' title='bbox 612 341 864 392; x_wconf 84' lang='lat' dir='ltr'>resurgent,</span> <span class='ocrx_word' id='word_1_8' title='bbox 889 334 1112 393; x_wconf 84' lang='lat' dir='ltr'>rapiantur</span> <span class='ocrx_word' id='word_1_9' title='bbox 1129 335 1176 379; x_wconf 90' lang='lat' dir='ltr'>in</span> <span class='ocrx_word' id='word_1_10' title='bbox 1192 334 1384 379; x_wconf 89' lang='lat' dir='ltr'>nubibus</span> <span class='ocrx_word' id='word_1_11' title='bbox 1402 334 1576 379; x_wconf 87' lang='lat' dir='ltr'>obviam</span> <span class='ocrx_word' id='word_1_12' title='bbox 1592 334 1763 380; x_wconf 86' lang='lat' dir='ltr'>Christo</span> 
     </span>
     <span class='ocr_line' id='line_1_3' title="bbox 381 404 1762 464; baseline 0.001 -17"><span class='ocrx_word' id='word_1_13' title='bbox 381 405 426 447; x_wconf 90' lang='lat' dir='ltr'>in</span> <span class='ocrx_word' id='word_1_14' title='bbox 449 407 544 447; x_wconf 74' lang='lat' dir='ltr'>acra</span> <span class='ocrx_word' id='word_1_15' title='bbox 562 439 572 458; x_wconf 93' lang='lat'>,</span> <span class='ocrx_word' id='word_1_16' title='bbox 598 412 641 447; x_wconf 90' lang='lat' dir='ltr'>et</span> <span class='ocrx_word' id='word_1_17' title='bbox 661 405 831 464; x_wconf 76' lang='lat' dir='ltr'>semper</span> <span class='ocrx_word' id='word_1_18' title='bbox 847 404 936 463; x_wconf 84' lang='lat' dir='ltr'>jam</span> <span class='ocrx_word' id='word_1_19' title='bbox 954 420 1054 448; x_wconf 87' lang='lat' dir='ltr'>cum</span> <span class='ocrx_word' id='word_1_20' title='bbox 1075 405 1262 449; x_wconf 88' lang='lat' dir='ltr'>Domino</span> <span class='ocrx_word' id='word_1_21' title='bbox 1280 406 1430 449; x_wconf 86' lang='lat' dir='ltr'>vivant</span> <span class='ocrx_word' id='word_1_22' title='bbox 1453 407 1467 430; x_wconf 74' lang='lat'><strong>¹</strong></span> <span class='ocrx_word' id='word_1_23' title='bbox 1489 421 1500 448; x_wconf 91' lang='lat'><em>:</em></span> <span class='ocrx_word' id='word_1_24' title='bbox 1525 413 1601 449; x_wconf 87' lang='lat' dir='ltr'>aut</span> <span class='ocrx_word' id='word_1_25' title='bbox 1617 413 1733 448; x_wconf 87' lang='lat' dir='ltr'>certe</span> <span class='ocrx_word' id='word_1_26' title='bbox 1749 439 1762 460; x_wconf 93' lang='lat'>,</span> 
     </span>
     <span class='ocr_line' id='line_1_4' title="bbox 380 474 1765 536; baseline 0.001 -18"><span class='ocrx_word' id='word_1_27' title='bbox 380 475 481 535; x_wconf 86' lang='lat' dir='ltr'>quia</span> <span class='ocrx_word' id='word_1_28' title='bbox 499 490 576 534; x_wconf 88' lang='lat' dir='ltr'>per</span> <span class='ocrx_word' id='word_1_29' title='bbox 593 490 664 519; x_wconf 91' lang='lat' dir='ltr'>eos</span> <span class='ocrx_word' id='word_1_30' title='bbox 680 475 756 535; x_wconf 88' lang='lat' dir='ltr'>qui</span> <span class='ocrx_word' id='word_1_31' title='bbox 777 476 836 519; x_wconf 91' lang='lat' dir='ltr'>sic</span> <span class='ocrx_word' id='word_1_32' title='bbox 854 474 1115 530; x_wconf 87' lang='lat' dir='ltr'>moriuntur,</span> <span class='ocrx_word' id='word_1_33' title='bbox 1136 484 1301 536; x_wconf 88' lang='lat' dir='ltr'>quanto</span> <span class='ocrx_word' id='word_1_34' title='bbox 1318 476 1508 520; x_wconf 85' lang='lat' dir='ltr'>securius</span> <span class='ocrx_word' id='word_1_35' title='bbox 1523 510 1534 530; x_wconf 94' lang='lat'>,</span> <span class='ocrx_word' id='word_1_36' title='bbox 1555 484 1678 520; x_wconf 90' lang='lat' dir='ltr'>tanto</span> <span class='ocrx_word' id='word_1_37' title='bbox 1689 491 1765 519; x_wconf 91' lang='lat' dir='ltr'>su-</span> 
     </span>
     <span class='ocr_line' id='line_1_5' title="bbox 380 544 1765 606; baseline 0 -17"><span class='ocrx_word' id='word_1_38' title='bbox 380 544 554 589; x_wconf 85' lang='lat' dir='ltr'>blimius</span> <span class='ocrx_word' id='word_1_39' title='bbox 577 545 767 590; x_wconf 74' lang='lat' dir='ltr'>Ecclesia</span> <span class='ocrx_word' id='word_1_40' title='bbox 790 544 1056 599; x_wconf 83' lang='lat' dir='ltr'>diffamatur,</span> <span class='ocrx_word' id='word_1_41' title='bbox 1086 555 1129 590; x_wconf 90' lang='lat' dir='ltr'>et</span> <span class='ocrx_word' id='word_1_42' title='bbox 1169 546 1291 606; x_wconf 87' lang='lat' dir='ltr'>quasi</span> <span class='ocrx_word' id='word_1_43' title='bbox 1325 544 1585 605; x_wconf 87' lang='lat' dir='ltr'>quibusdam</span> <span class='ocrx_word' id='word_1_44' title='bbox 1613 546 1765 604; x_wconf 88' lang='lat' dir='ltr'>pennis</span> 
     </span>
     <span class='ocr_line' id='line_1_6' title="bbox 380 614 1763 676; baseline 0.001 -17"><span class='ocrx_word' id='word_1_45' title='bbox 380 614 557 660; x_wconf 60' lang='lat' dir='ltr'>excelsae</span> <span class='ocrx_word' id='word_1_46' title='bbox 580 615 718 660; x_wconf 87' lang='lat' dir='ltr'>laudis</span> <span class='ocrx_word' id='word_1_47' title='bbox 737 615 962 660; x_wconf 79' lang='lat' dir='ltr'>attollitur.</span> <span class='ocrx_word' id='word_1_48' title='bbox 998 619 1150 676; x_wconf 80' lang='lat' dir='ltr'>Neque</span> <span class='ocrx_word' id='word_1_49' title='bbox 1171 618 1286 660; x_wconf 88' lang='lat' dir='ltr'>enim</span> <span class='ocrx_word' id='word_1_50' title='bbox 1311 615 1467 660; x_wconf 87' lang='lat' dir='ltr'>frustra</span> <span class='ocrx_word' id='word_1_51' title='bbox 1488 616 1655 660; x_wconf 85' lang='lat' dir='ltr'>dictum</span> <span class='ocrx_word' id='word_1_52' title='bbox 1671 624 1763 660; x_wconf 89' lang='lat' dir='ltr'>est:</span> 
     </span>
    </p>
   </div>
   <div class='ocr_carea' id='block_1_3' title="bbox 385 684 1873 746">
    <p class='ocr_par' dir='ltr' id='par_1_3' title="bbox 385 684 1873 746">
     <span class='ocr_line' id='line_1_7' title="bbox 385 684 1873 746; baseline 0.001 -18"><span class='ocrx_word' id='word_1_53' title='bbox 385 704 405 728; x_wconf 90' lang='lat'>«</span> <span class='ocrx_word' id='word_1_54' title='bbox 438 689 552 730; x_wconf 88' lang='lat' dir='ltr'>Ante</span> <span class='ocrx_word' id='word_1_55' title='bbox 569 696 753 730; x_wconf 88' lang='lat' dir='ltr'>mortem</span> <span class='ocrx_word' id='word_1_56' title='bbox 775 702 829 730; x_wconf 86' lang='lat' dir='ltr'>ne</span> <span class='ocrx_word' id='word_1_57' title='bbox 861 685 1011 730; x_wconf 86' lang='lat' dir='ltr'>laudes</span> <span class='ocrx_word' id='word_1_58' title='bbox 1029 687 1249 730; x_wconf 89' lang='lat' dir='ltr'>hominem</span> <span class='ocrx_word' id='word_1_59' title='bbox 1269 701 1535 746; x_wconf 86' lang='lat' dir='ltr'>quemquam</span> <span class='ocrx_word' id='word_1_60' title='bbox 1550 689 1583 728; x_wconf 70' lang='lat'>⁴2.</span> <span class='ocrx_word' id='word_1_61' title='bbox 1610 703 1631 726; x_wconf 89' lang='lat'>»</span> <span class='ocrx_word' id='word_1_62' title='bbox 1658 686 1767 729; x_wconf 89' lang='lat' dir='ltr'>Om-</span> <span class='ocrx_word' id='word_1_63' title='bbox 1811 722 1814 724; x_wconf 15' lang='grc' dir='ltr'>μ</span> <span class='ocrx_word' id='word_1_64' title='bbox 1869 684 1873 691; x_wconf 81' lang='grc'><strong>’</strong></span> 
     </span>
    </p>
   </div>
   <div class='ocr_carea' id='block_1_4' title="bbox 377 755 1771 2507">
    <p class='ocr_par' dir='ltr' id='par_1_4' title="bbox 378 755 1771 1799">
     <span class='ocr_line' id='line_1_8' title="bbox 378 755 1768 815; baseline -0.001 -16"><span class='ocrx_word' id='word_1_65' title='bbox 378 771 453 800; x_wconf 86' lang='lat' dir='ltr'>nes</span> <span class='ocrx_word' id='word_1_66' title='bbox 487 771 588 815; x_wconf 83' lang='lat' dir='ltr'>ergo</span> <span class='ocrx_word' id='word_1_67' title='bbox 617 757 752 800; x_wconf 90' lang='lat' dir='ltr'>sancti</span> <span class='ocrx_word' id='word_1_68' title='bbox 779 756 857 800; x_wconf 89' lang='lat' dir='ltr'>Dei</span> <span class='ocrx_word' id='word_1_69' title='bbox 891 757 944 800; x_wconf 87' lang='lat' dir='ltr'>ab</span> <span class='ocrx_word' id='word_1_70' title='bbox 966 757 1090 801; x_wconf 87' lang='lat' dir='ltr'>initio</span> <span class='ocrx_word' id='word_1_71' title='bbox 1119 757 1286 815; x_wconf 85' lang='lat' dir='ltr'>generis</span> <span class='ocrx_word' id='word_1_72' title='bbox 1308 756 1511 811; x_wconf 88' lang='lat' dir='ltr'>humani,</span> <span class='ocrx_word' id='word_1_73' title='bbox 1544 770 1683 815; x_wconf 87' lang='lat' dir='ltr'>usque</span> <span class='ocrx_word' id='word_1_74' title='bbox 1712 755 1768 799; x_wconf 88' lang='lat' dir='ltr'>ad</span> 
     </span>
     <span class='ocr_line' id='line_1_9' title="bbox 379 825 1767 887; baseline 0 -18"><span class='ocrx_word' id='word_1_75' title='bbox 379 835 551 885; x_wconf 90' lang='lat' dir='ltr'>tempus</span> <span class='ocrx_word' id='word_1_76' title='bbox 577 826 885 885; x_wconf 81' lang='lat' dir='ltr'>Apostolorum</span> <span class='ocrx_word' id='word_1_77' title='bbox 902 862 912 881; x_wconf 88' lang='lat'>,</span> <span class='ocrx_word' id='word_1_78' title='bbox 934 827 1035 887; x_wconf 86' lang='lat' dir='ltr'>quia</span> <span class='ocrx_word' id='word_1_79' title='bbox 1054 836 1097 871; x_wconf 91' lang='lat' dir='ltr'>et</span> <span class='ocrx_word' id='word_1_80' title='bbox 1117 828 1197 886; x_wconf 88' lang='lat' dir='ltr'>ipsi</span> <span class='ocrx_word' id='word_1_81' title='bbox 1209 835 1421 871; x_wconf 89' lang='lat' dir='ltr'>noverant</span> <span class='ocrx_word' id='word_1_82' title='bbox 1436 826 1602 870; x_wconf 87' lang='lat' dir='ltr'>dicere:</span> <span class='ocrx_word' id='word_1_83' title='bbox 1619 825 1767 869; x_wconf 85' lang='lat' dir='ltr'>«Diem</span> 
     </span>
     <span class='ocr_line' id='line_1_10' title="bbox 383 895 1769 957; baseline -0.001 -17"><span class='ocrx_word' id='word_1_84' title='bbox 383 914 403 936; x_wconf 87' lang='lat'>»</span> <span class='ocrx_word' id='word_1_85' title='bbox 437 897 624 941; x_wconf 89' lang='lat' dir='ltr'>hominis</span> <span class='ocrx_word' id='word_1_86' title='bbox 646 913 736 941; x_wconf 88' lang='lat' dir='ltr'>non</span> <span class='ocrx_word' id='word_1_87' title='bbox 757 898 1012 957; x_wconf 85' lang='lat' dir='ltr'>concupivi,</span> <span class='ocrx_word' id='word_1_88' title='bbox 1041 906 1090 941; x_wconf 92' lang='lat' dir='ltr'>tu</span> <span class='ocrx_word' id='word_1_89' title='bbox 1112 898 1216 942; x_wconf 81' lang='lat' dir='ltr'>scis3</span> <span class='ocrx_word' id='word_1_90' title='bbox 1239 917 1246 942; x_wconf 95' lang='lat'>:</span> <span class='ocrx_word' id='word_1_91' title='bbox 1275 915 1296 939; x_wconf 86' lang='grc'>11</span> <span class='ocrx_word' id='word_1_92' title='bbox 1313 907 1355 941; x_wconf 88' lang='lat' dir='ltr'>et</span> <span class='ocrx_word' id='word_1_93' title='bbox 1371 932 1381 952; x_wconf 90' lang='lat'>,</span> <span class='ocrx_word' id='word_1_94' title='bbox 1402 899 1580 941; x_wconf 87' lang='lat' dir='ltr'>«Unam</span> <span class='ocrx_word' id='word_1_95' title='bbox 1610 895 1716 955; x_wconf 86' lang='lat' dir='ltr'>petii</span> <span class='ocrx_word' id='word_1_96' title='bbox 1744 912 1769 939; x_wconf 84' lang='lat' dir='ltr'>a</span> 
     </span>
     <span class='ocr_line' id='line_1_11' title="bbox 382 966 1765 1028; baseline 0.001 -20"><span class='ocrx_word' id='word_1_97' title='bbox 382 984 403 1007; x_wconf 83' lang='grc'>11</span> <span class='ocrx_word' id='word_1_98' title='bbox 438 968 642 1022; x_wconf 88' lang='lat' dir='ltr'>Domino,</span> <span class='ocrx_word' id='word_1_99' title='bbox 664 969 776 1011; x_wconf 90' lang='lat' dir='ltr'>hanc</span> <span class='ocrx_word' id='word_1_100' title='bbox 798 968 1017 1028; x_wconf 80' lang='lat' dir='ltr'>requiram</span> <span class='ocrx_word' id='word_1_101' title='bbox 1031 970 1064 1024; x_wconf 75' lang='lat'>⁴¹,</span> <span class='ocrx_word' id='word_1_102' title='bbox 1080 978 1156 1012; x_wconf 89' lang='lat' dir='ltr'>»et</span> <span class='ocrx_word' id='word_1_103' title='bbox 1175 985 1198 1012; x_wconf 90' lang='lat' dir='ltr'>a</span> <span class='ocrx_word' id='word_1_104' title='bbox 1220 978 1416 1028; x_wconf 86' lang='lat' dir='ltr'>tempore</span> <span class='ocrx_word' id='word_1_105' title='bbox 1429 966 1739 1027; x_wconf 80' lang='lat' dir='ltr'>Apostolorum</span> <span class='ocrx_word' id='word_1_106' title='bbox 1753 1001 1765 1021; x_wconf 93' lang='lat'>,</span> 
     </span>
     <span class='ocr_line' id='line_1_12' title="bbox 382 1036 1769 1097; baseline 0 -17"><span class='ocrx_word' id='word_1_107' title='bbox 382 1052 433 1080; x_wconf 81' lang='lat' dir='ltr'>ex</span> <span class='ocrx_word' id='word_1_108' title='bbox 451 1053 539 1097; x_wconf 92' lang='lat' dir='ltr'>quo</span> <span class='ocrx_word' id='word_1_109' title='bbox 556 1037 743 1082; x_wconf 85' lang='lat' dir='ltr'>duorum</span> <span class='ocrx_word' id='word_1_110' title='bbox 757 1041 1132 1083; x_wconf 86' lang='lat' dir='ltr'>Testamentorum</span> <span class='ocrx_word' id='word_1_111' title='bbox 1152 1038 1397 1082; x_wconf 82' lang='lat' dir='ltr'>differentia</span> <span class='ocrx_word' id='word_1_112' title='bbox 1410 1037 1565 1082; x_wconf 76' lang='lat' dir='ltr'>clarius</span> <span class='ocrx_word' id='word_1_113' title='bbox 1583 1036 1769 1081; x_wconf 87' lang='lat' dir='ltr'>revelata</span> 
     </span>
     <span class='ocr_line' id='line_1_13' title="bbox 380 1108 1768 1169; baseline -0.001 -18"><span class='ocrx_word' id='word_1_114' title='bbox 380 1117 468 1163; x_wconf 85' lang='lat' dir='ltr'>est,</span> <span class='ocrx_word' id='word_1_115' title='bbox 494 1109 575 1167; x_wconf 88' lang='lat' dir='ltr'>ipsi</span> <span class='ocrx_word' id='word_1_116' title='bbox 595 1108 792 1168; x_wconf 84' lang='lat' dir='ltr'>Apostoli</span> <span class='ocrx_word' id='word_1_117' title='bbox 815 1118 857 1152; x_wconf 88' lang='lat' dir='ltr'>et</span> <span class='ocrx_word' id='word_1_118' title='bbox 879 1109 995 1153; x_wconf 84' lang='lat' dir='ltr'>beati</span> <span class='ocrx_word' id='word_1_119' title='bbox 1022 1112 1234 1167; x_wconf 80' lang='lat' dir='ltr'>Martyres</span> <span class='ocrx_word' id='word_1_120' title='bbox 1256 1109 1488 1169; x_wconf 60' lang='lat' dir='ltr'>caeterique</span> <span class='ocrx_word' id='word_1_121' title='bbox 1505 1108 1613 1168; x_wconf 82' lang='lat' dir='ltr'>justi</span> <span class='ocrx_word' id='word_1_122' title='bbox 1632 1142 1643 1162; x_wconf 92' lang='lat'>,</span> <span class='ocrx_word' id='word_1_123' title='bbox 1668 1115 1768 1151; x_wconf 80' lang='lat' dir='ltr'>tan—</span> 
     </span>
     <span class='ocr_line' id='line_1_14' title="bbox 380 1177 1770 1239; baseline -0.001 -18"><span class='ocrx_word' id='word_1_124' title='bbox 380 1193 513 1237; x_wconf 82' lang='lat' dir='ltr'>quam</span> <span class='ocrx_word' id='word_1_125' title='bbox 537 1179 690 1222; x_wconf 89' lang='lat' dir='ltr'>arietes</span> <span class='ocrx_word' id='word_1_126' title='bbox 707 1188 750 1223; x_wconf 92' lang='lat' dir='ltr'>et</span> <span class='ocrx_word' id='word_1_127' title='bbox 772 1179 954 1223; x_wconf 89' lang='lat' dir='ltr'>arietum</span> <span class='ocrx_word' id='word_1_128' title='bbox 975 1178 1052 1222; x_wconf 89' lang='lat' dir='ltr'>filii</span> <span class='ocrx_word' id='word_1_129' title='bbox 1069 1195 1207 1239; x_wconf 84' lang='lat' dir='ltr'>usque</span> <span class='ocrx_word' id='word_1_130' title='bbox 1230 1178 1283 1223; x_wconf 91' lang='lat' dir='ltr'>ad</span> <span class='ocrx_word' id='word_1_131' title='bbox 1298 1180 1381 1223; x_wconf 90' lang='lat' dir='ltr'>hoc</span> <span class='ocrx_word' id='word_1_132' title='bbox 1399 1187 1570 1238; x_wconf 85' lang='lat' dir='ltr'>tempus</span> <span class='ocrx_word' id='word_1_133' title='bbox 1586 1177 1770 1222; x_wconf 86' lang='lat' dir='ltr'>dormie-</span> 
     </span>
     <span class='ocr_line' id='line_1_15' title="bbox 379 1248 1770 1307; baseline 0.001 -17"><span class='ocrx_word' id='word_1_134' title='bbox 379 1256 483 1290; x_wconf 88' lang='lat' dir='ltr'>runt</span> <span class='ocrx_word' id='word_1_135' title='bbox 506 1248 619 1291; x_wconf 88' lang='lat' dir='ltr'>inter</span> <span class='ocrx_word' id='word_1_136' title='bbox 640 1248 806 1292; x_wconf 83' lang='lat' dir='ltr'>medios</span> <span class='ocrx_word' id='word_1_137' title='bbox 823 1249 974 1301; x_wconf 81' lang='lat' dir='ltr'>eleros,</span> <span class='ocrx_word' id='word_1_138' title='bbox 994 1250 1116 1305; x_wconf 83' lang='lat' dir='ltr'>regni</span> <span class='ocrx_word' id='word_1_139' title='bbox 1129 1249 1289 1292; x_wconf 86' lang='lat' dir='ltr'>terreni</span> <span class='ocrx_word' id='word_1_140' title='bbox 1306 1248 1556 1293; x_wconf 83' lang='lat' dir='ltr'>felicitatem</span> <span class='ocrx_word' id='word_1_141' title='bbox 1565 1248 1655 1307; x_wconf 87' lang='lat' dir='ltr'>jam</span> <span class='ocrx_word' id='word_1_142' title='bbox 1668 1262 1770 1291; x_wconf 89' lang='lat' dir='ltr'>con-</span> 
     </span>
     <span class='ocr_line' id='line_1_16' title="bbox 379 1315 1770 1375; baseline 0.001 -16"><span class='ocrx_word' id='word_1_143' title='bbox 379 1324 649 1369; x_wconf 78' lang='lat' dir='ltr'>temnentes,</span> <span class='ocrx_word' id='word_1_144' title='bbox 683 1324 726 1359; x_wconf 93' lang='lat' dir='ltr'>et</span> <span class='ocrx_word' id='word_1_145' title='bbox 754 1318 875 1374; x_wconf 83' lang='lat' dir='ltr'>regni</span> <span class='ocrx_word' id='word_1_146' title='bbox 896 1315 1111 1360; x_wconf 85' lang='lat' dir='ltr'>coelorum</span> <span class='ocrx_word' id='word_1_147' title='bbox 1138 1316 1423 1360; x_wconf 86' lang='lat' dir='ltr'>aeternitatem</span> <span class='ocrx_word' id='word_1_148' title='bbox 1451 1325 1694 1375; x_wconf 84' lang='lat' dir='ltr'>sperantes,</span> <span class='ocrx_word' id='word_1_149' title='bbox 1726 1324 1770 1360; x_wconf 81' lang='lat' dir='ltr'>et</span> 
     </span>
     <span class='ocr_line' id='line_1_17' title="bbox 380 1385 1770 1446; baseline 0.001 -17"><span class='ocrx_word' id='word_1_150' title='bbox 380 1386 580 1430; x_wconf 88' lang='lat' dir='ltr'>nondum</span> <span class='ocrx_word' id='word_1_151' title='bbox 598 1395 809 1430; x_wconf 82' lang='lat' dir='ltr'>tenentes.</span> <span class='ocrx_word' id='word_1_152' title='bbox 835 1389 893 1430; x_wconf 87' lang='lat' dir='ltr'>Et</span> <span class='ocrx_word' id='word_1_153' title='bbox 908 1386 1009 1446; x_wconf 86' lang='lat' dir='ltr'>quia</span> <span class='ocrx_word' id='word_1_154' title='bbox 1026 1396 1115 1430; x_wconf 78' lang='lat' dir='ltr'>tam</span> <span class='ocrx_word' id='word_1_155' title='bbox 1131 1386 1243 1429; x_wconf 87' lang='lat' dir='ltr'>bene</span> <span class='ocrx_word' id='word_1_156' title='bbox 1264 1386 1536 1430; x_wconf 90' lang='lat' dir='ltr'>dormierunt</span> <span class='ocrx_word' id='word_1_157' title='bbox 1550 1421 1560 1441; x_wconf 96' lang='lat'>,</span> <span class='ocrx_word' id='word_1_158' title='bbox 1576 1387 1635 1430; x_wconf 92' lang='lat' dir='ltr'>eis</span> <span class='ocrx_word' id='word_1_159' title='bbox 1648 1385 1770 1430; x_wconf 84' lang='lat' dir='ltr'>velut</span> 
     </span>
     <span class='ocr_line' id='line_1_18' title="bbox 380 1456 1768 1516; baseline 0 -16"><span class='ocrx_word' id='word_1_160' title='bbox 380 1458 533 1516; x_wconf 87' lang='lat' dir='ltr'>pennis</span> <span class='ocrx_word' id='word_1_161' title='bbox 563 1473 680 1501; x_wconf 91' lang='lat' dir='ltr'>nunc</span> <span class='ocrx_word' id='word_1_162' title='bbox 712 1456 892 1511; x_wconf 80' lang='lat' dir='ltr'>volitat,</span> <span class='ocrx_word' id='word_1_163' title='bbox 918 1467 961 1501; x_wconf 90' lang='lat' dir='ltr'>et</span> <span class='ocrx_word' id='word_1_164' title='bbox 980 1456 1184 1501; x_wconf 85' lang='lat' dir='ltr'>laudibus</span> <span class='ocrx_word' id='word_1_165' title='bbox 1208 1456 1420 1501; x_wconf 82' lang='lat' dir='ltr'>exaltatur</span> <span class='ocrx_word' id='word_1_166' title='bbox 1440 1456 1631 1501; x_wconf 83' lang='lat' dir='ltr'>Ecclesia</span> <span class='ocrx_word' id='word_1_167' title='bbox 1647 1491 1658 1511; x_wconf 93' lang='lat'>,</span> <span class='ocrx_word' id='word_1_168' title='bbox 1691 1472 1768 1501; x_wconf 89' lang='lat' dir='ltr'>co-</span> 
     </span>
     <span class='ocr_line' id='line_1_19' title="bbox 380 1528 1769 1587; baseline 0 -15"><span class='ocrx_word' id='word_1_169' title='bbox 380 1528 532 1572; x_wconf 91' lang='lat' dir='ltr'>lumba</span> <span class='ocrx_word' id='word_1_170' title='bbox 548 1528 710 1573; x_wconf 86' lang='lat' dir='ltr'>scilicet</span> <span class='ocrx_word' id='word_1_171' title='bbox 731 1528 1009 1587; x_wconf 80' lang='lat' dir='ltr'>deargentata</span> <span class='ocrx_word' id='word_1_172' title='bbox 1027 1563 1037 1581; x_wconf 86' lang='lat'>‚</span> <span class='ocrx_word' id='word_1_173' title='bbox 1062 1537 1113 1572; x_wconf 85' lang='lat' dir='ltr'>ut</span> <span class='ocrx_word' id='word_1_174' title='bbox 1128 1530 1210 1572; x_wconf 84' lang='lat' dir='ltr'>hac</span> <span class='ocrx_word' id='word_1_175' title='bbox 1229 1544 1379 1573; x_wconf 89' lang='lat' dir='ltr'>eorum</span> <span class='ocrx_word' id='word_1_176' title='bbox 1398 1529 1512 1573; x_wconf 88' lang='lat' dir='ltr'>fama</span> <span class='ocrx_word' id='word_1_177' title='bbox 1529 1528 1769 1572; x_wconf 89' lang='lat' dir='ltr'>adimitan-</span> 
     </span>
     <span class='ocr_line' id='line_1_20' title="bbox 381 1598 1765 1658; baseline 0.001 -15"><span class='ocrx_word' id='word_1_178' title='bbox 381 1599 486 1644; x_wconf 90' lang='lat' dir='ltr'>dum</span> <span class='ocrx_word' id='word_1_179' title='bbox 509 1600 688 1658; x_wconf 84' lang='lat' dir='ltr'>posteris</span> <span class='ocrx_word' id='word_1_180' title='bbox 716 1599 906 1643; x_wconf 87' lang='lat' dir='ltr'>invitatis</span> <span class='ocrx_word' id='word_1_181' title='bbox 921 1634 931 1653; x_wconf 86' lang='lat'>,</span> <span class='ocrx_word' id='word_1_182' title='bbox 968 1598 1073 1643; x_wconf 87' lang='lat' dir='ltr'>dum</span> <span class='ocrx_word' id='word_1_183' title='bbox 1096 1600 1154 1643; x_wconf 90' lang='lat' dir='ltr'>sic</span> <span class='ocrx_word' id='word_1_184' title='bbox 1170 1600 1297 1643; x_wconf 82' lang='lat' dir='ltr'>etiam</span> <span class='ocrx_word' id='word_1_185' title='bbox 1330 1600 1476 1644; x_wconf 80' lang='lat' dir='ltr'>caeteri</span> <span class='ocrx_word' id='word_1_186' title='bbox 1507 1599 1733 1644; x_wconf 86' lang='lat' dir='ltr'>dormiunt</span> <span class='ocrx_word' id='word_1_187' title='bbox 1753 1634 1765 1655; x_wconf 83' lang='lat'><strong><em>‚</em></strong></span> 
     </span>
     <span class='ocr_line' id='line_1_21' title="bbox 381 1669 1771 1730; baseline 0 -17"><span class='ocrx_word' id='word_1_188' title='bbox 381 1670 600 1714; x_wconf 83' lang='lat' dir='ltr'>addantur</span> <span class='ocrx_word' id='word_1_189' title='bbox 618 1685 775 1728; x_wconf 81' lang='lat' dir='ltr'>pennae</span> <span class='ocrx_word' id='word_1_190' title='bbox 797 1670 956 1730; x_wconf 86' lang='lat' dir='ltr'>quibus</span> <span class='ocrx_word' id='word_1_191' title='bbox 981 1686 1119 1730; x_wconf 88' lang='lat' dir='ltr'>usque</span> <span class='ocrx_word' id='word_1_192' title='bbox 1137 1671 1182 1714; x_wconf 89' lang='lat' dir='ltr'>in</span> <span class='ocrx_word' id='word_1_193' title='bbox 1203 1672 1336 1714; x_wconf 85' lang='lat' dir='ltr'>finem</span> <span class='ocrx_word' id='word_1_194' title='bbox 1359 1671 1505 1715; x_wconf 70' lang='lat' dir='ltr'>saeculi</span> <span class='ocrx_word' id='word_1_195' title='bbox 1528 1669 1771 1715; x_wconf 85' lang='lat' dir='ltr'>sublimiter</span> 
     </span>
     <span class='ocr_line' id='line_1_22' title="bbox 379 1738 656 1799; baseline -0.004 -16"><span class='ocrx_word' id='word_1_196' title='bbox 379 1738 656 1799; x_wconf 64' lang='lat' dir='ltr'>praedicetur.</span> 
     </span>
    </p>

    <p class='ocr_par' dir='ltr' id='par_1_5' title="bbox 377 1809 1769 2507">
     <span class='ocr_line' id='line_1_23' title="bbox 439 1809 1766 1871; baseline 0.002 -18"><span class='ocrx_word' id='word_1_197' title='bbox 439 1812 561 1854; x_wconf 71' lang='lat' dir='ltr'>XXI.</span> <span class='ocrx_word' id='word_1_198' title='bbox 592 1829 611 1852; x_wconf 87' lang='lat'>«</span> <span class='ocrx_word' id='word_1_199' title='bbox 635 1812 747 1853; x_wconf 90' lang='lat' dir='ltr'>Dum</span> <span class='ocrx_word' id='word_1_200' title='bbox 769 1809 974 1854; x_wconf 82' lang='lat' dir='ltr'>discernit</span> <span class='ocrx_word' id='word_1_201' title='bbox 994 1810 1311 1870; x_wconf 86' lang='lat' dir='ltr'>supercoelestis</span> <span class='ocrx_word' id='word_1_202' title='bbox 1339 1826 1460 1871; x_wconf 85' lang='lat' dir='ltr'>reges</span> <span class='ocrx_word' id='word_1_203' title='bbox 1493 1826 1622 1871; x_wconf 89' lang='lat' dir='ltr'>super</span> <span class='ocrx_word' id='word_1_204' title='bbox 1642 1826 1737 1855; x_wconf 86' lang='lat' dir='ltr'>eam</span> <span class='ocrx_word' id='word_1_205' title='bbox 1753 1845 1766 1866; x_wconf 89' lang='lat'>‚</span> 
     </span>
     <span class='ocr_line' id='line_1_24' title="bbox 382 1879 1765 1941; baseline 0.003 -21"><span class='ocrx_word' id='word_1_206' title='bbox 382 1898 402 1921; x_wconf 83' lang='lat'>»</span> <span class='ocrx_word' id='word_1_207' title='bbox 439 1880 538 1925; x_wconf 91' lang='lat' dir='ltr'>nive</span> <span class='ocrx_word' id='word_1_208' title='bbox 571 1879 898 1925; x_wconf 86' lang='lat' dir='ltr'>dealbabuntur</span> <span class='ocrx_word' id='word_1_209' title='bbox 929 1881 975 1923; x_wconf 91' lang='lat' dir='ltr'>in</span> <span class='ocrx_word' id='word_1_210' title='bbox 1006 1879 1180 1925; x_wconf 86' lang='lat' dir='ltr'>Selmon</span> <span class='ocrx_word' id='word_1_211' title='bbox 1198 1883 1228 1925; x_wconf 84' lang='lat'>⁵.</span> <span class='ocrx_word' id='word_1_212' title='bbox 1258 1899 1279 1922; x_wconf 89' lang='lat'>»</span> <span class='ocrx_word' id='word_1_213' title='bbox 1311 1880 1390 1925; x_wconf 92' lang='lat' dir='ltr'>Ille</span> <span class='ocrx_word' id='word_1_214' title='bbox 1421 1881 1765 1941; x_wconf 84' lang='lat' dir='ltr'>supercoelestis,</span> 
     </span>
     <span class='ocr_line' id='line_1_25' title="bbox 379 1949 1769 2011; baseline 0.001 -18"><span class='ocrx_word' id='word_1_215' title='bbox 379 1949 451 1993; x_wconf 88' lang='lat' dir='ltr'>ille</span> <span class='ocrx_word' id='word_1_216' title='bbox 472 1970 492 1992; x_wconf 88' lang='lat'>«</span> <span class='ocrx_word' id='word_1_217' title='bbox 518 1950 602 2003; x_wconf 87' lang='lat' dir='ltr'>Qui</span> <span class='ocrx_word' id='word_1_218' title='bbox 624 1950 816 1994; x_wconf 88' lang='lat' dir='ltr'>ascendit</span> <span class='ocrx_word' id='word_1_219' title='bbox 841 1965 970 2009; x_wconf 88' lang='lat' dir='ltr'>super</span> <span class='ocrx_word' id='word_1_220' title='bbox 991 1966 1139 1994; x_wconf 90' lang='lat' dir='ltr'>omnes</span> <span class='ocrx_word' id='word_1_221' title='bbox 1164 1950 1297 1995; x_wconf 82' lang='lat' dir='ltr'>coelos</span> <span class='ocrx_word' id='word_1_222' title='bbox 1318 1961 1369 1995; x_wconf 91' lang='lat' dir='ltr'>ut</span> <span class='ocrx_word' id='word_1_223' title='bbox 1392 1951 1649 2011; x_wconf 88' lang='lat' dir='ltr'>adimpleret</span> <span class='ocrx_word' id='word_1_224' title='bbox 1673 1966 1769 1996; x_wconf 90' lang='lat' dir='ltr'>om-</span> 
     </span>
     <span class='ocr_line' id='line_1_26' title="bbox 381 2021 1769 2081; baseline 0.002 -19"><span class='ocrx_word' id='word_1_225' title='bbox 381 2039 403 2062; x_wconf 85' lang='grc'>11</span> <span class='ocrx_word' id='word_1_226' title='bbox 437 2022 524 2075; x_wconf 86' lang='lat' dir='ltr'>nia,</span> <span class='ocrx_word' id='word_1_227' title='bbox 546 2021 652 2064; x_wconf 81' lang='lat' dir='ltr'>dum</span> <span class='ocrx_word' id='word_1_228' title='bbox 671 2021 876 2066; x_wconf 81' lang='lat' dir='ltr'>discernit</span> <span class='ocrx_word' id='word_1_229' title='bbox 897 2037 1019 2080; x_wconf 83' lang='lat' dir='ltr'>reges</span> <span class='ocrx_word' id='word_1_230' title='bbox 1042 2036 1170 2080; x_wconf 88' lang='lat' dir='ltr'>super</span> <span class='ocrx_word' id='word_1_231' title='bbox 1188 2037 1298 2076; x_wconf 86' lang='lat' dir='ltr'>eam,</span> <span class='ocrx_word' id='word_1_232' title='bbox 1317 2040 1338 2063; x_wconf 77' lang='grc'>1)</span> <span class='ocrx_word' id='word_1_233' title='bbox 1352 2022 1396 2067; x_wconf 90' lang='lat' dir='ltr'>id</span> <span class='ocrx_word' id='word_1_234' title='bbox 1412 2032 1491 2077; x_wconf 86' lang='lat' dir='ltr'>est,</span> <span class='ocrx_word' id='word_1_235' title='bbox 1509 2037 1638 2081; x_wconf 89' lang='lat' dir='ltr'>super</span> <span class='ocrx_word' id='word_1_236' title='bbox 1655 2037 1769 2066; x_wconf 91' lang='lat' dir='ltr'>eam-</span> 
     </span>
     <span class='ocr_line' id='line_1_27' title="bbox 379 2091 1762 2152; baseline 0.001 -17"><span class='ocrx_word' id='word_1_237' title='bbox 379 2091 478 2135; x_wconf 88' lang='lat' dir='ltr'>dem</span> <span class='ocrx_word' id='word_1_238' title='bbox 497 2091 745 2136; x_wconf 88' lang='lat' dir='ltr'>columbam</span> <span class='ocrx_word' id='word_1_239' title='bbox 769 2092 1108 2150; x_wconf 77' lang='lat' dir='ltr'>deargentatam.</span> <span class='ocrx_word' id='word_1_240' title='bbox 1137 2093 1342 2151; x_wconf 83' lang='lat' dir='ltr'>Sequitur</span> <span class='ocrx_word' id='word_1_241' title='bbox 1364 2092 1480 2135; x_wconf 89' lang='lat' dir='ltr'>cnim</span> <span class='ocrx_word' id='word_1_242' title='bbox 1501 2092 1735 2152; x_wconf 87' lang='lat' dir='ltr'>Apostolus</span> <span class='ocrx_word' id='word_1_243' title='bbox 1751 2127 1762 2148; x_wconf 93' lang='lat'>,</span> 
     </span>
     <span class='ocr_line' id='line_1_28' title="bbox 380 2161 1762 2223; baseline 0.001 -17"><span class='ocrx_word' id='word_1_244' title='bbox 380 2178 428 2207; x_wconf 88' lang='lat' dir='ltr'>ac</span> <span class='ocrx_word' id='word_1_245' title='bbox 457 2162 562 2207; x_wconf 88' lang='lat' dir='ltr'>dicit</span> <span class='ocrx_word' id='word_1_246' title='bbox 592 2183 599 2207; x_wconf 90' lang='lat'><strong>:</strong></span> <span class='ocrx_word' id='word_1_247' title='bbox 636 2183 655 2205; x_wconf 82' lang='lat'>‹&lt;</span> <span class='ocrx_word' id='word_1_248' title='bbox 682 2167 739 2207; x_wconf 85' lang='lat' dir='ltr'>Et</span> <span class='ocrx_word' id='word_1_249' title='bbox 769 2164 859 2223; x_wconf 84' lang='lat' dir='ltr'>ipse</span> <span class='ocrx_word' id='word_1_250' title='bbox 888 2163 1010 2207; x_wconf 83' lang='lat' dir='ltr'>dedit</span> <span class='ocrx_word' id='word_1_251' title='bbox 1048 2161 1259 2222; x_wconf 81' lang='lat' dir='ltr'>quosdam</span> <span class='ocrx_word' id='word_1_252' title='bbox 1298 2162 1475 2222; x_wconf 86' lang='lat' dir='ltr'>quidem</span> <span class='ocrx_word' id='word_1_253' title='bbox 1505 2163 1762 2223; x_wconf 86' lang='lat' dir='ltr'>Apostolos,</span> 
     </span>
     <span class='ocr_line' id='line_1_29' title="bbox 381 2232 1762 2292; baseline 0.004 -19"><span class='ocrx_word' id='word_1_254' title='bbox 381 2251 401 2273; x_wconf 90' lang='lat'>»</span> <span class='ocrx_word' id='word_1_255' title='bbox 437 2232 650 2292; x_wconf 79' lang='lat' dir='ltr'>quosdam</span> <span class='ocrx_word' id='word_1_256' title='bbox 664 2242 808 2276; x_wconf 85' lang='lat' dir='ltr'>autem</span> <span class='ocrx_word' id='word_1_257' title='bbox 833 2234 1086 2292; x_wconf 80' lang='lat' dir='ltr'>Prophetas,</span> <span class='ocrx_word' id='word_1_258' title='bbox 1109 2232 1320 2292; x_wconf 84' lang='lat' dir='ltr'>quosdam</span> <span class='ocrx_word' id='word_1_259' title='bbox 1335 2249 1438 2277; x_wconf 84' lang='lat' dir='ltr'>vcro</span> <span class='ocrx_word' id='word_1_260' title='bbox 1451 2233 1762 2292; x_wconf 78' lang='lat' dir='ltr'>Evangelistas,</span> 
     </span>
     <span class='ocr_line' id='line_1_30' title="bbox 381 2303 1765 2364; baseline 0.004 -21"><span class='ocrx_word' id='word_1_261' title='bbox 381 2320 402 2344; x_wconf 86' lang='lat'>»</span> <span class='ocrx_word' id='word_1_262' title='bbox 438 2303 649 2363; x_wconf 83' lang='lat' dir='ltr'>quosdam</span> <span class='ocrx_word' id='word_1_263' title='bbox 665 2312 808 2346; x_wconf 88' lang='lat' dir='ltr'>autem</span> <span class='ocrx_word' id='word_1_264' title='bbox 819 2307 1014 2347; x_wconf 82' lang='lat' dir='ltr'>Pastores</span> <span class='ocrx_word' id='word_1_265' title='bbox 1029 2313 1071 2347; x_wconf 87' lang='lat' dir='ltr'>et</span> <span class='ocrx_word' id='word_1_266' title='bbox 1079 2309 1294 2347; x_wconf 90' lang='lat' dir='ltr'>Doctores.</span> <span class='ocrx_word' id='word_1_267' title='bbox 1305 2307 1439 2348; x_wconf 79' lang='lat' dir='ltr'>»Nam</span> <span class='ocrx_word' id='word_1_268' title='bbox 1453 2304 1559 2364; x_wconf 83' lang='lat' dir='ltr'>quid</span> <span class='ocrx_word' id='word_1_269' title='bbox 1569 2315 1631 2349; x_wconf 93' lang='lat' dir='ltr'>est</span> <span class='ocrx_word' id='word_1_270' title='bbox 1646 2304 1765 2349; x_wconf 82' lang='lat' dir='ltr'>aliud</span> 
     </span>
     <span class='ocr_line' id='line_1_31' title="bbox 377 2375 1765 2434; baseline 0.001 -16"><span class='ocrx_word' id='word_1_271' title='bbox 377 2390 498 2433; x_wconf 85' lang='lat' dir='ltr'>reges</span> <span class='ocrx_word' id='word_1_272' title='bbox 521 2375 762 2418; x_wconf 87' lang='lat' dir='ltr'>discernere</span> <span class='ocrx_word' id='word_1_273' title='bbox 784 2390 913 2434; x_wconf 85' lang='lat' dir='ltr'>super</span> <span class='ocrx_word' id='word_1_274' title='bbox 940 2390 1060 2419; x_wconf 86' lang='lat' dir='ltr'>eam:</span> <span class='ocrx_word' id='word_1_275' title='bbox 1087 2394 1104 2415; x_wconf 91' lang='lat'>«</span> <span class='ocrx_word' id='word_1_276' title='bbox 1128 2375 1217 2418; x_wconf 79' lang='lat' dir='ltr'>Nisi</span> <span class='ocrx_word' id='word_1_277' title='bbox 1241 2375 1287 2418; x_wconf 85' lang='lat' dir='ltr'>in</span> <span class='ocrx_word' id='word_1_278' title='bbox 1310 2391 1417 2434; x_wconf 88' lang='lat' dir='ltr'>opus</span> <span class='ocrx_word' id='word_1_279' title='bbox 1446 2376 1698 2431; x_wconf 88' lang='lat' dir='ltr'>ministerii,</span> <span class='ocrx_word' id='word_1_280' title='bbox 1719 2377 1765 2420; x_wconf 90' lang='lat' dir='ltr'>in</span> 
     </span>
     <span class='ocr_line' id='line_1_32' title="bbox 381 2445 1763 2507; baseline 0.003 -21"><span class='ocrx_word' id='word_1_281' title='bbox 381 2463 402 2486; x_wconf 83' lang='lat'>»</span> <span class='ocrx_word' id='word_1_282' title='bbox 437 2445 769 2489; x_wconf 70' lang='lat' dir='ltr'>aedificationem</span> <span class='ocrx_word' id='word_1_283' title='bbox 787 2447 975 2505; x_wconf 81' lang='lat' dir='ltr'>corporis</span> <span class='ocrx_word' id='word_1_284' title='bbox 996 2445 1182 2490; x_wconf 78' lang='lat' dir='ltr'>Christi⁰</span> <span class='ocrx_word' id='word_1_285' title='bbox 1208 2465 1215 2488; x_wconf 92' lang='lat'>:</span> <span class='ocrx_word' id='word_1_286' title='bbox 1245 2464 1264 2486; x_wconf 87' lang='grc'>11</span> <span class='ocrx_word' id='word_1_287' title='bbox 1291 2447 1651 2507; x_wconf 86' lang='lat' dir='ltr'>quandoquidem</span> <span class='ocrx_word' id='word_1_288' title='bbox 1673 2448 1763 2507; x_wconf 91' lang='lat' dir='ltr'>ipsa</span> 
     </span>
    </p>
   </div>
   <div class='ocr_carea' id='block_1_5' title="bbox 379 2540 1758 2637">
    <p class='ocr_par' dir='ltr' id='par_1_6' title="bbox 379 2540 1758 2637">
     <span class='ocr_line' id='line_1_33' title="bbox 426 2540 1758 2582; baseline 0.001 -9"><span class='ocrx_word' id='word_1_289' title='bbox 426 2547 434 2563; x_wconf 84' lang='lat'>¹</span> <span class='ocrx_word' id='word_1_290' title='bbox 463 2553 473 2572; x_wconf 93' lang='lat'>1</span> <span class='ocrx_word' id='word_1_291' title='bbox 495 2541 605 2573; x_wconf 59' lang='lat' dir='ltr'>Thess</span> <span class='ocrx_word' id='word_1_292' title='bbox 626 2553 656 2573; x_wconf 77' lang='lat' dir='ltr'>iv</span> <span class='ocrx_word' id='word_1_293' title='bbox 672 2567 680 2582; x_wconf 91' lang='lat'>‚</span> <span class='ocrx_word' id='word_1_294' title='bbox 704 2541 755 2572; x_wconf 81' lang='grc'>16.</span> <span class='ocrx_word' id='word_1_295' title='bbox 777 2558 818 2563; x_wconf 87' lang='lat'>-—</span> <span class='ocrx_word' id='word_1_296' title='bbox 849 2549 860 2563; x_wconf 89' lang='lat'><strong>²</strong></span> <span class='ocrx_word' id='word_1_297' title='bbox 882 2541 981 2573; x_wconf 85' lang='lat' dir='ltr'>Eccli.</span> <span class='ocrx_word' id='word_1_298' title='bbox 1005 2553 1064 2579; x_wconf 74' lang='lat' dir='ltr'>xx,</span> <span class='ocrx_word' id='word_1_299' title='bbox 1084 2540 1134 2572; x_wconf 82' lang='lat'>30.</span> <span class='ocrx_word' id='word_1_300' title='bbox 1156 2559 1198 2564; x_wconf 91' lang='lat'>—</span> <span class='ocrx_word' id='word_1_301' title='bbox 1219 2540 1231 2563; x_wconf 77' lang='lat'>3</span> <span class='ocrx_word' id='word_1_302' title='bbox 1258 2544 1377 2575; x_wconf 86' lang='lat' dir='ltr'>Jerem.</span> <span class='ocrx_word' id='word_1_303' title='bbox 1398 2554 1463 2575; x_wconf 78' lang='lat' dir='ltr'>xvu</span> <span class='ocrx_word' id='word_1_304' title='bbox 1479 2568 1487 2581; x_wconf 81' lang='lat'>‚</span> <span class='ocrx_word' id='word_1_305' title='bbox 1510 2542 1561 2575; x_wconf 86' lang='lat'>16.</span> <span class='ocrx_word' id='word_1_306' title='bbox 1589 2559 1630 2566; x_wconf 54' lang='grc' dir='ltr'>-κ-</span> <span class='ocrx_word' id='word_1_307' title='bbox 1647 2542 1663 2572; x_wconf 79' lang='grc'>4</span> <span class='ocrx_word' id='word_1_308' title='bbox 1678 2542 1758 2574; x_wconf 78' lang='lat' dir='ltr'>Psal.</span> 
     </span>
     <span class='ocr_line' id='line_1_34' title="bbox 379 2594 1296 2637; baseline 0.004 -12"><span class='ocrx_word' id='word_1_309' title='bbox 379 2605 465 2635; x_wconf 66' lang='lat' dir='ltr'>xxm,</span> <span class='ocrx_word' id='word_1_310' title='bbox 487 2595 517 2637; x_wconf 67' lang='grc'>4.</span> <span class='ocrx_word' id='word_1_311' title='bbox 535 2614 576 2619; x_wconf 83' lang='grc'><strong>-</strong></span> <span class='ocrx_word' id='word_1_312' title='bbox 595 2594 786 2633; x_wconf 56' lang='grc'>51111111111,</span> <span class='ocrx_word' id='word_1_313' title='bbox 810 2596 860 2628; x_wconf 72' lang='lat'>15.</span> <span class='ocrx_word' id='word_1_314' title='bbox 882 2613 923 2619; x_wconf 85' lang='lat'>-—-</span> <span class='ocrx_word' id='word_1_315' title='bbox 942 2594 957 2617; x_wconf 64' lang='grc' dir='ltr'>Γ)</span> <span class='ocrx_word' id='word_1_316' title='bbox 977 2596 1091 2637; x_wconf 74' lang='lat' dir='ltr'>Ephes.</span> <span class='ocrx_word' id='word_1_317' title='bbox 1115 2608 1160 2633; x_wconf 75' lang='lat' dir='ltr'>iv,</span> <span class='ocrx_word' id='word_1_318' title='bbox 1186 2606 1296 2629; x_wconf 75' lang='lat'>10-12.</span> 
     </span>
    </p>
   </div>
   <div class='ocr_carea' id='block_1_6' title="bbox 1843 0 1889 3285">
    <p class='ocr_par' dir='ltr' id='par_1_7' title="bbox 1843 0 1889 3285">
     <span class='ocr_line' id='line_1_35' title="bbox 1843 0 1889 3285; baseline 0 0"><span class='ocrx_word' id='word_1_319' title='bbox 1843 0 1889 3285; x_wconf 95' lang='lat' dir='ltr'> </span> 
     </span>
    </p>
   </div>
  </div>
 </body>
</html>
