1889 3285
426 233 511 275 454
865 244 900 274 s.
934 244 1169 276 Ancus'nm
1199 247 1383 277 Enscom

420 313 724 357 exhorrescant
737 312 860 372 quod
876 311 1009 358 modo
1025 312 1192 358 dictum
1210 323 1299 359 est:
1322 314 1560 370 «Domine,
1574 314 1623 359 in
1637 314 1811 360 civitate

421 400 443 424 »
477 391 553 426 tua
585 382 820 441 imaginem
856 382 1032 428 illorum
1075 383 1132 429 ad
1163 383 1351 430 nihilum
1383 385 1568 444 rediges.
1596 405 1615 428 »
1657 387 1813 432 Nonne

420 454 539 512 digni
562 463 664 498 sunt
683 454 778 499 haec
797 454 885 514 pati
903 489 914 510 ‚
944 463 996 499 ut
1014 457 1128 499 Deus
1149 455 1196 499 in
1212 455 1387 500 civitate
1404 472 1480 501 sua
1501 453 1734 516 imaginem
1756 455 1813 504 il-

416 524 560 569 lorum
581 523 636 568 ad
656 524 844 568 nihilum
862 524 1053 584 redigat,
1076 526 1178 585 quia
1200 535 1244 570 et
1259 525 1341 585 ipsi
1361 525 1408 570 in
1426 527 1601 572 civitate
1619 542 1698 572 sua
1719 535 1812 571 ter-

417 612 521 641 rena
552 597 786 656 imaginem
804 596 878 640 Dei
901 596 957 642 ad
992 597 1178 642 nihilum
1202 597 1492 656 redegerunt?
1515 617 1537 641 «
1567 602 1620 643 In
1640 598 1813 644 civitate
1879 628 1881 632 ι

421 686 442 712 »
476 677 553 713 tua
575 668 808 726 imaginem
826 682 978 711 eorum
1001 667 1057 712 ad
1078 667 1263 713 nihilum
1287 669 1472 728 rediges.
1499 687 1521 710 »
1660 660 1665 668 ’

474 741 662 783 XXVII.
693 757 714 781 «
739 738 848 792 Quia
869 738 1134 783 delectatum
1158 748 1222 784 est
1249 754 1324 784 cor
1344 755 1507 784 meum.
1530 757 1552 782 »
1576 739 1690 785 Dicit
1710 739 1813 800 qui-

418 809 502 853 bus
524 809 656 853 rebus
678 817 874 853 tentatur
899 828 908 854 ε
939 828 959 851 «
986 809 1097 863 Quia
1129 808 1395 856 delectatum
1430 818 1518 866 est,
1542 811 1709 870 inquit,
1739 824 1815 854 cor

418 898 440 921 »
473 895 623 924 meum
638 900 649 938 3
666 889 709 925 et
730 895 853 924 renes
874 879 960 924 mei
982 881 1137 925 mutati
1153 882 1298 925 sunt1.
1332 898 1353 922 »
1373 880 1560 934 Quando
1580 896 1650 926 me
1671 880 1810 926 delec-

416 959 621 996 taverunt
644 949 897 1010 temporalia
914 950 1009 1005 ista,
1033 951 1192 995 mutati
1213 960 1317 997 sunt
1334 967 1456 996 renes
1476 952 1576 996 mei.
1600 955 1746 996 Potest
1772 959 1816 994 et

417 1021 477 1066 sic
498 1020 685 1080 intelligi
705 1040 714 1066 z
745 1040 763 1062 «
785 1021 897 1075 Quia
919 1020 1187 1066 delectatum
1214 1031 1278 1066 est
1307 1038 1382 1067 cor
1397 1037 1562 1077 meum,
1586 1022 1633 1065 in
1650 1025 1813 1079 Dcum3

419 1107 545 1136 renes
567 1092 651 1136 mei
673 1092 833 1136 mutati
854 1101 957 1136 sunt
975 1127 986 1147 ‚
1011 1110 1031 1133 »
1056 1091 1100 1137 id
1134 1101 1223 1148 est,
1262 1092 1466 1138 libidines
1499 1107 1608 1136 meae
1637 1100 1816 1140 mutatae

418 1171 545 1218 sunt,
587 1172 632 1206 et
666 1171 806 1207 castus
840 1171 958 1207 totus
993 1162 1133 1207 sactus
1166 1178 1278 1207 sum.
1320 1182 1340 1204 «
1374 1166 1517 1207 Renes
1542 1163 1627 1208 mei
1658 1163 1815 1210 mutati

420 1252 440 1274 n
476 1242 597 1278 sunt.
625 1250 646 1273 n
667 1235 730 1277 Et
751 1232 855 1277 audi
876 1231 1115 1293 quomodo.

475 1305 722 1348 XXVIII.«
739 1306 796 1347 Et
819 1319 900 1362 ego
916 1303 971 1347 ad
992 1302 1181 1347 nihilum
1198 1302 1398 1347 redactus
1420 1319 1531 1358 sum,
1548 1313 1591 1347 et
1611 1319 1699 1348 non
1717 1318 1817 1362 cog-

424 1394 443 1416 »
477 1374 582 1419 novi
594 1378 627 1418 2.
655 1392 675 1415 »
706 1377 799 1432 Ego
827 1373 930 1429 ille,
961 1374 1038 1434 qui
1078 1375 1211 1418 modo
1239 1374 1320 1418 ista
1350 1374 1449 1419 dico
1492 1374 1547 1419 de
1579 1373 1815 1430 divitibus,

423 1444 658 1506 aliquando
679 1445 782 1490 talia
805 1444 1046 1489 desideravi
1065 1464 1076 1489 2
1100 1444 1214 1500 ideo,
1238 1463 1258 1487 «
1278 1448 1334 1489 Et
1357 1460 1438 1504 ego
1462 1445 1518 1490 ad
1539 1445 1724 1490 nihilum
1746 1460 1816 1490 re-

423 1535 442 1557 »
478 1516 629 1560 dactus
651 1530 776 1569 sum,
813 1533 833 1556 »
864 1515 1043 1575 quando
1069 1530 1181 1574 pene
1210 1515 1337 1559 effusi
1369 1526 1470 1560 sunt
1504 1530 1672 1574 gressus
1713 1515 1814 1560 mei.

422 1605 440 1626 «
477 1589 535 1630 Et
556 1601 636 1644 ego
653 1585 709 1629 ad
730 1585 916 1629 nihilum
935 1586 1137 1629 redactus
1155 1600 1269 1640 sum,
1295 1594 1339 1629 et
1360 1601 1451 1630 non
1468 1585 1700 1644 cognovi.»
1719 1588 1818 1632 Non

420 1665 485 1700 est
506 1671 609 1714 ergo
631 1655 951 1714 desperandum
974 1664 1017 1698 et
1040 1654 1095 1698 de
1116 1654 1217 1709 illis,
1241 1655 1287 1699 in
1309 1671 1421 1715 quos
1443 1655 1548 1699 talia
1569 1655 1786 1700 dicebam.

479 1729 646 1770 XXIX.
681 1726 798 1779 Quid
827 1734 917 1781 est,
949 1728 1087 1770 «Non
1120 1725 1337 1783 cognovi?
1368 1726 1499 1779 Quasi
1532 1741 1663 1785 pecus
1678 1726 1818 1771 factus

423 1815 444 1839 »
479 1813 577 1841 sum
605 1797 660 1841 ad
682 1806 752 1851 te,
783 1805 826 1841 et
855 1811 937 1855 ego
970 1811 1139 1855 semper
1161 1798 1354 1840 tecumss,
1377 1795 1611 1842 »Multum
1639 1797 1818 1841 interest

420 1869 536 1912 inter
550 1868 682 1912 istum
704 1877 747 1912 et
769 1867 888 1912 alios.
912 1870 998 1911 Iste
1011 1867 1134 1927 quasi
1149 1882 1280 1926 pecus
1296 1865 1435 1911 factus
1453 1875 1517 1910 est
1529 1865 1816 1915 desiderando

421 1950 609 1995 terrena,
625 1939 803 1999 quando
818 1937 1018 1983 redactus
1031 1938 1087 1982 ad
1100 1937 1288 1982 nihilum
1303 1954 1393 1982 non
1407 1939 1611 1997 cognovit
1628 1947 1811 1986 aeterna:

424 2010 499 2054 sed
533 2025 623 2053 non
646 2009 815 2053 recessit
848 2025 872 2053 a
895 2012 984 2053 Deo
1016 2023 1094 2052 suo
1111 2043 1122 2063 ‚
1153 2009 1256 2068 quia
1284 2024 1375 2052 non
1398 2007 1473 2052 illa
1505 2007 1765 2054 desideravit
1792 2025 1815 2054 a

423 2080 712 2136 daemonibus,
733 2097 756 2125 a
779 2079 970 2124 diabolo.
992 2082 1086 2124 Hoc
1105 2080 1220 2123 enim
1237 2080 1329 2140 jam
1349 2079 1471 2124 vobis
1493 2079 1811 2125 commendavi.

426 2154 522 2195 Vox
546 2160 609 2195 est
633 2153 897 2209 Synagogae‚
934 2148 978 2194 id
1001 2158 1064 2193 est
1080 2184 1091 2204 ‚
1116 2148 1231 2195 illius
1254 2148 1407 2208 populi
1429 2149 1504 2209 qui
1523 2165 1612 2195 non
1641 2151 1816 2195 servivit

427 2220 568 2266 idolis.
596 2225 732 2266 Pecus
754 2219 933 2281 quidem
954 2219 1092 2264 factus
1115 2235 1228 2274 sum,
1261 2235 1284 2263 a
1306 2222 1396 2263 Deo
1418 2234 1515 2263 meo
1542 2228 1712 2266 terrena
1733 2219 1813 2266 de-

423 2291 613 2336 siderans
640 2311 648 2336 :
674 2291 748 2335 sed
766 2306 994 2351 nunquam
1017 2291 1169 2334 recessi
1190 2290 1244 2334 ab
1266 2290 1359 2349 ipso
1380 2292 1470 2334 Deo
1488 2305 1601 2334 meo.

482 2365 625 2408 XXX.
651 2363 762 2416 Quia
785 2378 909 2421 ergo,
935 2361 1132 2422 quamvis
1152 2361 1292 2405 factus
1313 2376 1446 2420 pecus
1461 2396 1472 2415 ‚
1493 2377 1583 2405 non
1612 2361 1765 2406 recessi
1788 2379 1811 2406 a

426 2438 518 2479 Deo
538 2450 654 2489 meo,
679 2435 874 2494 sequitur
901 2454 908 2478 :
939 2453 959 2475 «
979 2433 1171 2477 Tenuisti
1193 2448 1374 2476 manum
1396 2431 1583 2476 dexterae
1607 2434 1759 2476 meae⁴.
1789 2453 1807 2475 »

426 2507 524 2549 Non
542 2504 671 2548 dixit:
694 2508 904 2549 «Manum
922 2502 1141 2547 dexteram
1155 2517 1342 2556 meam‚»
1356 2502 1446 2556 sed,
1468 2505 1686 2547 «Manum
1701 2502 1810 2546 dex-

475 2596 482 2610 ι
506 2588 584 2619 rsai.
607 2600 704 2623 mn,
724 2597 779 2619 21.
800 2605 841 2610 —-
859 2587 968 2619 21bid.
990 2595 1043 2619 22.
1065 2604 1105 2608 —
1124 2584 1236 2618 31bid.
1259 2586 1312 2617 23.
1334 2603 1374 2608 —
1397 2578 1515 2618 41bid.
1538 2586 1591 2628 24.
