1889 3285
0 1875 9 3285 —affi——m—Wu-m„ffi-„ww,
6 1835 8 1850 4.
6 1818 7 1826 ⁴
6 1806 9 1808 ,
7 1788 9 1794 ,
6 1753 9 1766 ,Α
6 1730 9 1740 ΛΑ
7 1712 9 1715 ,
7 1655 10 1683 ..-

268 245 508 275 ENARRATm
541 247 555 273 1
588 247 632 274 IN
665 245 867 273 PSALMUM
900 245 1006 283 Lxx,
1042 243 1180 272 siz-:nmo
1213 247 1242 271 1.
1359 234 1437 272 381

65 311 198 363 Quae?
219 321 368 356 contra
386 314 543 372 quem?
564 311 720 356 Anima
737 321 828 366 tua,
857 319 1006 355 contra
1026 313 1164 354 Deum
1182 331 1193 367 3
1213 309 1441 370 quaefacta

64 388 148 434 est,
175 389 325 425 contra
358 396 456 425 eum
479 398 501 426 a
528 397 615 442 quo
638 380 751 425 facta
772 388 850 425 est.
881 379 962 424 Vel
982 379 1084 439 quia
1106 395 1150 422 es
1170 395 1270 439 quae
1292 388 1443 423 contra

61 448 186 493 illum
209 451 386 506 clames,
421 452 586 509 ingrata
609 466 667 495 es.
695 450 806 494 Redi
827 465 930 508 ergo
960 448 1016 492 ad
1037 448 1355 493 confessionem
1376 448 1446 491 in-

61 519 273 564 firmitatis
298 529 385 564 tuae
406 555 415 575 ,
442 520 625 580 implora
647 519 804 564 medici
826 533 1020 562 manum.
1049 520 1148 563 Non
1169 518 1248 561 tibi
1270 517 1443 561 videan-

64 597 134 633 tur
155 588 300 634 fclices
317 590 393 650 qui
415 591 572 635 florent
593 590 648 634 ad
672 599 857 649 tempus.
882 592 947 633 Tu
968 587 1186 647 castigaris
1200 622 1210 642 ‚
1235 587 1318 631 illis
1341 603 1443 646 par-

62 659 174 704 citur
209 679 217 705 :
255 659 366 705 forte
400 661 482 705 tibi
511 661 717 720 castigato
746 669 790 704 et
826 659 1058 704 emendato
1092 657 1182 702 filio
1214 657 1444 717 haereditas

62 739 318 774 reservatur.
354 730 465 774 Redi
498 746 628 790 ergo,
660 730 753 774 redi
789 729 1091 789 praevaricator
1113 727 1168 772 ad
1199 729 1300 772 cor¹
1320 748 1331 784 3
1353 742 1444 770 non

61 800 357 845 committatur
375 800 518 844 anima
541 809 630 844 tua.
652 801 875 844 Potentior
897 808 960 844 est
976 799 1165 843 multum
1183 798 1254 842 cui
1276 796 1444 841 bellum

60 869 262 914 indixisti.
294 875 465 923 Quanto
500 870 748 929 grandiores
778 868 942 929 lapides
972 869 1019 912 in
1049 868 1212 913 coelum
1246 866 1437 921 miseris,

61 947 183 984 tanto
205 948 247 983 te
268 939 421 984 fortior
443 941 567 984 ruina
589 955 785 999 pressura
808 948 885 983 est.
924 937 1037 982 Redi
1058 937 1224 998 potius,
1257 951 1442 995 agnosce

61 1019 118 1054 te.
146 1013 260 1055 Deus
284 1020 348 1055 est
368 1011 443 1071 qui
472 1011 551 1054 tibi
574 1010 773 1070 displicet
794 1028 801 1053 z
829 1009 1053 1063 erubesce,
1079 1017 1129 1051 tu
1150 1008 1227 1051 tihi
1245 1006 1437 1066 displice.

59 1081 175 1126 Nihil
192 1081 295 1124 boni
312 1080 474 1125 faceres
492 1116 503 1135 ‚
523 1081 604 1124 nisi
626 1080 699 1124 ille
720 1081 862 1124 bonus
884 1088 1015 1136 esset3
1040 1087 1084 1122 et
1105 1077 1214 1121 nihil
1236 1076 1338 1121 mali
1361 1092 1442 1136 pa-

60 1151 228 1206 tereris,
250 1151 329 1194 nisi
349 1150 420 1195 ille
433 1152 574 1211 justus
592 1159 716 1194 esset.
743 1149 910 1207 Evigila
933 1163 1033 1206 ergo
1056 1148 1102 1191 in
1122 1149 1234 1192 hanc
1251 1162 1400 1191 vocem
1429 1165 1438 1190 :

64 1240 80 1260 «
117 1222 326 1266 Dominus
349 1221 482 1276 dedit,
498 1221 704 1265 Dominus
724 1220 924 1276 abstulit3
941 1221 1052 1263 sicut
1069 1219 1254 1263 Domino
1278 1217 1443 1277 placuit

63 1309 83 1331 »
117 1290 176 1334 ita
204 1290 365 1335 factum
389 1300 452 1335 est
472 1311 480 1334 :
506 1292 559 1334 sit
582 1306 743 1334 nomen
766 1289 938 1333 Domini
969 1288 1247 1331 benedictum
1263 1291 1294 1330 2.
1325 1305 1343 1327 ³>
1367 1289 1442 1330 In-

54 1361 158 1421 justi
175 1370 298 1405 eraut
315 1362 392 1422 qui
413 1363 534 1421 juxta
555 1364 577 1404 J
583 1361 639 1404 ol)
663 1369 983 1419 putrescentem
1000 1359 1090 1402 sani
1109 1357 1317 1401 sedebant
1331 1359 1345 1382 3
1364 1377 1375 1414 3
1400 1365 1443 1400 ct

60 1440 205 1474 tamen
237 1431 310 1474 illc
332 1430 602 1490 recipiendus
626 1429 929 1487 flagellabatur
944 1464 954 1482 ,
986 1427 1070 1471 illis
1092 1426 1323 1486 puniendis
1344 1442 1444 1485 par-

59 1501 253 1545 cebatur.
282 1500 509 1561 Quidquid
531 1516 633 1558 ergo
656 1497 948 1542 tribulationis
972 1497 1052 1541 tibi
1070 1497 1289 1551 acciderit,
1307 1495 1439 1555 quid-

58 1571 165 1632 quid
200 1571 514 1626 insultationis,
559 1587 648 1615 non
683 1570 980 1615 committatur
1013 1568 1156 1612 anima
1196 1576 1303 1623 tua3
1350 1583 1439 1611 non

59 1643 378 1698 committatur,
415 1659 504 1686 uon
539 1641 680 1686 solum
713 1649 861 1685 contra
893 1643 1053 1693 Deum,
1091 1637 1165 1681 sed
1190 1653 1270 1681 nec
1293 1646 1445 1681 contra

59 1728 130 1757 eos
148 1714 261 1772 ipsos
284 1713 359 1773 qui
387 1712 468 1755 tibi
489 1712 567 1756 ista
587 1711 766 1755 faciunt.
796 1710 839 1755 Si
872 1709 987 1753 enim
1009 1707 1080 1752 vel
1103 1708 1216 1767 ipsos
1239 1707 1339 1751 odio
1361 1708 1444 1750 ha-

59 1783 228 1837 bueris,
264 1793 307 1826 et
339 1791 488 1826 contra
521 1781 617 1825 illos
652 1781 877 1825 commissa
899 1788 962 1822 est
985 1779 1126 1821 anima
1150 1787 1238 1821 tua.
1267 1781 1444 1821 Prorsus

59 1851 120 1896 illi
156 1852 311 1910 gratias
345 1867 444 1910 age,
478 1866 556 1910 pro
585 1851 674 1894 istis
708 1866 797 1894 ora.
824 1853 954 1893 Forte
976 1848 1092 1891 enim
1116 1856 1159 1890 et
1197 1848 1334 1891 oratio
1365 1863 1445 1906 pro

59 1922 160 1981 ipsis
186 1931 250 1966 est
272 1923 349 1965 ista
365 1956 375 1976 ‚
410 1935 541 1981 quam
561 1919 717 1963 audisti
736 1939 743 1963 z
770 1939 789 1960 α
812 1917 1153 1964 Confundantur
1175 1926 1218 1961 et
1239 1917 1446 1961 deficiant

63 2010 83 2034 »
119 1992 437 2036 committentes
473 1991 661 2034 animam
698 2004 853 2033 meam.
891 1987 1233 2033 Confundantur
1268 1996 1311 2031 ct
1331 1987 1443 2031 defi-

66 2082 83 2104 »
119 2062 235 2106 ciant
256 2080 265 2105 ι
289 2079 309 2102 »
335 2060 525 2104 multum
549 2060 664 2103 enim
682 2058 736 2103 de
748 2059 913 2118 justitia
936 2074 1011 2103 sua
1030 2066 1301 2118 praesumunt
1318 2078 1328 2114 3
1345 2072 1445 2114 ergo

61 2130 404 2176 confundantur.
431 2133 524 2175 Hoc
546 2129 629 2174 illis
658 2129 858 2189 expedit,
891 2139 940 2173 ut
961 2138 1137 2189 peccata
1165 2144 1240 2172 sua
1263 2143 1447 2186 cognos-

62 2211 182 2257 cant,
208 2202 327 2246 unde
348 2199 676 2246 confundantur
697 2208 740 2243 et
763 2198 987 2253 deficiant,
1009 2199 1121 2243 male
1144 2198 1258 2241 enim
1278 2197 1331 2241 de
1348 2197 1446 2241 viri-

62 2271 143 2316 bus
166 2272 252 2316 suis
288 2271 641 2331 praesumebant,
672 2278 715 2313 ct
736 2269 815 2328 ipsi
837 2269 995 2312 defecti
1013 2269 1160 2312 dicant
1182 2287 1190 2311 :
1220 2286 1239 2309 «
1260 2265 1447 2320 Quando

66 2359 85 2382 »
120 2341 341 2395 infirmor,
371 2350 475 2384 tunc
501 2349 654 2399 potens
677 2340 798 2383 sum4
826 2359 835 2383 ι
863 2357 882 2379 n
909 2348 951 2382 et
978 2339 1058 2398 ipsi
1080 2337 1239 2383 defecti
1265 2337 1411 2380 dicant
1435 2355 1443 2380 z

67 2430 87 2452 «
120 2414 183 2456 Ne
212 2411 386 2470 abjicias
421 2425 489 2453 me
521 2410 566 2452 in
588 2418 759 2469 tempus
781 2409 1059 2453 senectutis⁵.
1089 2427 1108 2449 »
1145 2410 1315 2452 Bonum
1344 2421 1446 2463 ergo

112 2513 119 2528 ¹
150 2509 220 2538 Isai'.
249 2509 443 2542 va1‚S.—-
464 2505 562 2537 ²Job.
583 2516 606 2545 ι,
626 2513 680 2537 21.
699 2521 739 2527 —
757 2503 769 2527 3
797 2504 844 2537 Id.
875 2515 909 2545 u,
944 2503 992 2535 13.
1017 2520 1059 2526 -·
1077 2501 1092 2532 l,
1112 2512 1130 2534 2
1150 2505 1220 2535 Cor.
1245 2513 1297 2540 xu,
1331 2512 1379 2532 ιο.
1405 2516 1446 2522 -·

67 2560 316 2603 51‘sal.1.xx‚9.
