1889 3285
466 252 707 283 numento
739 255 784 282 m
817 253 1019 282 rsALMUM
1052 253 1157 280 an.
1403 238 1485 277 167

106 342 127 367 «
155 324 199 370 Si
215 329 480 368 memoratus
502 334 598 365 sum
615 319 680 362 tui
698 334 827 379 super
839 327 1021 363 stratum
1042 331 1206 370 meum,
1225 316 1270 359 in
1283 314 1486 361 diluculis

104 413 125 436 »
144 393 387 439 meditabar
407 392 452 435 in
475 399 517 435 te
535 406 544 431 :
564 390 664 450 quia
685 389 823 434 factus
844 405 888 433 es
910 388 1083 448 adjutor
1100 400 1237 431 meus.
1255 404 1275 427 η

159 466 278 509 XVI.
307 482 326 504 «
352 465 410 506 Et
426 462 471 505 in
489 459 737 506 velamento
760 474 1003 519 pennarum
1022 466 1198 502 tuarum
1216 455 1437 500 exultabo.
1464 476 1484 498 »ι

101 533 319 580 Hilaresco
341 533 386 577 in
406 531 532 577 honis
561 530 787 590 operibus,
811 530 915 590 quia
943 543 1072 588 super
1100 542 1170 571 me
1195 536 1262 571 est
1288 526 1488 575 velamen

99 619 342 665 pennarum
363 612 554 647 tuarum.
583 601 626 646 Si
639 616 708 645 me
725 616 814 645 non
829 609 1027 660 protegas
1039 634 1050 654 ,
1069 598 1171 658 quia
1193 595 1340 657 pullus
1361 612 1457 641 sum
1472 631 1485 652 ‚

97 675 256 720 milvus
271 689 342 718 me
363 672 515 732 rapiet.
545 671 658 716 Dicit
679 671 795 716 enim
817 670 1010 732 quodam
1038 668 1136 714 loco
1163 668 1254 728 ipse
1276 668 1489 714 Dominus

97 755 245 791 noster
266 744 322 789 ad
343 743 585 789 Jerusalem
610 742 846 802 quamdam
872 741 1091 786 civitatem
1111 739 1229 784 illam
1247 773 1259 795 ,
1280 738 1359 783 ubi
1383 754 1488 784 cru-

98 817 248 861 cifixus
269 824 334 860 est
351 834 360 860 :
382 833 402 856 «
426 813 666 858 Jerusalem
682 848 692 868 ,
710 812 854 872 inquit
867 848 877 867 ,
895 810 1134 856 Jerusalem
1150 845 1162 866 ‚
1183 809 1354 870 quoties
1368 808 1491 854 volui

100 904 122 928 »
146 885 257 930 filios
279 894 377 929 tuos
398 898 684 942 congregare,
710 892 920 943 tanquam
938 880 1095 941 gallina
1121 879 1261 941 pullos
1292 895 1419 936 suos,
1444 889 1489 924 et

100 975 122 998 »
147 955 382 1000 noluisti1?
401 952 608 998 »Parvuli
629 969 778 997 sumus
805 972 813 997 :
838 968 943 1011 ergo
960 961 1160 1012 protegat
1177 966 1256 996 nos
1279 954 1392 996 Deus
1405 950 1490 996 sub

96 1025 357 1072 umbraculo
380 1024 547 1069 alarum
578 1039 768 1068 suarum.
795 1021 911 1076 Quid
937 1037 1039 1066 cum
1060 1018 1242 1082 majores
1264 1021 1369 1066 facti
1390 1020 1489 1066 fue-

96 1097 260 1142 rimus?
281 1099 454 1141 Bonum
482 1105 545 1141 est
566 1096 691 1140 nobis
712 1103 763 1138 ut
783 1104 827 1138 et
854 1103 958 1139 tunc
979 1103 1181 1154 protegat
1203 1109 1304 1149 nos,
1333 1101 1384 1137 ut
1405 1093 1489 1137 sub

95 1167 172 1212 illo
200 1169 363 1228 majore
401 1181 571 1226 semper
603 1181 682 1211 nos
715 1164 826 1225 pulli
858 1166 1005 1209 simus.
1046 1167 1225 1224 Semper
1265 1164 1382 1209 enim
1418 1162 1491 1208 ille

95 1241 234 1299 major
254 1248 320 1283 est
333 1274 346 1294 ,
364 1247 774 1299 quantumcumque
785 1236 1063 1281 creverimus.
1079 1238 1216 1281 Nemo
1229 1235 1368 1280 dicat:
1385 1238 1492 1278 Pro·-

95 1317 213 1366 tegat
240 1323 338 1364 me,
370 1324 471 1353 cum
491 1306 702 1368 parvulus
730 1322 826 1351 sum
853 1326 862 1352 ι
896 1307 1020 1367 quasi
1051 1305 1287 1366 aliquando
1310 1304 1366 1349 ad
1393 1314 1491 1349 tan-

94 1388 187 1424 tam
212 1377 559 1435 magnitudinem
592 1379 727 1433 possit
758 1379 1006 1433 pervenire,
1041 1391 1141 1435 quae
1170 1376 1251 1420 sibi
1283 1376 1485 1420 sufficiat.

97 1450 199 1496 Sine
219 1448 494 1508 protectione
515 1445 591 1490 Dei
614 1444 726 1489 nihil
758 1459 817 1488 es.
845 1446 1023 1504 Semper
1045 1446 1100 1489 ab
1127 1445 1203 1490 illo
1225 1447 1396 1505 protegi
1411 1461 1489 1490 ve-

94 1520 224 1564 limus
248 1538 258 1564 :
282 1528 386 1563 tunc
405 1532 576 1576 semper
596 1516 644 1560 in
666 1515 742 1560 illo
763 1514 911 1573 magni
929 1529 1019 1558 esse
1041 1516 1280 1574 poterimus
1296 1552 1307 1572 ,
1332 1517 1366 1561 si
1382 1531 1488 1560 sem-

94 1605 173 1650 per
193 1588 276 1634 sub
297 1587 374 1633 illo
394 1586 566 1648 parvuli
597 1586 745 1631 simus.
775 1604 796 1627 «
819 1588 878 1630 Et
904 1585 952 1629 in
977 1584 1222 1630 velamento
1243 1600 1489 1645 pennarum

97 1678 119 1703 >›
144 1669 324 1706 tuarum
335 1657 558 1703 exultabo.
579 1675 601 1699 »

152 1732 297 1776 XVII.
326 1748 348 1772 «
372 1727 657 1787 Agglutinata
678 1735 741 1772 est
762 1727 905 1771 anima
926 1742 1022 1771 mea
1045 1735 1145 1786 post
1165 1735 1208 1771 te
1219 1730 1252 1771 ².
1281 1745 1301 1770 »
1331 1727 1488 1773 Videte

95 1800 436 1855 desiderantem,
464 1798 609 1844 videte
636 1798 854 1842 sitientem
870 1833 882 1852 ,
912 1797 1059 1842 videte
1093 1798 1319 1858 quomodo
1351 1799 1489 1844 haeret

94 1875 201 1916 Deo.
239 1874 451 1917 Nascatur
481 1869 528 1912 in
561 1869 683 1914 vobis
715 1869 793 1913 iste
826 1868 1024 1913 affectus.
1065 1868 1108 1913 Si
1135 1869 1226 1928 jam
1249 1870 1484 1927 germinat,

95 1940 374 2001 compluatur
395 1949 439 1984 et
456 1949 620 1984 crescat
639 1959 648 1984 :
669 1939 895 1999 perveniat
911 1938 968 1982 ad
988 1937 1074 1982 tale
1091 1938 1226 1982 robur
1241 1973 1252 1994 ,
1277 1948 1327 1983 ut
1348 1950 1392 1984 et
1411 1956 1488 1986 vos

95 2012 247 2058 dicatis
262 2026 314 2055 ex
327 2019 421 2056 toto
434 2010 566 2055 corde
578 2045 590 2065 ,
608 2029 630 2052 «
642 2009 922 2068 Agglutinata
933 2018 997 2054 est
1011 2009 1153 2054 anima
1167 2025 1263 2054 mea
1276 2019 1374 2070 post
1387 2020 1445 2056 te.
1464 2030 1484 2053 »

97 2082 182 2127 Ubi
195 2081 410 2141 estipsum
424 2080 602 2140 gluten?
615 2083 763 2140 Ipsum
774 2080 926 2139 gluten
940 2080 1125 2125 charitas
1136 2081 1490 2126 est.Charitatem

95 2153 224 2208 habe,
240 2168 329 2212 quo
344 2150 509 2209 glutine
531 2150 828 2210 agglutinetur
842 2151 985 2195 anima
1006 2160 1081 2195 tua
1102 2160 1202 2211 post
1217 2155 1372 2196 Deum.
1388 2155 1487 2199 Non

96 2238 197 2269 cum
218 2226 334 2277 Deo,
352 2220 430 2266 sed
451 2230 548 2281 post
569 2224 709 2265 Deum
727 2242 738 2279 3
762 2230 812 2266 ut
832 2220 905 2265 ille
929 2221 1167 2281 praecedat,
1196 2231 1246 2266 tu
1274 2223 1482 2283 sequaris.

97 2293 183 2347 Qui
208 2292 326 2336 enim
351 2291 540 2337 voluerit
573 2295 714 2336 Deum
743 2291 1027 2347 antecedere,
1062 2292 1244 2337 consilio
1277 2309 1357 2338 suo
1391 2293 1488 2338 vult

96 2364 264 2418 vivere,
288 2371 332 2406 et
347 2377 438 2406 non
458 2360 557 2407 vult
576 2362 700 2423 sequi
722 2371 941 2422 praecepta
962 2362 1055 2407 Dei.
1082 2367 1315 2423 Propterea
1332 2373 1375 2408 et
1400 2367 1484 2408 Pe-

98 2443 191 2478 trus
216 2432 413 2493 repulsus
442 2441 535 2496 est,
559 2433 738 2493 quando
762 2433 901 2478 voluit
933 2431 1164 2478 consilium
1185 2434 1287 2478 dare
1314 2434 1488 2479 Christo

100 2519 278 2563 passuro
301 2519 381 2563 pro
403 2504 544 2548 nobis.
569 2503 727 2549 Adhuc
755 2504 872 2549 enim
898 2504 1096 2548 infirmus
1118 2514 1210 2549 erat
1240 2508 1391 2548 Petrus
1407 2538 1418 2556 ,
1444 2512 1488 2546 et

150 2594 158 2610 ¹
180 2588 292 2619 Matth.
314 2599 406 2627 xxm,
427 2588 479 2628 37.
501 2606 541 2610 —-
559 2595 570 2610 ²
592 2587 670 2619 Psal.
696 2599 776 2628 txn,
794 2599 825 2626 o,
