1889 3285
442 237 530 275 '210
870 249 903 275 s.
938 244 1169 276 Aucus'rim
1201 248 1382 276 EPISCOPI

437 313 570 357 cienti
580 313 814 372 justitiam,
837 323 1068 358 contemne
1085 315 1207 374 quod
1219 314 1297 357 tibi
1311 312 1668 374 promittithomo
1685 323 1731 356 ut
1751 314 1825 357 ab·

437 384 571 428 ducat
589 399 613 427 a
625 384 790 444 justitia
802 394 846 429 et
865 384 1056 429 adducat
1072 387 1126 429 ad
1138 385 1406 446 injustitiam.
1436 384 1538 429 Noli
1562 398 1666 443 ergo
1682 393 1824 428 atten-

437 452 540 497 dere
548 453 671 514 quod
685 451 875 500 mundus
894 454 1124 514 promittit,
1139 454 1214 499 sed
1225 453 1346 515 quod
1357 452 1570 499 Conditor
1582 452 1737 498 mundi
1753 474 1765 511 3
1780 463 1824 499 et

437 523 617 569 habebis
639 525 803 570 exitum
820 541 947 570 mane
968 540 1046 585 per
1062 525 1236 570 Domini
1255 524 1437 569 verbum
1455 524 1660 569 dicentis:
1677 525 1824 577 «Quid

439 613 460 636 »
478 595 653 655 prodest
661 597 843 652 homini,
858 597 892 641 si
903 605 1046 641 totum
1060 595 1277 641 mundum
1286 596 1496 651 lucretur,
1508 595 1663 640 animae
1676 604 1822 640 autem

434 678 458 707 ⁸»
473 677 562 711 suae
573 666 883 711 detrimentum
903 667 1093 727 patiatur
1102 669 1145 711 1?
1160 685 1180 708 »
1200 665 1285 712 Sed
1295 666 1369 710 ille
1381 667 1458 727 qui
1471 675 1513 710 te
1526 665 1735 725 promisso
1748 664 1820 710 lu-

432 747 507 781 cro
544 752 821 796 corrumpere
835 773 846 793 ,
866 746 909 782 et
928 736 984 781 ad
1003 737 1276 797 iniquitatem
1300 736 1515 780 adducere
1536 751 1626 779 non
1645 736 1790 795 potuit
1804 736 1841 792 ,s

430 806 671 851 minabitur
685 822 851 867 poenaS,
868 816 911 852 et
927 815 1152 852 convertet
1167 822 1211 851 se
1225 805 1281 851 ad
1297 806 1557 861 inimicitias,
1575 815 1619 849 et
1639 805 1817 865 incipiet

426 876 509 920 tibi
541 876 688 921 dicere
711 897 720 922 :
743 877 787 922 Si
802 878 891 941 'hoc
912 893 1001 922 non
1031 876 1187 922 feceris
1203 912 1215 932 ,
1250 892 1331 936 ego
1355 876 1582 920 ostendam
1602 911 1613 931 ,
1638 891 1719 935 ego
1749 875 1816 921 fa—

429 946 556 1002 ciam,
575 947 756 992 habebis
777 964 846 992 me
862 948 1102 993 inimicum.
1124 948 1269 992 Primo
1287 962 1387 991 cum
1404 946 1577 991 lucrum
1595 947 1817 1005 promitte-

428 1016 523 1071 bat,
555 1033 680 1062 mane
703 1018 782 1062 tibi
804 1029 896 1063 erat
920 1039 928 1063 :
955 1010 1089 1062 modo*
1104 1019 1194 1079 jam
1218 1017 1496 1079 vesperascit,
1526 1015 1653 1060 tristis
1675 1016 1819 1060 iactus

427 1101 485 1130 eS.
507 1086 590 1131 Sed
603 1088 678 1148 qui
700 1087 821 1132 dedit
842 1088 924 1132 tibi
944 1089 1109 1132 exitum
1131 1103 1258 1132 mane
1275 1122 1286 1142 ,
1307 1087 1430 1131 dabit
1442 1096 1484 1130 et
1494 1088 1817 1146 vespere.Quo-

427 1156 559 1201 modo
579 1159 875 1217 contempsisti
896 1175 1024 1203 mane
1047 1158 1195 1204 saeculi
1216 1174 1270 1202 ex
1286 1158 1384 1202 luce
1401 1157 1576 1202 Domini
1589 1192 1606 1212 ,
1625 1157 1684 1201 sic
1705 1172 1814 1201 con-

427 1236 574 1272 temne
586 1237 629 1272 et
641 1244 866 1289 vesperam
880 1245 930 1273 ex
945 1230 1215 1289 passionibus
1231 1229 1430 1284 Domini,
1453 1236 1504 1272 ut
1525 1227 1643 1272 dicas
1660 1227 1816 1272 animae

426 1306 515 1342 tuae
542 1317 551 1343 :
576 1298 690 1351 Quid
707 1300 813 1343 mihi
834 1298 1019 1359 amplius
1033 1298 1226 1344 facturus
1244 1308 1308 1343 est
1324 1299 1403 1343 iste
1416 1333 1428 1353 ,
1445 1312 1578 1358 quam
1591 1313 1740 1358 passus
1750 1307 1816 1343 est

425 1382 504 1427 pro
525 1383 595 1412 me
615 1369 824 1414 Dominus
846 1371 1002 1414 meus?
1031 1373 1220 1414 Teneam
1244 1369 1457 1429 justitiam
1473 1405 1483 1424 ,
1510 1384 1602 1413 non
1632 1384 1815 1414 consen-

425 1437 530 1482 tiam
559 1438 615 1483 ad
639 1439 928 1500 iniquitatem.
958 1440 1115 1485 Saeviat
1148 1440 1194 1483 in
1222 1454 1352 1484 carne
1376 1459 1385 1484 :
1408 1439 1632 1498 frangetur
1652 1440 1813 1484 musci-

422 1509 527 1569 pula
548 1545 559 1565 ,
580 1519 624 1554 et
641 1511 797 1555 volabo
812 1510 868 1555 ad
890 1511 1125 1555 Dominum
1139 1526 1286 1554 meum
1305 1532 1316 1568 3
1340 1511 1416 1570 qui
1433 1510 1539 1554 mihi
1561 1511 1621 1555 ait
1646 1530 1654 1555 :
1680 1530 1701 1554 «
1724 1513 1814 1556 No-

426 1597 447 1620 »
481 1578 556 1622 lite
586 1580 738 1624 timere
767 1596 840 1625 eos
870 1581 948 1641 qui
982 1596 1140 1640 corpus
1171 1579 1378 1628 occidunt
1408 1600 1417 1623 ;
1442 1580 1632 1624 animam
1666 1589 1812 1625 autem

425 1668 447 1692 γ)
481 1666 571 1694 non
587 1661 769 1710 possunt
783 1651 980 1696 occidere
992 1655 1025 1695 ².
1049 1670 1069 1693 »
1089 1655 1146 1696 Et
1159 1650 1213 1695 de
1228 1652 1321 1710 ipso
1339 1666 1521 1711 corpore
1535 1652 1812 1696 securitatem

424 1723 559 1778 dedit,
581 1722 728 1768 dicens
747 1743 755 1768 ι
775 1723 997 1783 «Capillus
1020 1723 1170 1783 capitis
1184 1723 1310 1767 vestri
1334 1739 1424 1767 non
1438 1723 1598 1783 peribit
1611 1725 1673 1767 3.»
1690 1727 1814 1783 Mag-

423 1793 553 1838 nifice
588 1794 659 1837 hic
699 1794 842 1854 posuit
863 1813 871 1838 :
902 1813 922 1835 «
946 1793 1188 1838 Delectabis
1209 1794 1344 1837 exitus
1366 1809 1494 1837 mane
1516 1802 1559 1838 et
1579 1809 1770 1853 vespere.
1788 1813 1809 1836 »

426 1864 470 1909 Si
483 1864 598 1907 enim
609 1879 698 1908 non
718 1873 757 1908 te
769 1863 954 1907 delectet
967 1863 1057 1923 ipse
1070 1863 1222 1918 exitus,
1233 1878 1323 1907 non
1333 1862 1550 1907 laborabis
1564 1863 1677 1906 exire
1689 1863 1807 1908 inde.

421 1933 555 1978 Mittis
585 1942 716 1993 caput
746 1933 794 1977 in
833 1932 1006 1977 lucrum
1047 1933 1303 1992 promissum
1320 1968 1331 1988 ,
1369 1933 1404 1976 si
1445 1948 1537 1977 non
1558 1942 1601 1977 te
1625 1931 1812 1979 delectet

421 2004 646 2064 promissio
669 2004 911 2049 Salvatoris.
937 2006 995 2048 Et
1015 2019 1161 2047 rursus
1175 2038 1185 2058 ,
1207 2002 1322 2047 cedis
1337 2004 1537 2059 tentanti,
1556 2013 1600 2048 et
1611 1996 1807 2061 terrenti,

422 2076 459 2119 si
479 2090 569 2120 non
591 2085 632 2119 te
653 2074 840 2119 delectet
866 2074 939 2118 ille
953 2074 1036 2134 ‘qui
1058 2074 1177 2133 prior
1192 2089 1339 2133 passus
1360 2083 1447 2129 est,
1472 2083 1522 2118 ut
1541 2073 1621 2118 tibi
1645 2076 1810 2120 exitum

422 2144 599 2190 faceret.
630 2164 650 2187 ι(
672 2145 821 2189 Exitus
840 2159 966 2189 mane
988 2153 1031 2188 et
1050 2159 1227 2203 vespere
1249 2143 1501 2188 delectabis.
1521 2163 1540 2186 »

483 2217 603 2259 XIV.
644 2234 664 2257 «
694 2215 880 2259 Visitasti
906 2228 1090 2269 terram,
1121 2223 1163 2257 et
1193 2214 1416 2257 inebriasti
1443 2230 1538 2258 eam
1559 2215 1591 2258 4.
1628 2232 1649 2256 »
1683 2214 1808 2259 Unde

423 2285 654 2331 inebriavit
674 2286 864 2329 terram?
890 2305 910 2327 «
931 2283 1048 2330 Calix
1062 2293 1162 2328 tuus
1184 2284 1402 2329 inebrians
1425 2301 1557 2345 quam
1575 2285 1808 2344 praeclarus

424 2374 447 2400 η
482 2357 567 2400 est⁵
585 2356 594 2398 1
614 2355 802 2399 Visitasti
820 2364 975 2399 terram
990 2390 1000 2410 ,
1026 2364 1069 2398 et
1089 2355 1309 2398 inebriasti
1331 2370 1426 2399 eam
1445 2375 1454 2399 ;
1473 2373 1493 2396 »
1506 2355 1656 2399 misisti
1668 2356 1806 2401 nubes

417 2437 519 2473 tuas
529 2463 541 2484 ,
556 2427 763 2487 pluerunt
777 2426 1128 2486 praedicationem
1141 2426 1350 2481 veritatis,
1368 2427 1579 2471 inebriata
1595 2436 1658 2471 est
1672 2430 1811 2472 terra(

473 2532 482 2548 ¹
503 2524 616 2557 Matth.
636 2535 733 2571 xsv1,
755 2522 809 2555 26.
829 2540 869 2546 —
889 2530 901 2545 ²
921 2523 966 2555 Id.
991 2535 1023 2564 x,
1047 2523 1099 2556 28.
1116 2540 1156 2545 -—
1174 2521 1185 2545 3
1205 2525 1281 2555 Luc,
1304 2533 1370 2564 xxx,
1391 2523 1439 2556 18.
1461 2541 1501 2546 -
1516 2521 1531 2552 4
1546 2522 1626 2555 Pral.
1647 2533 1732 2555 inv.
1753 2534 1801 2557 10.

425 2599 465 2605 —-
481 2581 495 2605 5
514 2584 559 2617 td.
581 2593 660 2624 xxix,
678 2579 709 2611 5.
1350 2574 1353 2579 ’
