1889 3285
432 262 674 292 ENARRAno
704 264 750 290 m
781 262 985 291 PsALMUM
1016 264 1120 291 Lvn.
1395 250 1451 288 39

132 334 212 376 XI.
240 350 261 375 a
285 334 399 375 Deus
425 329 629 374 contrivit
649 327 800 372 dentes
822 343 972 373 eorum
1002 328 1046 371 in
1068 342 1142 371 ore
1162 327 1355 385 ipsorum
1371 327 1400 368 ¹.
1429 344 1450 366 »

72 403 299 457 Quorum?
317 401 482 455 Quibus
495 398 734 456 indignatio
755 408 819 443 est
839 399 949 443 sicut
968 396 1206 442 similitudo
1224 397 1449 456 serpentiS,

72 482 116 518 et
132 472 288 532 aspidis
306 470 552 516 obturantis
565 485 687 513 aures
701 485 812 523 suas,
830 485 884 513 ne
896 468 1043 513 audiat
1055 483 1208 512 vocem
1227 467 1453 511 incantan-

72 544 207 597 tium,
232 551 277 586 et
297 540 602 586 medicamenti
623 539 826 584 medicati
848 555 872 584 a
888 540 1094 599 sapiente.
1115 538 1233 592 Quid
1249 537 1332 582 illis
1350 537 1454 582 fecit

70 610 549 658 DominusP«Contrivit
561 609 711 653 dentes
724 625 875 654 eorum
885 610 930 653 in
944 624 1017 653 ore
1028 608 1234 668 ipsorum.
1243 611 1453 651 »Factum

16 700 18 705 ⁸
72 693 150 738 est,
162 684 245 728 hoc
256 683 397 742 primo
411 680 574 726 sactum
587 689 666 730 est,
683 689 725 724 et
737 680 869 725 modo
881 681 944 724 fit.
962 679 1047 725 Sed
1059 680 1292 733 sufficeret,
1304 677 1455 723 fratres

16 775 17 797 1
70 754 171 809 mei,
191 763 241 798 ut
258 753 496 797 dicereturt
519 771 539 793 «
556 755 669 795 Deus
687 751 890 796 contrivit
907 750 1057 795 dentes
1070 765 1238 794 eorum.
1254 767 1274 790 »
1290 752 1450 804 Quare,

15 859 17 864 ,
74 845 96 868 «
113 828 166 870 In
179 841 253 870 ore
263 823 729 885 ipsorum?»Nolebant
742 821 891 866 audire
902 821 1042 881 legem
1055 843 1066 880 3
1083 820 1292 866 nolebant
1304 819 1454 865 audire

68 905 283 957 praecepta
301 895 490 939 veritatis
513 910 537 938 a
558 893 729 938 Christo
747 893 950 937 Pharisaei
967 928 976 946 ,
1004 891 1163 937 similes
1181 892 1368 952 serpenti
1388 890 1454 935 illi

70 975 114 1011 et
132 965 284 1026 aspidi.
322 965 554 1009 Praeteritis
579 963 696 1007 enim
717 963 804 1007 suis
830 963 1015 1022 peccatis
1037 962 1381 1017 delectabantur,
1412 970 1456 1005 et

68 1045 327 1097 praesentem
337 1035 471 1079 vitam
485 1033 694 1078 nolebant
711 1033 929 1088 amittere,
947 1033 993 1076 id
1013 1041 1091 1087 est,
1110 1031 1267 1091 gaudia
1284 1041 1453 1077 terrena

69 1121 149 1166 pro
178 1104 346 1164 gaudiis
367 1105 554 1149 aetcrnis.
578 1105 718 1148 Unam
739 1118 888 1148 aurem
909 1102 1175 1147 claudebant
1195 1118 1244 1146 ex
1268 1101 1454 1147 delecta-

69 1176 187 1221 tione
207 1175 544 1235 praeteritorum‚
565 1173 745 1217 alteram
766 1188 816 1216 ex
839 1171 1125 1217 delectatione
1142 1173 1420 1232 praesentium
1439 1193 1447 1218 :

9 1237 13 1260 ³
68 1245 167 1290 ideo
188 1245 399 1289 nolebant
421 1244 588 1288 audire.
608 1246 718 1288 Nam
740 1241 858 1287 unde
873 1252 937 1287 est
961 1242 1073 1287 illud
1095 1262 1103 1287 :
1132 1261 1153 1284 «
1181 1243 1223 1287 Si
1245 1243 1452 1287 dimiseri-

72 1333 94 1357 »
127 1331 224 1360 mus
252 1330 353 1358 eum
368 1349 380 1370 ‚
401 1315 578 1359 venient
600 1313 812 1367 Romani,
842 1322 886 1357 et
908 1313 1063 1358 tollent
1090 1313 1215 1358 nobis
1244 1323 1286 1357 et
1306 1314 1453 1358 locuni

7 1408 9 1422 ι
70 1403 92 1428 κ
126 1395 170 1430 et
192 1394 365 1444 gentem
378 1386 423 1429 ²?
443 1403 462 1426 »
489 1385 652 1444 Utique
670 1382 877 1427 nolebant
898 1383 1078 1443 perdere
1098 1383 1246 1428 lorum
1262 1419 1273 1440 ‚
1293 1383 1348 1428 ad
1371 1393 1454 1428 ter-

7 1476 9 1479 *
67 1472 160 1501 ram
188 1455 435 1500 colliserant
469 1470 617 1499 aurem
649 1470 796 1512 suarn3
824 1463 867 1499 et
894 1453 993 1499 ideo
1027 1454 1266 1499 noluerunt
1302 1455 1452 1499 audire

66 1526 199 1572 verba
220 1525 294 1570 illa
310 1525 523 1570 medicata
544 1540 567 1568 a
583 1525 790 1584 sapiente.
817 1525 991 1569 Dictum
1009 1535 1071 1569 est
1091 1526 1145 1569 de
1162 1524 1245 1569 illis
1266 1535 1310 1570 et
1331 1525 1452 1586 quod

67 1597 182 1642 avari
212 1605 334 1641 erant
362 1605 405 1639 et
435 1604 646 1639 amatores
667 1595 891 1653 pecuniae:
922 1604 965 1638 et
993 1596 1133 1639 omnis
1153 1596 1242 1639 vita
1271 1611 1448 1652 eorum,

0 1679 7 1693 ·
67 1668 198 1712 etiam
234 1666 480 1726 praeterita,
518 1665 733 1724 descripta
755 1673 819 1708 est
840 1680 863 1708 a
895 1668 1081 1709 Domino
1115 1666 1162 1708 in
1194 1666 1448 1725 Evangelio.

67 1737 152 1791 Qui
169 1737 271 1795 legit
293 1735 523 1795 diligenter
546 1735 831 1793 Evangelium
847 1770 857 1788 ‚
879 1735 1046 1779 invenit
1072 1735 1190 1779 unde
1217 1736 1280 1779 illi
1303 1737 1450 1781 ambas

0 1823 2 1826 ’
67 1823 190 1852 aures
202 1806 482 1852 obturabant.
500 1805 706 1850 Intendat
721 1805 916 1850 Charitas
928 1808 1098 1849 Vestra:
1116 1807 1325 1850 Dominus
1343 1807 1450 1867 quid

67 1877 205 1922 lecit?
228 1896 250 1919 ι(
270 1876 486 1922 Contrivit
515 1875 667 1920 dentes
692 1890 844 1919 eorum
865 1875 910 1918 in
939 1890 1012 1919 ore
1043 1878 1250 1934 ipsorum.
1283 1895 1302 1917 »
1332 1877 1449 1930 Quid

67 1957 132 1992 est
153 1967 161 1991 :
189 1966 211 1990 (ι
231 1950 284 1991 In
300 1962 375 1991 ore
394 1946 618 2005 ipsorum?
637 1964 657 1986 n
686 1948 743 1990 Ut
758 1960 833 1989 ore
854 1960 932 1989 suo
954 1954 1104 1989 contra
1125 1961 1169 1989 se
1192 1948 1448 2005 pronuntia-

66 2026 164 2062 rent
185 2033 194 2058 :
220 2017 362 2075 coegit
382 2015 477 2061 illos
491 2031 564 2060 ore
585 2031 663 2060 suo
685 2015 732 2059 in
752 2031 796 2059 se
812 2015 1070 2059 sententiam
1088 2015 1244 2061 dicere.
1266 2016 1447 2062 Calum-

68 2087 176 2132 niari
195 2086 403 2131 volebant
423 2086 462 2129 ei
481 2095 660 2145 propter
682 2085 898 2130 tributum
918 2105 929 2131 z
954 2101 1044 2130 non
1066 2086 1175 2131 dixit
1202 2086 1276 2131 ille
1295 2107 1303 2132 :
1329 2088 1448 2132 Licet

67 2156 247 2203 reddere
273 2156 515 2211 tributum,
561 2165 657 2211 aut,
699 2172 790 2202 non
815 2155 918 2201 licet
949 2156 1146 2201 reddere.
1181 2160 1239 2202 Et
1274 2157 1448 2202 volebat

68 2226 218 2272 dentes
240 2242 406 2282 eorum,
428 2227 587 2287 quibus
603 2226 832 2271 inhiabant
852 2236 903 2270 ut
921 2226 1187 2283 morderent,
1206 2236 1444 2283 conterere,

25 2315 34 2324 ·
67 2297 209 2342 sedin
229 2313 304 2341 ore
324 2298 517 2357 ipsorum
548 2296 738 2341 volebat.
766 2297 809 2342 Si
836 2296 998 2342 diceret
1022 2317 1031 2342 ε
1059 2297 1260 2343 Solvatur
1287 2300 1447 2344 Caesari

0 2389 1 2398 ¹
68 2368 320 2412 tributum:
354 2367 725 2412 calumniarentur
758 2367 819 2413 illi
849 2370 971 2430 quod
1005 2368 1293 2413 maledixisset
1330 2371 1446 2427 gcnti

69 2437 345 2493 Judaeorum,
371 2453 464 2482 eam
496 2437 769 2482 tributariam
794 2437 1007 2484 faciendo.
1038 2443 1103 2484 Ex
1129 2449 1307 2499 peccato
1329 2440 1445 2483 enim

70 2508 283 2552 tributum
295 2507 536 2552 reddebant
546 2507 778 2563 humiliati,
790 2510 900 2554 sicut
915 2509 1051 2554 illisin
1063 2513 1178 2568 Lege
1191 2509 1445 2569 praedictum

119 2599 128 2614 ¹
149 2592 230 2624 Psal.
248 2603 323 2633 LVlI,
344 2604 374 2633 7.
396 2609 438 2615 —-
454 2600 466 2614 ²
485 2595 575 2624 Joan.
590 2603 637 2633 x1,
656 2591 710 2632 48.
