1889 3285
442 240 682 269 ENARRAno
714 243 758 270 ΙΝ
790 243 992 271 PsALMtJM
1023 243 1171 270 Lxxiv.
1386 231 1469 272 489

91 322 242 352 eorum
263 317 567 366 corrumpetur
593 327 602 351 ι
623 316 766 352 nostra
792 324 895 353 vero
914 323 1008 368 spes
1029 318 1135 353 tunc
1161 308 1242 352 erit
1262 324 1342 353 res.
1368 312 1470 354 Pro-

89 377 233 423 missio
261 379 377 422 enim
398 378 476 422 Dci
498 387 547 421 ut
576 388 747 423 maneat
772 379 938 437 integra
960 388 1003 423 et
1024 378 1147 422 firma
1167 388 1209 422 ct
1231 388 1345 423 certa
1369 395 1468 439 erga

89 463 167 492 nos
183 483 194 503 ‚
214 447 399 493 diximus
422 463 473 491 ex
489 447 619 492 corde
640 448 739 492 fidei
758 468 767 493 :
796 468 816 491 «
843 452 894 492 In
911 449 1043 492 finem
1070 463 1125 491 ne
1158 464 1420 508 corrumpas.
1445 469 1465 491 »

87 517 186 563 Noli
207 532 307 575 ergo
339 517 489 562 timere
505 553 516 573 ‚
541 533 596 561 ne
618 518 917 577 promissiones
940 518 1016 562 Dei
1046 528 1295 577 corrumpat
1316 518 1469 579 aliquis

87 588 346 647 potentium.
372 591 468 647 Ipse
489 604 579 632 non
602 588 863 648 corrumpit,
895 587 997 648 quia
1020 603 1148 632 verax
1183 598 1276 645 est3
1316 599 1470 647 poten-

87 659 240 703 tiorem
260 659 498 703 nonhabet
517 675 540 703 a
561 675 648 719 quo
661 661 751 719 ejus
769 659 990 718 promissio
1005 669 1308 718 corrumpatur
1329 676 1338 701 ε
1365 661 1471 704 certi

87 744 188 788 ergo
210 729 342 773 simus
364 729 419 773 de
436 730 654 789 promissis
677 730 781 788 Dei3
804 739 846 774 et
868 739 1091 774 cantemus
1113 731 1201 790 jam
1219 765 1230 785 ⁷
1264 730 1380 774 unde
1403 731 1471 774 in-

85 801 190 860 cipit
212 800 421 844 Psalmus.

145 873 204 914 II.
236 889 256 912 «
283 869 599 915 Confitebimur
628 870 729 924 tibi,
768 873 882 914 Deus
903 905 913 924 ‚
945 869 1250 914 confitebimur
1282 870 1387 926 tibi,
1427 879 1469 914 et

87 957 109 981 »
143 939 439 984 invocabimus
462 955 622 984 nomen
644 949 771 984 tuum
786 942 815 983 ¹.
846 959 865 981 »
886 939 985 985 Noli
1003 949 1239 1001 antequam
1263 942 1471 985 confitea-

84 1010 141 1054 ris
156 1010 358 1055 invocare
380 1030 388 1056 ;
408 1010 638 1066 confitere,
659 1020 702 1055 et
719 1011 889 1056 invoca.
916 1010 1047 1055 Illum
1069 1012 1232 1071 quippe
1256 1026 1387 1072 quem
1403 1012 1473 1054 in·

83 1096 226 1136 vocas,
252 1081 298 1125 in
315 1090 358 1126 te
373 1096 515 1126 vocas.
534 1080 649 1134 Quid
666 1090 730 1126 est
746 1081 863 1125 enim
876 1081 1093 1136 invocare,
1110 1082 1190 1125 nisi
1210 1083 1255 1126 in
1272 1092 1315 1126 te
1329 1083 1472 1141 ipsum

84 1153 272 1195 vocare?
312 1151 355 1195 Si
382 1152 611 1196 invocatur
633 1167 657 1196 a
678 1160 721 1195 te
737 1187 748 1206 ‚
788 1151 833 1195 id
871 1160 960 1207 est,
996 1152 1030 1195 si
1050 1161 1231 1196 vocatur
1252 1152 1297 1196 in
1317 1160 1384 1208 te,
1419 1152 1475 1196 ad

83 1237 216 1282 quem
238 1221 435 1265 accedit?
457 1221 526 1266 Ad
541 1221 777 1281 superbum
791 1237 881 1266 non
901 1221 1084 1266 accedit.
1106 1224 1234 1267 Certe
1257 1221 1368 1266 altus
1391 1231 1470 1277 est,

82 1307 172 1336 non
190 1307 291 1335 eum
308 1291 483 1349 attingit
504 1291 655 1335 elatus.
682 1292 839 1335 Omnia
862 1291 1062 1335 sublimia
1078 1301 1127 1336 ut
1149 1292 1470 1350 contingamus,

83 1361 321 1407 attollimus
346 1377 445 1420 nos3
471 1371 513 1406 et
536 1363 570 1406 si
593 1362 802 1419 attingere
831 1377 921 1405 non
954 1377 1180 1421 possumus
1195 1397 1206 1417 ,
1246 1363 1471 1406 machina-

74 1441 228 1477 menta
251 1431 394 1492 aliqua
415 1432 485 1478 vel
506 1431 639 1476 scalas
662 1432 898 1492 quaerimus
919 1467 930 1487 ‚
961 1441 1011 1476 ut
1032 1431 1252 1476 sublimati
1269 1432 1473 1478 sublimia

80 1505 383 1563 contingamus
413 1523 422 1548 :
446 1513 597 1548 contra
619 1506 734 1548 Deus
753 1539 764 1558 ‚
788 1513 832 1547 et
852 1502 964 1547 altus
986 1513 1072 1558 est,
1098 1513 1141 1547 et
1162 1503 1217 1547 ab
1233 1504 1472 1548 humilibus

80 1574 363 1632 contingitur.
395 1574 613 1633 Scriptum
636 1581 726 1617 est:
754 1591 773 1614 «
805 1576 945 1631 Prope
979 1581 1042 1616 est
1066 1573 1278 1616 Dominus
1308 1573 1374 1617 his
1397 1574 1472 1633 qui

52 1702 56 1706 ι
82 1663 104 1687 »
127 1645 406 1690 obtriverunt
422 1661 495 1690 cor
510 1649 542 1689 ¹².
568 1663 587 1685 »
607 1644 778 1688 Tritura
790 1643 946 1698 cordis,
962 1644 1114 1703 pietas,
1134 1643 1371 1687 humilitas.
1393 1644 1475 1697 Qui

79 1731 124 1760 se
145 1717 331 1760 conterit
346 1751 356 1770 ‚
377 1715 575 1759 irascitur
597 1713 693 1758 sibi.
722 1716 775 1758 Se
797 1713 958 1757 habeat
974 1713 1132 1756 iratum
1146 1747 1157 1767 ‚
1183 1722 1232 1756 ut
1249 1712 1375 1756 illum
1396 1715 1474 1757 ha-

79 1786 180 1830 beat
196 1785 434 1845 propitium
456 1805 464 1829 ;
490 1800 533 1828 se
551 1784 711 1828 habeat·
732 1783 925 1843 judicem
946 1818 957 1839 ‚
993 1792 1044 1827 ut
1064 1782 1189 1826 illum
1211 1783 1370 1827 habeat
1391 1783 1471 1827 de-

79 1857 312 1900 fensorem.
339 1858 453 1913 Ergo
487 1856 713 1898 invocatus
745 1857 859 1898 Deus
893 1853 1027 1897 venit.
1057 1852 1128 1897 Ad
1159 1869 1291 1913 quem
1318 1854 1472 1898 venit?

79 1925 149 1970 Ad
169 1925 408 1985 superbum
432 1940 522 1969 11011
538 1925 672 1968 veuit.
695 1924 811 1968 Audi
833 1922 953 1967 aliud
975 1923 1271 1967 testimonium
1295 1941 1304 1968 z
1336 1942 1356 1965 «
1381 1927 1470 1968 Ex-

83 2014 103 2038 »
125 1995 262 2040 celsus
273 1995 500 2049 Dominus,
516 2004 559 2038 et
570 1993 751 2038 humilia
764 1994 935 2053 respicit
947 2015 958 2051 3
972 1994 1138 2038 excelsa
1151 2003 1296 2038 autem
1306 2010 1330 2038 a
1343 1993 1471 2053 louge

83 2084 104 2108 »
139 2066 372 2124 cognoscit.
398 2064 602 2109 Excelsus
626 2065 835 2108 Dominus
861 2074 904 2108 et
923 2063 1105 2108 humilia
1135 2064 1309 2123 respicit
1336 2080 1424 2109 non
1447 2081 1471 2109 a

82 2154 103 2177 »
137 2136 291 2195 longe3
311 2135 473 2180 excelsa
493 2144 638 2179 autem
661 2151 684 2178 a
713 2133 843 2192 longe
866 2134 1132 2192 cognoscitss.
1164 2154 1181 2175 »
1203 2137 1260 2178 Et
1282 2150 1336 2178 ne
1358 2133 1471 2178 forte

80 2222 180 2250 cum
205 2206 370 2250 dictum
389 2214 522 2259 esset,
549 2205 651 2264 quia
671 2203 853 2248 humilia
874 2204 1066 2263 respicit,
1103 2204 1280 2263 superbi
1305 2205 1359 2248 de
1385 2205 1468 2248 im-

79 2277 279 2337 punitate
301 2276 544 2336 gauderent
559 2312 568 2330 ,
595 2277 716 2336 quasi
733 2291 805 2320 eos
828 2275 1123 2334 superbientes
1159 2291 1248 2319 11011
1266 2285 1470 2334 agnoscat

80 2349 157 2409 qui
178 2349 224 2392 in
244 2348 417 2393 excelsis
433 2348 600 2392 habitat
617 2368 627 2405 3
647 2347 783 2391 territi
802 2357 927 2401 sunt,
955 2355 998 2390 et
1016 2346 1182 2391 dictum
1206 2357 1270 2391 est
1292 2347 1374 2392 eis:
1396 2349 1469 2391 Vi-

81 2418 156 2463 det
176 2434 252 2463 vos
267 2453 278 2474 ,
302 2428 345 2462 et
363 2419 583 2477 cognoscit
604 2434 680 2462 vos
698 2453 708 2474 ‚
729 2417 804 2461 sed
821 2434 844 2461 a
864 2417 1009 2474 longe.
1041 2420 1130 2462 Hos
1158 2417 1264 2462 facit
1290 2418 1438 2462 beatos
1452 2453 1465 2472 ,

81 2489 240 2548 quibus
258 2488 522 2548 propinquat
549 2508 557 2533 ;
592 2504 668 2533 vos
690 2497 834 2532 autem
851 2523 862 2543 ‚
887 2487 1052 2547 inquit,
1078 2504 1104 2532 o
1121 2487 1323 2547 superbi,
1348 2503 1374 2532 0
1395 2502 1469 2530 ex·-

130 2580 138 2595 ¹
158 2573 235 2605 Psal.
258 2583 361 2614 xxxiv,
379 2582 410 2605 2.
433 2590 473 2596 —-—
497 2580 508 2595 ²
528 2573 575 2605 Id.
594 2584 710 2613 xxxin,
738 2585 788 2615 19.
811 2590 852 2596 ——
873 2570 885 2596 3
904 2572 950 2604 Id.
969 2583 1109 2613 cxxxvn,
1128 2571 1161 2604 6.
