1889 3285
466 270 707 304 ENARRA'HO
737 276 785 304 m
814 273 1018 305 PsALth
1047 275 1171 304 inv.
1423 263 1508 304 507

131 347 231 383 ante
253 337 428 383 Judaeos
447 373 458 392 ,
484 337 557 382 sed
572 339 700 383 etiam
723 349 823 384 ante
847 341 989 400 ipsum
1019 340 1294 397 Abraham¹3
1327 355 1409 385 nec
1439 356 1510 386 so-

127 408 222 453 lum
244 417 344 452 ante
365 409 608 464 Abraham,
638 408 714 453 sed
748 419 791 454 et
824 420 924 454 ante
958 410 1119 467 Adam3
1138 425 1218 454 nec
1241 409 1382 454 solum
1409 420 1509 455 ante

127 479 285 533 Adam,
305 478 380 522 sed
403 487 446 522 et
459 487 558 522 ante
575 479 736 523 coelum
749 490 792 523 et
803 488 963 539 terram
979 488 1023 523 et
1039 488 1138 523 ante
1159 480 1316 524 saecula
1333 498 1342 524 z
1367 482 1510 534 «Quia

129 566 151 590 n
187 548 332 593 omnia
353 563 430 607 per
453 548 596 607 ipsum
627 547 740 593 sacta
770 559 898 604 sunt,
931 540 987 594 'et
1012 550 1103 594 sine
1123 549 1217 609 ipso
1249 548 1415 594 factum
1445 556 1510 595 est

128 635 151 660 »
185 617 339 662 nihil2.
367 635 387 659 »
414 619 524 672 Quia
557 633 658 677 ergo
696 619 743 662 in
775 619 1002 679 prophetia
1036 619 1203 664 dictum
1239 628 1333 665 θεῖε
1361 639 1381 662 «
1410 622 1509 665 Non

128 696 163 729 »‘
185 687 358 732 deficiet
370 688 570 748 princeps
589 704 639 732 ex
654 691 678 732 J
682 688 767 732 uda
783 724 793 743 ‚
820 704 962 749 neque
973 691 1062 733 dux
1077 688 1132 732 de
1145 687 1382 733 femoribus
1398 690 1505 750 ejus,

128 776 150 801 »
176 757 316 803 donec
327 760 472 803 veniat
486 759 556 803 cui
570 760 876 818 repromissum
888 768 951 803 est
967 779 976 804 ε
993 779 1010 801 »
1025 758 1354 804 considerantur
1366 759 1508 820 priora

125 838 322 889 tempora
341 864 351 884 ,
377 838 420 873 et
454 828 676 873 invenitur
696 830 799 890 quia
821 829 963 874 Judaei
985 830 1039 874 de
1062 829 1182 873 tribu
1204 832 1227 873 J
1233 829 1319 874 uda
1341 844 1509 890 semper

124 914 246 958 reges
277 899 552 955 habuerunt,
577 899 695 944 unde
717 900 822 944 dicti
844 908 945 944 sunt
968 898 1110 943 Judaei
1129 919 1137 944 :
1164 908 1207 943 et
1231 915 1322 944 non
1341 900 1507 944 habue-

124 978 229 1014 runt
250 984 396 1028 regem
420 969 539 1029 prius
560 969 847 1028 alienigenam
862 1004 872 1024 ,
894 969 975 1013 nisi
1007 968 1225 1014 Herodem
1257 969 1381 1013 illum
1396 1004 1407 1024 ,
1432 969 1509 1029 (sui

123 1039 210 1084 fuit
226 1039 403 1100 quando
415 1040 624 1084 Dominus
637 1049 763 1084 natus
779 1041 881 1084 est3.
898 1039 1007 1084 Inde
1025 1048 1254 1099 coeperunt
1271 1055 1392 1099 reges
1410 1040 1510 1083 alie-

123 1108 293 1168 nigenae
309 1145 319 1165 ‚
341 1111 395 1154 ab
413 1109 600 1154 Herode.
626 1113 740 1154 Ante
755 1110 971 1155 Herodem
987 1125 1135 1154 omnes
1157 1109 1212 1154 de
1233 1110 1350 1154 tribu
1374 1110 1505 1165 hida,

120 1180 198 1223 sed
214 1178 355 1222 donec
388 1181 557 1223 veniret
587 1181 658 1223 cui
685 1181 991 1238 repromissum
1018 1189 1095 1223 est.
1123 1182 1276 1237 Itaque
1307 1179 1399 1238 ipso
1416 1180 1508 1238 jam

119 1249 322 1293 veniente
349 1249 557 1303 Domino,
594 1264 792 1293 eversum
826 1258 890 1292 est
919 1263 1104 1307 regnum
1147 1247 1401 1293 Judaeorum
1417 1284 1427 1304 ‚
1465 1257 1507 1293 et

120 1319 342 1364 sublatum
364 1329 428 1363 est
450 1335 500 1362 ex
521 1319 698 1363 Judaeis.
720 1318 853 1364 Modo
875 1335 965 1363 non
982 1318 1147 1363 habent
1176 1334 1383 1378 regnum,
1407 1320 1509 1379 quia

119 1390 279 1434 nolunt
310 1405 571 1448 cognoscere
602 1404 756 1434 verum
790 1404 953 1448 regem.
987 1389 1143 1433 Videte
1179 1390 1269 1449 jam
1299 1389 1333 1433 si
1365 1388 1508 1433 Judaei

120 1460 206 1505 sint
228 1459 492 1520 appellandi.
518 1462 615 1504 Jam
636 1459 791 1503 videtis
823 1459 925 1520 quia
947 1457 1091 1504 Judaei
1112 1475 1202 1504 non
1235 1469 1336 1504 sunt
1360 1459 1509 1520 appel-

118 1529 255 1574 landi.
281 1530 367 1589 Ipsi
399 1545 505 1574 voce
537 1536 613 1573 sua
639 1529 952 1573 abdicaverunt
974 1545 1018 1573 se
1040 1530 1094 1573 ab
1116 1530 1198 1574 isto
1219 1530 1422 1585 nomine,
1458 1538 1509 1574 ut

121 1599 266 1646 Judaei
308 1616 396 1644 non
420 1600 505 1644 sint
539 1598 658 1658 digni
693 1599 923 1659 appellari,
949 1599 1031 1643 nisi
1058 1607 1230 1643 tantum
1253 1615 1396 1644 earne.
1425 1600 1509 1644 Ubi

120 1686 223 1730 ergo
245 1686 289 1714 se
306 1679 614 1730 separaverunt
625 1670 680 1713 ab
698 1670 781 1714 isto
798 1670 1005 1714 nomine?
1021 1669 1229 1713 Dicebant
1243 1704 1259 1724 ,
1275 1668 1510 1714 saeviebant

118 1740 165 1785 in
187 1741 424 1795 Christum,
450 1739 495 1783 id
514 1749 591 1793 est,
619 1755 755 1798 genus
778 1738 908 1794 Juda‚
929 1738 1167 1783 saeviebant
1186 1738 1233 1781 in
1255 1752 1402 1782 semen
1423 1741 1508 1783 Da-

118 1809 206 1855 vid.
229 1813 286 1854 Et
319 1810 378 1854 ait
410 1809 491 1854 illis
511 1809 674 1854 Pilatus
694 1827 703 1854 :
731 1827 751 1851 «
775 1812 940 1868 Regem
969 1817 1161 1852 vestrum
1179 1807 1459 1867 crucifigam?
1483 1826 1504 1850 »

118 1884 177 1925 Et
196 1881 289 1925 illi:
315 1900 335 1923 «
361 1884 447 1927 Nos
470 1897 561 1926 non
582 1881 793 1925 habemus
824 1895 971 1939 regem
988 1915 999 1935 ‚
1026 1880 1107 1924 nisi
1138 1882 1351 1925 Caesarem
1365 1880 1397 1923 4.
1425 1897 1446 1920 »
1471 1881 1508 1924 Ο

120 1949 265 1994 Judaei
287 1951 364 2010 qui
383 1952 622 2007 vocamini,
649 1960 692 1996 et
708 1967 798 1995 non
823 1952 922 1994 estis
942 1986 953 2005 ‚
976 1951 1010 1994 si
1032 1965 1123 1995 non
1142 1949 1310 1994 habetis
1332 1964 1478 2008 regem
1494 1984 1506 2005 ,

118 2019 201 2064 nisi
218 2021 433 2064 Caesarem
450 2054 460 2074 ‚
482 2019 640 2063 defecit
661 2022 753 2079 jam
782 2021 982 2080 princeps
1010 2021 1065 2064 de
1095 2022 1120 2063 J
1125 2018 1210 2063 uda
1234 2037 1243 2063 :
1270 2018 1390 2063 venit
1409 2033 1510 2077 ergo

119 2089 193 2134 ille
215 2091 286 2135 cui
303 2090 610 2150 repromissum
627 2099 706 2134 est.
730 2092 799 2134 Illi
813 2108 915 2151 ergo
929 2092 1072 2135 verius
1087 2093 1111 2134 J
1115 2089 1230 2134 udaei
1247 2126 1257 2145 ‚
1276 2090 1351 2150 qui
1364 2090 1511 2135 Chris-

122 2160 227 2205 tiani
248 2160 350 2205 facti
373 2169 474 2204 sunt
498 2176 547 2204 ex
566 2163 590 2204 J
595 2159 730 2204 udaeis
757 2179 765 2204 ε
789 2162 934 2204 caeteri
956 2165 979 2204 J
984 2161 1099 2205 udaei
1122 2161 1200 2221 qui
1222 2161 1267 2204 in
1288 2161 1511 2206 Christum

120 2247 210 2276 non
239 2230 519 2275 crediderunt
536 2266 547 2286 ‚
574 2231 703 2274 etiam
732 2246 893 2274 nomen
910 2231 1052 2289 ipsum
1070 2231 1250 2290 perdere
1271 2230 1390 2289 digni
1410 2230 1510 2275 fue-

119 2310 238 2345 runt.
272 2302 426 2345 Judaea
459 2317 562 2360 ergo
593 2316 718 2355 vera,
739 2300 898 2345 Christi
919 2300 1111 2345 Ecclesia
1133 2310 1223 2357 est,
1259 2301 1438 2345 credens
1465 2301 1512 2344 in

120 2370 247 2415 illum
269 2387 412 2430 regem
429 2407 439 2426 ‚
466 2372 542 2432 qui
569 2372 687 2416 venit
709 2387 759 2415 ex
787 2371 905 2415 tribu
933 2372 1046 2416 Juda
1079 2387 1156 2431 per
1182 2371 1395 2430 virginem
1417 2374 1510 2416 Ma—

121 2441 228 2485 riam
247 2463 258 2500 3
277 2443 464 2486 credens
491 2443 537 2485 in
554 2440 680 2486 illum
700 2440 755 2486 de
776 2457 864 2502 quo
888 2440 1020 2486 modo
1042 2441 1275 2501 Apostolus
1304 2440 1476 2485 dicebat
1495 2476 1506 2497 ‚

170 2555 180 2571 ¹
197 2550 291 2581 Joan.
312 2559 381 2588 vm,
402 2549 455 2581 58.
477 2565 518 2571 —-
540 2555 552 2571 ²
570 2550 660 2580 Joan.
681 2559 705 2588 1,
730 2549 761 2580 3.
777 2566 818 2570 —
839 2546 852 2570 3
869 2550 946 2580 Luc.
966 2559 1013 2588 ni,
1036 2559 1064 2580 1.
1086 2565 1126 2572 -
1141 2547 1157 2579 4
1175 2551 1266 2580 Joan.
1282 2558 1352 2589 nx,
1374 2546 1427 2580 15.
