1889 3285
384 239 411 278 6
820 247 855 276 s.
891 246 1124 276 Auens-nm
1155 248 1337 276 13121500121

444 317 525 359 ΙΙΙ.
556 333 576 357 «
601 317 654 358 In
673 314 828 368 finem,
854 328 909 356 ne
932 327 1183 372 corrumpas
1205 312 1285 372 ipsi
1308 312 1445 357 David
1466 312 1511 355 in
1532 310 1650 356 tituli
1678 311 1767 356 ins-

385 404 406 427 »
431 385 709 445 criptionem,
735 400 835 428 cum
855 385 1026 442 fugeret
1041 400 1064 427 a
1095 383 1203 427 facie
1227 381 1327 427 Saiil
1348 383 1392 425 in
1416 381 1665 442 speluncam
1681 383 1711 425 ¹.
1739 399 1760 423 »

382 455 634 500 Referentes
656 471 733 499 nos
762 454 817 499 ad
846 463 1038 498 sanctam
1075 453 1364 513 Scripturam‚
1395 453 1638 497 invenimus
1661 452 1763 513 qui-

380 526 481 571 dem
501 536 697 570 sanctum
716 525 850 570 'David
869 525 992 569 illum
1014 540 1159 583 regem
1185 524 1338 579 Israel,
1359 540 1410 567 ex
1426 540 1514 584 quo
1537 523 1667 567 etiam
1682 539 1764 568 no-

380 613 481 640 men
503 597 668 656 accepit
686 596 940 640 Psalterium
958 596 1227 649 Davidieum,
1248 604 1569 654 persecutorem
1588 609 1764 654 passum

377 667 508 711 fuisse
529 666 701 711 Saulem
724 682 867 724 regem
891 665 1022 724 ipsius
1047 664 1198 724 populi
1213 669 1230 692 2
1258 685 1266 709 z
1293 665 1403 709 sicut
1423 665 1550 709 multi
1572 673 1762 708 vestrum

378 746 626 791 noverunt,
658 737 733 796 qui
765 737 1003 795 Scripturas
1036 736 1106 779 vel
1137 735 1375 794 attigerunt
1402 734 1472 779 vel
1510 734 1758 779 andierunt.

378 806 544 850 Habuit
565 821 665 863 ergo
683 815 1001 865 persecutorem
1018 804 1190 850 Saulem
1204 821 1278 848 rex
1295 805 1427 849 David
1444 824 1452 849 :
1479 814 1634 849 etcum
1654 813 1764 849 esset

378 875 451 919 ille
473 876 719 920 mitissimus
735 911 746 931 ,
766 875 839 919 ille
856 875 1167 932 ferocissimus3
1196 874 1268 919 ille
1287 875 1395 919 lenis
1409 911 1419 930 ,
1444 874 1518 919 ille
1546 874 1720 919 invidus
1749 894 1758 919 :

377 946 451 990 ille
492 947 687 1006 patiens,
737 945 811 990 ille
846 946 1069 1003 crudelis3
1105 945 1178 989 ille
1210 946 1432 990 beneficus
1453 981 1464 1001 ,
1505 945 1579 990 ille
1616 946 1764 1004 ingra-

382 1026 452 1061 tus
479 1037 488 1062 2
513 1018 691 1078 pertulit
713 1033 813 1062 eum
846 1027 966 1062 tanta
993 1018 1173 1061 lenitate
1193 1053 1204 1072 ‚
1241 1027 1292 1061 ut
1323 1033 1424 1062 cum
1448 1032 1548 1061 eum
1572 1017 1763 1077 accepis-

383 1097 449 1132 set
477 1088 523 1131 in
544 1104 698 1131 manus
713 1123 724 1143 ‚
755 1104 844 1132 non
861 1087 988 1132 illum
1012 1088 1244 1145 attigisset,
1264 1103 1353 1131 non
1374 1087 1565 1132 laesisset.
1583 1087 1765 1146 Accepit

379 1159 494 1201 enim
523 1175 545 1202 a
575 1159 759 1203 Domino
792 1162 879 1203 Deo
917 1168 1202 1217 potestatem,
1244 1167 1294 1201 ut
1324 1158 1357 1201 si
1392 1157 1554 1213 vellet,
1588 1157 1762 1202 occide-

376 1237 443 1271 ret
477 1227 649 1272 Saulem
677 1229 766 1288 ipse
795 1228 932 1272 David
957 1248 965 1273 :
992 1237 1034 1272 et
1058 1228 1186 1272 eleo-it
1218 1243 1393 1287 parcere
1417 1244 1551 1288 quam
1585 1227 1763 1272 occide-

376 1314 436 1341 re.
459 1297 537 1342 Ille
568 1309 710 1342 autem
737 1315 817 1343 nec
850 1298 924 1343 tali
954 1300 1165 1343 beneficio
1179 1300 1317 1343 victus
1339 1308 1429 1354 est,
1462 1308 1512 1342 ut
1545 1298 1762 1343 desineret

376 1370 593 1428 persequi.
618 1370 867 1414 Invenimus
885 1386 987 1428 ergo
1010 1369 1084 1414 illo
1103 1379 1318 1429 tempore,
1343 1369 1521 1429 quando
1553 1369 1653 1415 Satil
1676 1373 1764 1414 Da-

377 1440 451 1484 vid
474 1440 836 1499 persequebatur,
858 1456 1000 1498 regem
1018 1441 1217 1485 futurum
1248 1450 1291 1484 et
1312 1442 1668 1500 prsetlestinatum
1692 1455 1765 1484 rex

370 1511 460 1570 jam
496 1511 752 1569 reprobatus
768 1546 779 1565 ‚
814 1511 932 1570 quod
964 1510 1123 1567 fugerit
1147 1528 1167 1555 a
1191 1511 1299 1555 facie
1318 1511 1419 1556 Saiil
1449 1512 1495 1554 in
1513 1510 1765 1570 speluncam

378 1582 468 1640 ipse
492 1581 644 1625 David.
671 1582 787 1634 Quid
820 1598 922 1639 ergo
944 1582 1027 1625 boc
1049 1581 1103 1625 ad
1136 1581 1385 1626 Christum?
1419 1581 1461 1625 Si
1484 1581 1630 1637 omnia
1664 1597 1764 1641 quae

379 1660 485 1695 tunc
512 1651 753 1710 agebantur
768 1687 778 1705 ‚
807 1652 959 1710 figurae
983 1662 1106 1695 erant
1130 1651 1377 1696 futurorum
1393 1687 1403 1706 ‚
1440 1652 1682 1696 invenimus
1703 1653 1765 1696 ibi

376 1722 595 1767 Christum
612 1758 622 1776 ‚
644 1733 687 1766 et
707 1723 847 1767 multo
875 1724 1071 1767 maxime.
1093 1726 1201 1767 Nam
1226 1723 1337 1767 illud
1354 1758 1364 1777 ‚
1390 1742 1408 1764 «
1433 1726 1497 1768 Ne
1514 1739 1765 1783 corrumpas

380 1809 400 1832 »
421 1792 464 1834 in
491 1791 604 1835 tituli
621 1793 944 1851 inscriptionem
961 1827 972 1847 ‚
999 1811 1018 1833 »
1046 1809 1133 1837 non
1155 1792 1284 1837 video
1307 1793 1529 1853 quomodo
1550 1795 1765 1852 pertineat

378 1861 434 1906 ad
450 1861 573 1905 illum
596 1863 748 1906 David.
776 1866 874 1907 Non
901 1863 1014 1906 enim
1041 1861 1196 1922 aliquis
1225 1863 1376 1907 titulus
1412 1864 1643 1922 inscriptus
1672 1873 1764 1909 erat

376 1930 457 1990 ipsi
480 1931 642 1985 David,
668 1947 798 1990 quem
830 1931 970 1975 voluit
996 1948 1272 1991 corrumpere
1304 1932 1420 1977 Saul.
1449 1932 1658 1977 Videmus
1681 1950 1762 1978 au-

375 2009 464 2044 tem
486 2000 529 2042 in
550 2000 746 2058 passione
777 2002 948 2044 Domini
976 2003 1184 2060 scriptum
1212 2001 1342 2046 fuisse
1375 2002 1553 2046 titulum
1571 2038 1581 2058 ,
1617 2022 1636 2044 «
1670 2007 1762 2047 Rex

380 2089 400 2111 »
427 2073 449 2113 J
456 2071 681 2114 udaeorum
696 2073 710 2096 3
733 2081 860 2125 :aut
876 2070 948 2115 ille
962 2071 1114 2115 titulus
1137 2073 1417 2131 exprobraret
1438 2071 1625 2117 frontem
1645 2074 1763 2132 ipso-

377 2156 474 2184 rum
492 2176 502 2195 ,
528 2140 649 2200 quod
669 2157 693 2184 a
711 2156 808 2199 rege
831 2157 909 2185 suo
937 2157 1090 2185 manus
1113 2158 1202 2186 non
1223 2143 1568 2186 abstinuerunt4.
1595 2146 1645 2187 In
1677 2143 1761 2188 illis

377 2211 492 2254 enim
531 2211 632 2255 Saiil
662 2220 773 2266 erat,
812 2212 854 2254 in
883 2213 1054 2256 Christo
1088 2211 1223 2256 David
1254 2223 1358 2257 erat.
1391 2214 1588 2258 Christus
1620 2215 1759 2270 enim,

376 2282 487 2325 sicut
508 2280 612 2324 dicit
634 2281 916 2340 apostolicum
942 2282 1223 2339 Evangelium
1240 2318 1250 2337 ‚
1277 2293 1365 2339 est,
1393 2283 1511 2343 quod
1533 2284 1755 2341 novimus,

375 2350 496 2411 quod
507 2352 780 2406 confitemur,
792 2371 810 2393 «
832 2353 1065 2395 Exsemine
1080 2354 1218 2396 David
1231 2353 1470 2398 secundum
1487 2357 1687 2398 carnem⁵
1706 2374 1715 2399 ε
1733 2373 1754 2396 »

377 2438 477 2466 nam
495 2421 734 2466 secundum
752 2423 1027 2466 Divinitatem
1041 2439 1169 2482 supra
1184 2424 1316 2468 David
1331 2461 1341 2480 ,
1359 2441 1488 2484 supra
1503 2441 1653 2470 omnes
1673 2426 1756 2481 ho-

426 2524 433 2539 ¹
456 2518 534 2548 Psal.
554 2529 614 2558 tvi,
638 2530 665 2549 1.
686 2536 727 2540 —-
751 2526 763 2540 ²
794 2531 803 2550 1
827 2521 904 2560 Reg.
934 2530 1018 2550 xxiv.
1041 2519 1108 2561 1-4.
1134 2537 1173 2542 ——
1199 2519 1211 2542 3
1238 2521 1350 2552 Matth.
1372 2532 1468 2561 xxvii,
1490 2531 1544 2562 27.
1573 2539 1613 2544 —
1631 2520 1645 2546 ⁶
1660 2524 1754 2554 Joan.

376 2583 440 2607 xix,
466 2584 513 2613 ¹0-
539 2591 577 2594 —
594 2572 756 2611 5Rom.1,
778 2574 808 2608 3,
825 2579 857 2604 ct
875 2573 986 2605 Matth.
1011 2585 1032 2608 ι,
1062 2587 1088 2605 ι.
