<?xml version="1.0" encoding="UTF-8"?>
<!DOCTYPE html PUBLIC "-//W3C//DTD XHTML 1.0 Transitional//EN"
    "http://www.w3.org/TR/xhtml1/DTD/xhtml1-transitional.dtd">
<html xmlns="http://www.w3.org/1999/xhtml" xml:lang="en" lang="en">
 <head>
  <title>
</title>
<meta http-equiv="Content-Type" content="text/html;charset=utf-8" />
  <meta name='ocr-system' content='tesseract 3.04.00' />
  <meta name='ocr-capabilities' content='ocr_page ocr_carea ocr_par ocr_line ocrx_word'/>
</head>
<body>
  <div class='ocr_page' id='page_1' title='image "./operaomniaaccura09auguuoft_0327.png"; bbox 0 0 1889 3285; ppageno 0'>
   <div class='ocr_carea' id='block_1_1' title="bbox 0 211 11 235">
    <p class='ocr_par' dir='ltr' id='par_1_1' title="bbox 0 211 11 235">
     <span class='ocr_line' id='line_1_1' title="bbox 0 211 11 235; textangle 90"><span class='ocrx_word' id='word_1_1' title='bbox 0 211 11 235; x_wconf 40' lang='lat' dir='ltr'>x</span> 
     </span>
    </p>
   </div>
   <div class='ocr_carea' id='block_1_2' title="bbox 7 238 13 532">
    <p class='ocr_par' dir='ltr' id='par_1_2' title="bbox 7 238 13 532">
     <span class='ocr_line' id='line_1_2' title="bbox 7 238 13 532; baseline 0 2753"><span class='ocrx_word' id='word_1_2' title='bbox 7 238 13 532; x_wconf 95' lang='lat' dir='ltr'> </span> 
     </span>
    </p>
   </div>
   <div class='ocr_carea' id='block_1_3' title="bbox 234 262 1449 321">
    <p class='ocr_par' dir='ltr' id='par_1_3' title="bbox 234 262 1449 321">
     <span class='ocr_line' id='line_1_3' title="bbox 234 262 1449 321; baseline -0.007 -6"><span class='ocrx_word' id='word_1_3' title='bbox 234 283 476 315; x_wconf 74' lang='lat' dir='ltr'>ENARRATIO</span> <span class='ocrx_word' id='word_1_4' title='bbox 507 286 523 312; x_wconf 92' lang='lat'>1</span> <span class='ocrx_word' id='word_1_5' title='bbox 554 280 600 313; x_wconf 75' lang='lat' dir='ltr'>‘m</span> <span class='ocrx_word' id='word_1_6' title='bbox 631 274 834 313; x_wconf 65' lang='lat' dir='ltr'>rsAmoM</span> <span class='ocrx_word' id='word_1_7' title='bbox 866 284 1031 321; x_wconf 76' lang='lat' dir='ltr'>vam,</span> <span class='ocrx_word' id='word_1_8' title='bbox 1064 281 1203 310; x_wconf 74' lang='lat' dir='ltr'>SERMO</span> <span class='ocrx_word' id='word_1_9' title='bbox 1233 281 1265 309; x_wconf 94' lang='lat'>1.</span> <span class='ocrx_word' id='word_1_10' title='bbox 1366 262 1449 307; x_wconf 83' lang='lat'>315</span> 
     </span>
    </p>
   </div>
   <div class='ocr_carea' id='block_1_4' title="bbox 74 345 1479 2659">
    <p class='ocr_par' dir='ltr' id='par_1_4' title="bbox 74 345 1479 2659">
     <span class='ocr_line' id='line_1_4' title="bbox 76 345 1453 411; baseline -0.005 -15"><span class='ocrx_word' id='word_1_11' title='bbox 76 352 210 411; x_wconf 84' lang='lat' dir='ltr'>gratia</span> <span class='ocrx_word' id='word_1_12' title='bbox 234 370 244 396; x_wconf 73' lang='lat' dir='ltr'><em>z</em></span> <span class='ocrx_word' id='word_1_13' title='bbox 279 351 314 396; x_wconf 89' lang='lat' dir='ltr'>si</span> <span class='ocrx_word' id='word_1_14' title='bbox 335 365 490 394; x_wconf 87' lang='lat' dir='ltr'>aurum</span> <span class='ocrx_word' id='word_1_15' title='bbox 516 358 580 393; x_wconf 88' lang='lat' dir='ltr'>est</span> <span class='ocrx_word' id='word_1_16' title='bbox 604 352 745 404; x_wconf 81' lang='lat' dir='ltr'>Pater,</span> <span class='ocrx_word' id='word_1_17' title='bbox 773 364 926 393; x_wconf 87' lang='lat' dir='ltr'>aurum</span> <span class='ocrx_word' id='word_1_18' title='bbox 959 356 1003 391; x_wconf 87' lang='grc' dir='ltr'>θῖ</span> <span class='ocrx_word' id='word_1_19' title='bbox 1032 345 1194 401; x_wconf 88' lang='lat' dir='ltr'>Filius,</span> <span class='ocrx_word' id='word_1_20' title='bbox 1227 347 1381 390; x_wconf 76' lang='lat' dir='ltr'>aurum</span> <span class='ocrx_word' id='word_1_21' title='bbox 1410 352 1453 389; x_wconf 89' lang='lat' dir='ltr'>et</span> 
     </span>
     <span class='ocr_line' id='line_1_5' title="bbox 78 414 1454 480; baseline -0.005 -15"><span class='ocrx_word' id='word_1_22' title='bbox 78 421 259 480; x_wconf 86' lang='lat' dir='ltr'>Spiritus</span> <span class='ocrx_word' id='word_1_23' title='bbox 280 428 468 464; x_wconf 89' lang='lat' dir='ltr'>sanctus.</span> <span class='ocrx_word' id='word_1_24' title='bbox 494 418 716 479; x_wconf 86' lang='lat' dir='ltr'>Quidquid</span> <span class='ocrx_word' id='word_1_25' title='bbox 739 428 801 463; x_wconf 86' lang='lat' dir='ltr'>est</span> <span class='ocrx_word' id='word_1_26' title='bbox 830 423 956 463; x_wconf 85' lang='lat' dir='ltr'>Pater</span> <span class='ocrx_word' id='word_1_27' title='bbox 977 416 1098 477; x_wconf 90' lang='lat' dir='ltr'>quod</span> <span class='ocrx_word' id='word_1_28' title='bbox 1122 419 1236 460; x_wconf 87' lang='lat' dir='ltr'>Deus</span> <span class='ocrx_word' id='word_1_29' title='bbox 1258 424 1344 470; x_wconf 83' lang='lat' dir='ltr'>est,</span> <span class='ocrx_word' id='word_1_30' title='bbox 1369 414 1454 459; x_wconf 98' lang='grc'>1100</span> 
     </span>
     <span class='ocr_line' id='line_1_6' title="bbox 75 490 1455 550; baseline -0.005 -14"><span class='ocrx_word' id='word_1_31' title='bbox 75 491 239 546; x_wconf 86' lang='lat' dir='ltr'>Filius,</span> <span class='ocrx_word' id='word_1_32' title='bbox 263 492 347 535; x_wconf 91' lang='lat' dir='ltr'>hoc</span> <span class='ocrx_word' id='word_1_33' title='bbox 374 490 555 550; x_wconf 88' lang='lat' dir='ltr'>Spiritus</span> <span class='ocrx_word' id='word_1_34' title='bbox 577 499 763 534; x_wconf 88' lang='lat' dir='ltr'>sanctus.</span> <span class='ocrx_word' id='word_1_35' title='bbox 800 492 912 535; x_wconf 89' lang='lat' dir='ltr'>Cum</span> <span class='ocrx_word' id='word_1_36' title='bbox 934 497 1078 532; x_wconf 87' lang='lat' dir='ltr'>autem</span> <span class='ocrx_word' id='word_1_37' title='bbox 1104 490 1230 531; x_wconf 87' lang='lat' dir='ltr'>Pater</span> <span class='ocrx_word' id='word_1_38' title='bbox 1249 495 1313 530; x_wconf 89' lang='lat' dir='ltr'>est</span> <span class='ocrx_word' id='word_1_39' title='bbox 1328 521 1339 540; x_wconf 87' lang='lat'>‚</span> <span class='ocrx_word' id='word_1_40' title='bbox 1364 501 1455 530; x_wconf 88' lang='lat' dir='ltr'>non</span> 
     </span>
     <span class='ocr_line' id='line_1_7' title="bbox 74 553 1457 620; baseline -0.005 -15"><span class='ocrx_word' id='word_1_41' title='bbox 74 560 186 605; x_wconf 78' lang='lat' dir='ltr'>illud</span> <span class='ocrx_word' id='word_1_42' title='bbox 206 569 270 605; x_wconf 89' lang='lat' dir='ltr'>est</span> <span class='ocrx_word' id='word_1_43' title='bbox 290 559 411 620; x_wconf 87' lang='lat' dir='ltr'>quod</span> <span class='ocrx_word' id='word_1_44' title='bbox 432 575 509 603; x_wconf 81' lang='lat' dir='ltr'>est.</span> <span class='ocrx_word' id='word_1_45' title='bbox 535 563 662 604; x_wconf 87' lang='lat' dir='ltr'>Pater</span> <span class='ocrx_word' id='word_1_46' title='bbox 683 561 798 604; x_wconf 88' lang='lat' dir='ltr'>enim</span> <span class='ocrx_word' id='word_1_47' title='bbox 819 575 910 604; x_wconf 91' lang='lat' dir='ltr'>non</span> <span class='ocrx_word' id='word_1_48' title='bbox 934 557 989 602; x_wconf 87' lang='lat' dir='ltr'>ad</span> <span class='ocrx_word' id='word_1_49' title='bbox 1007 573 1073 613; x_wconf 87' lang='grc' dir='ltr'>εθ,</span> <span class='ocrx_word' id='word_1_50' title='bbox 1110 553 1184 601; x_wconf 88' lang='lat' dir='ltr'>sed</span> <span class='ocrx_word' id='word_1_51' title='bbox 1213 556 1268 600; x_wconf 91' lang='lat' dir='ltr'>ad</span> <span class='ocrx_word' id='word_1_52' title='bbox 1296 553 1457 600; x_wconf 81' lang='lat' dir='ltr'>Filium</span> 
     </span>
     <span class='ocr_line' id='line_1_8' title="bbox 76 625 1457 688; baseline -0.004 -13"><span class='ocrx_word' id='word_1_53' title='bbox 76 630 261 675; x_wconf 84' lang='lat' dir='ltr'>dicitur:</span> <span class='ocrx_word' id='word_1_54' title='bbox 294 629 350 674; x_wconf 85' lang='lat' dir='ltr'>ad</span> <span class='ocrx_word' id='word_1_55' title='bbox 370 645 414 673; x_wconf 88' lang='lat' dir='ltr'>se</span> <span class='ocrx_word' id='word_1_56' title='bbox 442 638 586 673; x_wconf 86' lang='lat' dir='ltr'>autem</span> <span class='ocrx_word' id='word_1_57' title='bbox 608 633 721 673; x_wconf 90' lang='lat' dir='ltr'>Deus</span> <span class='ocrx_word' id='word_1_58' title='bbox 743 629 916 674; x_wconf 83' lang='lat' dir='ltr'>dicitur.</span> <span class='ocrx_word' id='word_1_59' title='bbox 949 631 1102 688; x_wconf 88' lang='lat' dir='ltr'>Itaque</span> <span class='ocrx_word' id='word_1_60' title='bbox 1127 642 1178 671; x_wconf 87' lang='lat' dir='ltr'>eo</span> <span class='ocrx_word' id='word_1_61' title='bbox 1201 625 1322 687; x_wconf 89' lang='lat' dir='ltr'>quod</span> <span class='ocrx_word' id='word_1_62' title='bbox 1343 628 1457 669; x_wconf 89' lang='lat' dir='ltr'>Deus</span> 
     </span>
     <span class='ocr_line' id='line_1_9' title="bbox 76 695 1459 761; baseline -0.005 -15"><span class='ocrx_word' id='word_1_63' title='bbox 76 710 162 756; x_wconf 85' lang='lat' dir='ltr'>est,</span> <span class='ocrx_word' id='word_1_64' title='bbox 186 702 271 745; x_wconf 92' lang='lat' dir='ltr'>hoc</span> <span class='ocrx_word' id='word_1_65' title='bbox 291 700 385 760; x_wconf 86' lang='lat' dir='ltr'>ipso</span> <span class='ocrx_word' id='word_1_66' title='bbox 407 699 646 744; x_wconf 85' lang='lat' dir='ltr'>substantia</span> <span class='ocrx_word' id='word_1_67' title='bbox 677 709 754 744; x_wconf 82' lang='lat' dir='ltr'>est.</span> <span class='ocrx_word' id='word_1_68' title='bbox 779 703 836 744; x_wconf 87' lang='lat' dir='ltr'>Et</span> <span class='ocrx_word' id='word_1_69' title='bbox 857 700 960 761; x_wconf 84' lang='lat' dir='ltr'>quia</span> <span class='ocrx_word' id='word_1_70' title='bbox 986 697 1176 759; x_wconf 86' lang='lat' dir='ltr'>ejusdem</span> <span class='ocrx_word' id='word_1_71' title='bbox 1206 695 1459 741; x_wconf 79' lang='lat' dir='ltr'>substantiae</span> 
     </span>
     <span class='ocr_line' id='line_1_10' title="bbox 76 765 1461 830; baseline -0.004 -16"><span class='ocrx_word' id='word_1_72' title='bbox 76 770 234 825; x_wconf 83' lang='lat' dir='ltr'>Filius,</span> <span class='ocrx_word' id='word_1_73' title='bbox 259 769 413 830; x_wconf 90' lang='lat' dir='ltr'>procul</span> <span class='ocrx_word' id='word_1_74' title='bbox 433 768 569 813; x_wconf 84' lang='lat' dir='ltr'>dubio</span> <span class='ocrx_word' id='word_1_75' title='bbox 591 779 634 813; x_wconf 86' lang='lat' dir='ltr'>et</span> <span class='ocrx_word' id='word_1_76' title='bbox 665 769 798 813; x_wconf 89' lang='lat' dir='ltr'>Filius</span> <span class='ocrx_word' id='word_1_77' title='bbox 820 773 948 814; x_wconf 90' lang='lat' dir='ltr'>Deus.</span> <span class='ocrx_word' id='word_1_78' title='bbox 981 772 1038 813; x_wconf 90' lang='lat' dir='ltr'>At</span> <span class='ocrx_word' id='word_1_79' title='bbox 1063 782 1167 812; x_wconf 78' lang='lat' dir='ltr'>vero</span> <span class='ocrx_word' id='word_1_80' title='bbox 1190 765 1311 828; x_wconf 88' lang='lat' dir='ltr'>quod</span> <span class='ocrx_word' id='word_1_81' title='bbox 1333 769 1461 810; x_wconf 85' lang='lat' dir='ltr'>Pater</span> 
     </span>
     <span class='ocr_line' id='line_1_11' title="bbox 75 835 1460 901; baseline -0.004 -17"><span class='ocrx_word' id='word_1_82' title='bbox 75 850 160 897; x_wconf 84' lang='lat' dir='ltr'>est,</span> <span class='ocrx_word' id='word_1_83' title='bbox 181 841 282 901; x_wconf 84' lang='lat' dir='ltr'>quia</span> <span class='ocrx_word' id='word_1_84' title='bbox 304 856 392 884; x_wconf 89' lang='lat' dir='ltr'>non</span> <span class='ocrx_word' id='word_1_85' title='bbox 414 840 666 884; x_wconf 67' lang='lat' dir='ltr'>substantiae</span> <span class='ocrx_word' id='word_1_86' title='bbox 695 856 855 884; x_wconf 85' lang='lat' dir='ltr'>nomen</span> <span class='ocrx_word' id='word_1_87' title='bbox 881 849 970 894; x_wconf 87' lang='lat' dir='ltr'>est,</span> <span class='ocrx_word' id='word_1_88' title='bbox 996 839 1071 883; x_wconf 89' lang='lat' dir='ltr'>sed</span> <span class='ocrx_word' id='word_1_89' title='bbox 1093 837 1280 882; x_wconf 86' lang='lat' dir='ltr'>refertur</span> <span class='ocrx_word' id='word_1_90' title='bbox 1301 835 1355 880; x_wconf 88' lang='lat' dir='ltr'>ad</span> <span class='ocrx_word' id='word_1_91' title='bbox 1384 836 1460 880; x_wconf 88' lang='lat' dir='ltr'>Fi-</span> 
     </span>
     <span class='ocr_line' id='line_1_12' title="bbox 75 905 1462 968; baseline -0.003 -14"><span class='ocrx_word' id='word_1_92' title='bbox 75 911 183 955; x_wconf 88' lang='lat' dir='ltr'>lium</span> <span class='ocrx_word' id='word_1_93' title='bbox 198 945 209 965; x_wconf 91' lang='lat'>‚</span> <span class='ocrx_word' id='word_1_94' title='bbox 232 926 321 955; x_wconf 91' lang='lat' dir='ltr'>non</span> <span class='ocrx_word' id='word_1_95' title='bbox 343 910 401 954; x_wconf 91' lang='lat' dir='ltr'>sic</span> <span class='ocrx_word' id='word_1_96' title='bbox 423 909 605 954; x_wconf 87' lang='lat' dir='ltr'>dicimus</span> <span class='ocrx_word' id='word_1_97' title='bbox 624 910 782 954; x_wconf 89' lang='lat' dir='ltr'>Filium</span> <span class='ocrx_word' id='word_1_98' title='bbox 807 913 977 954; x_wconf 85' lang='lat' dir='ltr'>Patrem</span> <span class='ocrx_word' id='word_1_99' title='bbox 1001 924 1112 963; x_wconf 81' lang='lat' dir='ltr'>esse,</span> <span class='ocrx_word' id='word_1_100' title='bbox 1143 907 1364 968; x_wconf 89' lang='lat' dir='ltr'>quomodo</span> <span class='ocrx_word' id='word_1_101' title='bbox 1393 905 1462 950; x_wconf 86' lang='lat' dir='ltr'>di-</span> 
     </span>
     <span class='ocr_line' id='line_1_13' title="bbox 77 979 1464 1040; baseline -0.003 -15"><span class='ocrx_word' id='word_1_102' title='bbox 77 982 213 1025; x_wconf 87' lang='lat' dir='ltr'>cimus</span> <span class='ocrx_word' id='word_1_103' title='bbox 235 981 396 1025; x_wconf 80' lang='lat' dir='ltr'>Filium</span> <span class='ocrx_word' id='word_1_104' title='bbox 419 981 558 1024; x_wconf 91' lang='lat' dir='ltr'>Deum</span> <span class='ocrx_word' id='word_1_105' title='bbox 575 995 680 1024; x_wconf 77' lang='lat' dir='ltr'>esse,</span> <span class='ocrx_word' id='word_1_106' title='bbox 709 981 874 1034; x_wconf 84' lang='lat' dir='ltr'>Quaeris</span> <span class='ocrx_word' id='word_1_107' title='bbox 897 979 1004 1040; x_wconf 89' lang='lat' dir='ltr'>quid</span> <span class='ocrx_word' id='word_1_108' title='bbox 1023 980 1077 1024; x_wconf 87' lang='lat' dir='ltr'>sit</span> <span class='ocrx_word' id='word_1_109' title='bbox 1098 982 1224 1023; x_wconf 87' lang='lat' dir='ltr'>Pater</span> <span class='ocrx_word' id='word_1_110' title='bbox 1250 997 1258 1023; x_wconf 88' lang='lat'>:</span> <span class='ocrx_word' id='word_1_111' title='bbox 1284 990 1464 1037; x_wconf 86' lang='lat' dir='ltr'>respon-</span> 
     </span>
     <span class='ocr_line' id='line_1_14' title="bbox 78 1048 1460 1110; baseline -0.002 -16"><span class='ocrx_word' id='word_1_112' title='bbox 78 1051 232 1095; x_wconf 88' lang='lat' dir='ltr'>detur:</span> <span class='ocrx_word' id='word_1_113' title='bbox 258 1053 386 1094; x_wconf 83' lang='lat' dir='ltr'>Deus.</span> <span class='ocrx_word' id='word_1_114' title='bbox 413 1050 577 1103; x_wconf 81' lang='lat' dir='ltr'>Quaeris</span> <span class='ocrx_word' id='word_1_115' title='bbox 594 1050 702 1110; x_wconf 84' lang='lat' dir='ltr'>quid</span> <span class='ocrx_word' id='word_1_116' title='bbox 723 1050 775 1094; x_wconf 91' lang='lat' dir='ltr'>sit</span> <span class='ocrx_word' id='word_1_117' title='bbox 798 1049 933 1094; x_wconf 85' lang='lat' dir='ltr'>Filius</span> <span class='ocrx_word' id='word_1_118' title='bbox 961 1069 970 1094; x_wconf 90' lang='lat'>:</span> <span class='ocrx_word' id='word_1_119' title='bbox 996 1048 1283 1109; x_wconf 83' lang='lat' dir='ltr'>respondetur</span> <span class='ocrx_word' id='word_1_120' title='bbox 1304 1068 1313 1093; x_wconf 89' lang='lat'>:</span> <span class='ocrx_word' id='word_1_121' title='bbox 1332 1051 1460 1092; x_wconf 86' lang='lat' dir='ltr'>Deus.</span> 
     </span>
     <span class='ocr_line' id='line_1_15' title="bbox 78 1119 1466 1180; baseline -0.002 -16"><span class='ocrx_word' id='word_1_122' title='bbox 78 1120 246 1173; x_wconf 78' lang='lat' dir='ltr'>Quaeris</span> <span class='ocrx_word' id='word_1_123' title='bbox 270 1119 379 1180; x_wconf 84' lang='lat' dir='ltr'>quid</span> <span class='ocrx_word' id='word_1_124' title='bbox 399 1120 454 1163; x_wconf 87' lang='lat' dir='ltr'>sit</span> <span class='ocrx_word' id='word_1_125' title='bbox 476 1123 602 1163; x_wconf 86' lang='lat' dir='ltr'>Pater</span> <span class='ocrx_word' id='word_1_126' title='bbox 632 1129 674 1163; x_wconf 85' lang='lat' dir='ltr'>et</span> <span class='ocrx_word' id='word_1_127' title='bbox 702 1119 838 1163; x_wconf 87' lang='lat' dir='ltr'>Filius</span> <span class='ocrx_word' id='word_1_128' title='bbox 860 1139 869 1164; x_wconf 90' lang='lat'>:</span> <span class='ocrx_word' id='word_1_129' title='bbox 903 1119 1191 1178; x_wconf 85' lang='lat' dir='ltr'>respondetur</span> <span class='ocrx_word' id='word_1_130' title='bbox 1217 1138 1226 1163; x_wconf 73' lang='grc' dir='ltr'>ε</span> <span class='ocrx_word' id='word_1_131' title='bbox 1249 1121 1377 1162; x_wconf 91' lang='lat' dir='ltr'>Deus.</span> <span class='ocrx_word' id='word_1_132' title='bbox 1404 1120 1466 1161; x_wconf 91' lang='lat' dir='ltr'>De</span> 
     </span>
     <span class='ocr_line' id='line_1_16' title="bbox 79 1188 1465 1249; baseline -0.001 -14"><span class='ocrx_word' id='word_1_133' title='bbox 79 1190 171 1235; x_wconf 88' lang='lat' dir='ltr'>solo</span> <span class='ocrx_word' id='word_1_134' title='bbox 194 1193 324 1234; x_wconf 86' lang='lat' dir='ltr'>Patre</span> <span class='ocrx_word' id='word_1_135' title='bbox 358 1191 677 1248; x_wconf 65' lang='lat' dir='ltr'>interrogatus5</span> <span class='ocrx_word' id='word_1_136' title='bbox 707 1193 847 1234; x_wconf 87' lang='lat' dir='ltr'>Deum</span> <span class='ocrx_word' id='word_1_137' title='bbox 875 1189 1089 1249; x_wconf 80' lang='lat' dir='ltr'>responde</span> <span class='ocrx_word' id='word_1_138' title='bbox 1117 1209 1126 1234; x_wconf 76' lang='lat' dir='ltr'>t</span> <span class='ocrx_word' id='word_1_139' title='bbox 1153 1188 1207 1232; x_wconf 87' lang='lat' dir='ltr'>de</span> <span class='ocrx_word' id='word_1_140' title='bbox 1241 1188 1331 1233; x_wconf 92' lang='lat' dir='ltr'>solo</span> <span class='ocrx_word' id='word_1_141' title='bbox 1353 1188 1465 1233; x_wconf 81' lang='lat' dir='ltr'>Filio</span> 
     </span>
     <span class='ocr_line' id='line_1_17' title="bbox 77 1255 1463 1321; baseline -0.002 -15"><span class='ocrx_word' id='word_1_142' title='bbox 77 1255 394 1319; x_wconf 80' lang='lat' dir='ltr'>interrogatus,</span> <span class='ocrx_word' id='word_1_143' title='bbox 430 1264 565 1305; x_wconf 88' lang='lat' dir='ltr'>Deum</span> <span class='ocrx_word' id='word_1_144' title='bbox 592 1259 804 1320; x_wconf 80' lang='lat' dir='ltr'>responde</span> <span class='ocrx_word' id='word_1_145' title='bbox 825 1280 833 1305; x_wconf 74' lang='grc' dir='ltr'>ε</span> <span class='ocrx_word' id='word_1_146' title='bbox 859 1260 913 1304; x_wconf 87' lang='lat' dir='ltr'>de</span> <span class='ocrx_word' id='word_1_147' title='bbox 935 1271 1123 1321; x_wconf 88' lang='lat' dir='ltr'>utroque</span> <span class='ocrx_word' id='word_1_148' title='bbox 1151 1261 1463 1319; x_wconf 79' lang='lat' dir='ltr'>interrogatus,</span> 
     </span>
     <span class='ocr_line' id='line_1_18' title="bbox 81 1329 1462 1390; baseline -0.001 -15"><span class='ocrx_word' id='word_1_149' title='bbox 81 1347 172 1376; x_wconf 92' lang='lat' dir='ltr'>non</span> <span class='ocrx_word' id='word_1_150' title='bbox 194 1330 296 1375; x_wconf 86' lang='lat' dir='ltr'>deos</span> <span class='ocrx_word' id='word_1_151' title='bbox 312 1366 323 1385; x_wconf 82' lang='lat'>‚</span> <span class='ocrx_word' id='word_1_152' title='bbox 359 1330 435 1374; x_wconf 87' lang='lat' dir='ltr'>sed</span> <span class='ocrx_word' id='word_1_153' title='bbox 460 1334 597 1374; x_wconf 87' lang='lat' dir='ltr'>Deum</span> <span class='ocrx_word' id='word_1_154' title='bbox 620 1330 848 1390; x_wconf 79' lang='lat' dir='ltr'>responde.</span> <span class='ocrx_word' id='word_1_155' title='bbox 876 1334 974 1375; x_wconf 82' lang='lat' dir='ltr'>Non</span> <span class='ocrx_word' id='word_1_156' title='bbox 995 1332 1105 1375; x_wconf 82' lang='lat' dir='ltr'>sicut</span> <span class='ocrx_word' id='word_1_157' title='bbox 1126 1331 1173 1374; x_wconf 91' lang='lat' dir='ltr'>in</span> <span class='ocrx_word' id='word_1_158' title='bbox 1195 1329 1462 1375; x_wconf 82' lang='lat' dir='ltr'>hominibus.</span> 
     </span>
     <span class='ocr_line' id='line_1_19' title="bbox 82 1400 1465 1461; baseline -0.001 -16"><span class='ocrx_word' id='word_1_159' title='bbox 82 1401 248 1455; x_wconf 71' lang='lat' dir='ltr'>Quaeris</span> <span class='ocrx_word' id='word_1_160' title='bbox 279 1400 388 1461; x_wconf 89' lang='lat' dir='ltr'>quid</span> <span class='ocrx_word' id='word_1_161' title='bbox 421 1400 476 1445; x_wconf 86' lang='lat' dir='ltr'>sit</span> <span class='ocrx_word' id='word_1_162' title='bbox 508 1410 630 1460; x_wconf 86' lang='lat' dir='ltr'>pater</span> <span class='ocrx_word' id='word_1_163' title='bbox 658 1401 907 1457; x_wconf 81' lang='lat' dir='ltr'>Abraham3</span> <span class='ocrx_word' id='word_1_164' title='bbox 950 1401 1233 1458; x_wconf 72' lang='lat' dir='ltr'>respondetur</span> <span class='ocrx_word' id='word_1_165' title='bbox 1260 1420 1268 1445; x_wconf 76' lang='grc' dir='ltr'>ε</span> <span class='ocrx_word' id='word_1_166' title='bbox 1295 1404 1465 1458; x_wconf 78' lang='lat' dir='ltr'>Hom03</span> 
     </span>
     <span class='ocr_line' id='line_1_20' title="bbox 82 1462 1468 1531; baseline -0.001 -15"><span class='ocrx_word' id='word_1_167' title='bbox 82 1471 323 1516; x_wconf 79' lang='lat' dir='ltr'>substantia</span> <span class='ocrx_word' id='word_1_168' title='bbox 354 1472 445 1530; x_wconf 84' lang='lat' dir='ltr'>ejus</span> <span class='ocrx_word' id='word_1_169' title='bbox 478 1462 779 1530; x_wconf 82' lang='lat' dir='ltr'>respondetur.</span> <span class='ocrx_word' id='word_1_170' title='bbox 815 1470 978 1523; x_wconf 77' lang='lat' dir='ltr'>Quaeris</span> <span class='ocrx_word' id='word_1_171' title='bbox 1012 1470 1119 1531; x_wconf 84' lang='lat' dir='ltr'>quid</span> <span class='ocrx_word' id='word_1_172' title='bbox 1148 1472 1200 1515; x_wconf 87' lang='lat' dir='ltr'>sit</span> <span class='ocrx_word' id='word_1_173' title='bbox 1228 1470 1342 1514; x_wconf 87' lang='lat' dir='ltr'>filius</span> <span class='ocrx_word' id='word_1_174' title='bbox 1378 1472 1468 1531; x_wconf 83' lang='lat' dir='ltr'>ejus</span> 
     </span>
     <span class='ocr_line' id='line_1_21' title="bbox 83 1541 1468 1600; baseline -0.002 -13"><span class='ocrx_word' id='word_1_175' title='bbox 83 1545 227 1600; x_wconf 77' lang='lat' dir='ltr'>Isaa03</span> <span class='ocrx_word' id='word_1_176' title='bbox 251 1541 537 1600; x_wconf 85' lang='lat' dir='ltr'>respondetur</span> <span class='ocrx_word' id='word_1_177' title='bbox 555 1557 564 1582; x_wconf 90' lang='lat'>:</span> <span class='ocrx_word' id='word_1_178' title='bbox 583 1544 725 1585; x_wconf 86' lang='lat' dir='ltr'>Homo</span> <span class='ocrx_word' id='word_1_179' title='bbox 740 1562 751 1598; x_wconf 78' lang='lat'>3</span> <span class='ocrx_word' id='word_1_180' title='bbox 769 1542 961 1600; x_wconf 85' lang='lat' dir='ltr'>ejusdem</span> <span class='ocrx_word' id='word_1_181' title='bbox 978 1542 1233 1585; x_wconf 81' lang='lat' dir='ltr'>substantiae</span> <span class='ocrx_word' id='word_1_182' title='bbox 1246 1541 1468 1585; x_wconf 81' lang='lat' dir='ltr'>Abraham</span> 
     </span>
     <span class='ocr_line' id='line_1_22' title="bbox 83 1611 1470 1671; baseline -0.001 -14"><span class='ocrx_word' id='word_1_183' title='bbox 83 1622 127 1657; x_wconf 87' lang='lat' dir='ltr'>et</span> <span class='ocrx_word' id='word_1_184' title='bbox 148 1615 281 1656; x_wconf 85' lang='lat' dir='ltr'>Isaac.</span> <span class='ocrx_word' id='word_1_185' title='bbox 313 1612 478 1665; x_wconf 83' lang='lat' dir='ltr'>Quaeris</span> <span class='ocrx_word' id='word_1_186' title='bbox 506 1611 613 1670; x_wconf 87' lang='lat' dir='ltr'>quid</span> <span class='ocrx_word' id='word_1_187' title='bbox 635 1611 689 1655; x_wconf 85' lang='lat' dir='ltr'>sit</span> <span class='ocrx_word' id='word_1_188' title='bbox 710 1611 930 1655; x_wconf 80' lang='lat' dir='ltr'>Abraham</span> <span class='ocrx_word' id='word_1_189' title='bbox 950 1621 992 1655; x_wconf 88' lang='lat' dir='ltr'>et</span> <span class='ocrx_word' id='word_1_190' title='bbox 1010 1615 1127 1655; x_wconf 80' lang='lat' dir='ltr'>Isaac</span> <span class='ocrx_word' id='word_1_191' title='bbox 1145 1633 1156 1669; x_wconf 77' lang='lat'>3</span> <span class='ocrx_word' id='word_1_192' title='bbox 1181 1627 1270 1656; x_wconf 90' lang='lat' dir='ltr'>non</span> <span class='ocrx_word' id='word_1_193' title='bbox 1290 1627 1470 1671; x_wconf 87' lang='lat' dir='ltr'>respon-</span> 
     </span>
     <span class='ocr_line' id='line_1_23' title="bbox 83 1681 1470 1737; baseline 0 -10"><span class='ocrx_word' id='word_1_194' title='bbox 83 1683 212 1728; x_wconf 89' lang='lat' dir='ltr'>detur</span> <span class='ocrx_word' id='word_1_195' title='bbox 239 1702 247 1727; x_wconf 92' lang='lat'>:</span> <span class='ocrx_word' id='word_1_196' title='bbox 274 1685 442 1737; x_wconf 65' lang='lat' dir='ltr'>Homo,</span> <span class='ocrx_word' id='word_1_197' title='bbox 480 1681 582 1736; x_wconf 77' lang='lat' dir='ltr'>sed,</span> <span class='ocrx_word' id='word_1_198' title='bbox 613 1683 835 1726; x_wconf 79' lang='lat' dir='ltr'>Homines.</span> <span class='ocrx_word' id='word_1_199' title='bbox 865 1686 962 1727; x_wconf 90' lang='lat' dir='ltr'>Non</span> <span class='ocrx_word' id='word_1_200' title='bbox 985 1683 1109 1727; x_wconf 81' lang='lat' dir='ltr'>sicin</span> <span class='ocrx_word' id='word_1_201' title='bbox 1133 1683 1303 1727; x_wconf 84' lang='lat' dir='ltr'>divinis.</span> <span class='ocrx_word' id='word_1_202' title='bbox 1333 1686 1470 1727; x_wconf 79' lang='lat' dir='ltr'>Tanta</span> 
     </span>
     <span class='ocr_line' id='line_1_24' title="bbox 84 1752 1472 1813; baseline -0.001 -15"><span class='ocrx_word' id='word_1_203' title='bbox 84 1754 201 1798; x_wconf 86' lang='lat' dir='ltr'>enim</span> <span class='ocrx_word' id='word_1_204' title='bbox 232 1753 295 1797; x_wconf 90' lang='lat' dir='ltr'>ibi</span> <span class='ocrx_word' id='word_1_205' title='bbox 322 1763 386 1797; x_wconf 86' lang='lat' dir='ltr'>est</span> <span class='ocrx_word' id='word_1_206' title='bbox 418 1752 671 1796; x_wconf 80' lang='lat' dir='ltr'>substantiae</span> <span class='ocrx_word' id='word_1_207' title='bbox 698 1752 900 1806; x_wconf 79' lang='lat' dir='ltr'>societas,</span> <span class='ocrx_word' id='word_1_208' title='bbox 926 1762 976 1796; x_wconf 89' lang='lat' dir='ltr'>ut</span> <span class='ocrx_word' id='word_1_209' title='bbox 999 1753 1293 1813; x_wconf 68' lang='lat' dir='ltr'>aequalitatem</span> <span class='ocrx_word' id='word_1_210' title='bbox 1315 1752 1472 1797; x_wconf 83' lang='lat' dir='ltr'>admit-</span> 
     </span>
     <span class='ocr_line' id='line_1_25' title="bbox 84 1818 1466 1885; baseline -0.001 -15"><span class='ocrx_word' id='word_1_211' title='bbox 84 1834 168 1880; x_wconf 84' lang='lat' dir='ltr'>tat,</span> <span class='ocrx_word' id='word_1_212' title='bbox 193 1823 487 1885; x_wconf 76' lang='lat' dir='ltr'>pluralitatem</span> <span class='ocrx_word' id='word_1_213' title='bbox 502 1840 591 1867; x_wconf 88' lang='lat' dir='ltr'>non</span> <span class='ocrx_word' id='word_1_214' title='bbox 609 1823 824 1867; x_wconf 85' lang='lat' dir='ltr'>admittat.</span> <span class='ocrx_word' id='word_1_215' title='bbox 844 1824 886 1868; x_wconf 88' lang='lat' dir='ltr'>Si</span> <span class='ocrx_word' id='word_1_216' title='bbox 903 1839 1005 1882; x_wconf 82' lang='lat' dir='ltr'>ergo</span> <span class='ocrx_word' id='word_1_217' title='bbox 1028 1824 1106 1867; x_wconf 82' lang='lat' dir='ltr'>tibi</span> <span class='ocrx_word' id='word_1_218' title='bbox 1130 1824 1293 1868; x_wconf 83' lang='lat' dir='ltr'>dictum</span> <span class='ocrx_word' id='word_1_219' title='bbox 1310 1818 1466 1868; x_wconf 84' lang='lat' dir='ltr'>fuerit:</span> 
     </span>
     <span class='ocr_line' id='line_1_26' title="bbox 86 1893 1471 1955; baseline -0.001 -13"><span class='ocrx_word' id='word_1_220' title='bbox 86 1899 198 1942; x_wconf 86' lang='lat' dir='ltr'>Cum</span> <span class='ocrx_word' id='word_1_221' title='bbox 223 1895 328 1940; x_wconf 86' lang='lat' dir='ltr'>dicis</span> <span class='ocrx_word' id='word_1_222' title='bbox 350 1895 458 1938; x_wconf 85' lang='lat' dir='ltr'>mihi</span> <span class='ocrx_word' id='word_1_223' title='bbox 481 1894 642 1938; x_wconf 79' lang='lat' dir='ltr'>Filium</span> <span class='ocrx_word' id='word_1_224' title='bbox 665 1895 748 1938; x_wconf 90' lang='grc'>1100</span> <span class='ocrx_word' id='word_1_225' title='bbox 771 1909 861 1938; x_wconf 86' lang='lat' dir='ltr'>esse</span> <span class='ocrx_word' id='word_1_226' title='bbox 878 1893 999 1955; x_wconf 87' lang='lat' dir='ltr'>quod</span> <span class='ocrx_word' id='word_1_227' title='bbox 1021 1898 1147 1938; x_wconf 82' lang='lat' dir='ltr'>Pater</span> <span class='ocrx_word' id='word_1_228' title='bbox 1165 1904 1249 1949; x_wconf 80' lang='lat' dir='ltr'>est,</span> <span class='ocrx_word' id='word_1_229' title='bbox 1275 1893 1471 1955; x_wconf 86' lang='lat' dir='ltr'>profecto</span> 
     </span>
     <span class='ocr_line' id='line_1_27' title="bbox 87 1964 1474 2024; baseline -0.001 -14"><span class='ocrx_word' id='word_1_230' title='bbox 87 1976 130 2011; x_wconf 88' lang='lat' dir='ltr'>et</span> <span class='ocrx_word' id='word_1_231' title='bbox 152 1966 288 2010; x_wconf 83' lang='lat' dir='ltr'>Filius</span> <span class='ocrx_word' id='word_1_232' title='bbox 312 1969 439 2010; x_wconf 89' lang='lat' dir='ltr'>Pater</span> <span class='ocrx_word' id='word_1_233' title='bbox 473 1974 536 2009; x_wconf 89' lang='lat' dir='ltr'>est</span> <span class='ocrx_word' id='word_1_234' title='bbox 566 1981 575 2006; x_wconf 92' lang='lat'>:</span> <span class='ocrx_word' id='word_1_235' title='bbox 612 1964 824 2024; x_wconf 86' lang='lat' dir='ltr'>responde</span> <span class='ocrx_word' id='word_1_236' title='bbox 857 1984 865 2009; x_wconf 80' lang='lat' dir='ltr'>z</span> <span class='ocrx_word' id='word_1_237' title='bbox 903 1966 1153 2010; x_wconf 82' lang='lat' dir='ltr'>Secundum</span> <span class='ocrx_word' id='word_1_238' title='bbox 1186 1965 1474 2009; x_wconf 81' lang='lat' dir='ltr'>substantiam</span> 
     </span>
     <span class='ocr_line' id='line_1_28' title="bbox 87 2034 1473 2096; baseline -0.001 -15"><span class='ocrx_word' id='word_1_239' title='bbox 87 2037 168 2082; x_wconf 81' lang='lat' dir='ltr'>tibi</span> <span class='ocrx_word' id='word_1_240' title='bbox 191 2036 277 2081; x_wconf 79' lang='lat' dir='ltr'>dixi</span> <span class='ocrx_word' id='word_1_241' title='bbox 298 2037 383 2081; x_wconf 89' lang='lat' dir='ltr'>hoc</span> <span class='ocrx_word' id='word_1_242' title='bbox 408 2051 497 2080; x_wconf 83' lang='lat' dir='ltr'>esse</span> <span class='ocrx_word' id='word_1_243' title='bbox 525 2035 686 2080; x_wconf 87' lang='lat' dir='ltr'>Filium</span> <span class='ocrx_word' id='word_1_244' title='bbox 708 2034 828 2096; x_wconf 86' lang='lat' dir='ltr'>quod</span> <span class='ocrx_word' id='word_1_245' title='bbox 850 2039 977 2080; x_wconf 84' lang='lat' dir='ltr'>Pater</span> <span class='ocrx_word' id='word_1_246' title='bbox 998 2046 1060 2080; x_wconf 85' lang='lat' dir='ltr'>est</span> <span class='ocrx_word' id='word_1_247' title='bbox 1078 2072 1088 2091; x_wconf 79' lang='lat'>,</span> <span class='ocrx_word' id='word_1_248' title='bbox 1121 2051 1211 2080; x_wconf 91' lang='lat' dir='ltr'>non</span> <span class='ocrx_word' id='word_1_249' title='bbox 1231 2036 1473 2081; x_wconf 82' lang='lat' dir='ltr'>secundum</span> 
     </span>
     <span class='ocr_line' id='line_1_29' title="bbox 86 2105 1475 2168; baseline -0.001 -16"><span class='ocrx_word' id='word_1_250' title='bbox 86 2107 133 2152; x_wconf 89' lang='lat' dir='ltr'>id</span> <span class='ocrx_word' id='word_1_251' title='bbox 154 2107 274 2168; x_wconf 88' lang='lat' dir='ltr'>quod</span> <span class='ocrx_word' id='word_1_252' title='bbox 296 2108 348 2151; x_wconf 85' lang='lat' dir='ltr'>ad</span> <span class='ocrx_word' id='word_1_253' title='bbox 368 2105 486 2151; x_wconf 81' lang='lat' dir='ltr'>aliud</span> <span class='ocrx_word' id='word_1_254' title='bbox 510 2107 681 2150; x_wconf 85' lang='lat' dir='ltr'>dicitur.</span> <span class='ocrx_word' id='word_1_255' title='bbox 707 2106 776 2150; x_wconf 79' lang='lat' dir='ltr'>Ad</span> <span class='ocrx_word' id='word_1_256' title='bbox 792 2122 836 2150; x_wconf 88' lang='lat' dir='ltr'>se</span> <span class='ocrx_word' id='word_1_257' title='bbox 859 2107 974 2150; x_wconf 75' lang='lat' dir='ltr'>enim</span> <span class='ocrx_word' id='word_1_258' title='bbox 993 2109 1106 2150; x_wconf 90' lang='lat' dir='ltr'>Deus</span> <span class='ocrx_word' id='word_1_259' title='bbox 1126 2105 1298 2161; x_wconf 84' lang='lat' dir='ltr'>dicitur,</span> <span class='ocrx_word' id='word_1_260' title='bbox 1325 2106 1379 2151; x_wconf 89' lang='lat' dir='ltr'>ad</span> <span class='ocrx_word' id='word_1_261' title='bbox 1400 2110 1475 2151; x_wconf 90' lang='lat' dir='ltr'>Pa-</span> 
     </span>
     <span class='ocr_line' id='line_1_30' title="bbox 89 2176 1473 2237; baseline -0.001 -15"><span class='ocrx_word' id='word_1_262' title='bbox 89 2188 199 2223; x_wconf 88' lang='lat' dir='ltr'>trem</span> <span class='ocrx_word' id='word_1_263' title='bbox 223 2177 358 2222; x_wconf 84' lang='lat' dir='ltr'>Filius</span> <span class='ocrx_word' id='word_1_264' title='bbox 380 2178 553 2222; x_wconf 87' lang='lat' dir='ltr'>dicitur.</span> <span class='ocrx_word' id='word_1_265' title='bbox 582 2181 834 2237; x_wconf 84' lang='lat' dir='ltr'>Rursusque</span> <span class='ocrx_word' id='word_1_266' title='bbox 858 2181 984 2221; x_wconf 82' lang='lat' dir='ltr'>Pater</span> <span class='ocrx_word' id='word_1_267' title='bbox 1012 2176 1066 2221; x_wconf 84' lang='lat' dir='ltr'>ad</span> <span class='ocrx_word' id='word_1_268' title='bbox 1096 2194 1139 2221; x_wconf 85' lang='lat' dir='ltr'>se</span> <span class='ocrx_word' id='word_1_269' title='bbox 1162 2181 1275 2221; x_wconf 86' lang='lat' dir='ltr'>Deus</span> <span class='ocrx_word' id='word_1_270' title='bbox 1297 2177 1473 2234; x_wconf 86' lang='lat' dir='ltr'>dicitur,</span> 
     </span>
     <span class='ocr_line' id='line_1_31' title="bbox 90 2247 1472 2303; baseline -0.001 -11"><span class='ocrx_word' id='word_1_271' title='bbox 90 2248 146 2293; x_wconf 88' lang='lat' dir='ltr'>ad</span> <span class='ocrx_word' id='word_1_272' title='bbox 168 2247 328 2292; x_wconf 84' lang='lat' dir='ltr'>Filium</span> <span class='ocrx_word' id='word_1_273' title='bbox 359 2252 486 2292; x_wconf 88' lang='lat' dir='ltr'>Pater</span> <span class='ocrx_word' id='word_1_274' title='bbox 513 2247 686 2292; x_wconf 87' lang='lat' dir='ltr'>dicitur.</span> <span class='ocrx_word' id='word_1_275' title='bbox 711 2248 840 2300; x_wconf 81' lang='lat' dir='ltr'>Quod</span> <span class='ocrx_word' id='word_1_276' title='bbox 865 2247 1023 2292; x_wconf 81' lang='lat' dir='ltr'>dicitur</span> <span class='ocrx_word' id='word_1_277' title='bbox 1054 2247 1109 2291; x_wconf 98' lang='grc' dir='ltr'><em>ἃᾶ</em></span> <span class='ocrx_word' id='word_1_278' title='bbox 1132 2247 1291 2292; x_wconf 76' lang='lat' dir='ltr'>Filium</span> <span class='ocrx_word' id='word_1_279' title='bbox 1331 2251 1472 2303; x_wconf 80' lang='lat' dir='ltr'>Pater⁷</span> 
     </span>
     <span class='ocr_line' id='line_1_32' title="bbox 89 2317 1477 2379; baseline -0.001 -17"><span class='ocrx_word' id='word_1_280' title='bbox 89 2335 179 2363; x_wconf 87' lang='lat' dir='ltr'>non</span> <span class='ocrx_word' id='word_1_281' title='bbox 209 2328 274 2362; x_wconf 86' lang='lat' dir='ltr'>est</span> <span class='ocrx_word' id='word_1_282' title='bbox 302 2319 436 2363; x_wconf 81' lang='lat' dir='ltr'>Filius</span> <span class='ocrx_word' id='word_1_283' title='bbox 458 2338 466 2363; x_wconf 89' lang='grc'>;</span> <span class='ocrx_word' id='word_1_284' title='bbox 493 2318 614 2379; x_wconf 87' lang='lat' dir='ltr'>quod</span> <span class='ocrx_word' id='word_1_285' title='bbox 642 2318 799 2363; x_wconf 83' lang='lat' dir='ltr'>dicitur</span> <span class='ocrx_word' id='word_1_286' title='bbox 826 2317 960 2362; x_wconf 81' lang='lat' dir='ltr'>Filius</span> <span class='ocrx_word' id='word_1_287' title='bbox 989 2318 1044 2362; x_wconf 86' lang='lat' dir='ltr'>ad</span> <span class='ocrx_word' id='word_1_288' title='bbox 1071 2322 1240 2363; x_wconf 81' lang='lat' dir='ltr'>Patrem</span> <span class='ocrx_word' id='word_1_289' title='bbox 1258 2354 1268 2373; x_wconf 88' lang='lat'>‚</span> <span class='ocrx_word' id='word_1_290' title='bbox 1299 2334 1388 2362; x_wconf 89' lang='lat' dir='ltr'>non</span> <span class='ocrx_word' id='word_1_291' title='bbox 1413 2328 1477 2362; x_wconf 93' lang='lat' dir='ltr'>est</span> 
     </span>
     <span class='ocr_line' id='line_1_33' title="bbox 90 2387 1476 2448; baseline 0 -16"><span class='ocrx_word' id='word_1_292' title='bbox 90 2392 218 2433; x_wconf 85' lang='lat' dir='ltr'>Pater</span> <span class='ocrx_word' id='word_1_293' title='bbox 239 2408 246 2432; x_wconf 89' lang='lat'>:</span> <span class='ocrx_word' id='word_1_294' title='bbox 275 2388 395 2448; x_wconf 85' lang='lat' dir='ltr'>quod</span> <span class='ocrx_word' id='word_1_295' title='bbox 420 2388 578 2433; x_wconf 86' lang='lat' dir='ltr'>dicitur</span> <span class='ocrx_word' id='word_1_296' title='bbox 600 2388 655 2433; x_wconf 83' lang='lat' dir='ltr'>ad</span> <span class='ocrx_word' id='word_1_297' title='bbox 683 2405 726 2433; x_wconf 89' lang='lat' dir='ltr'>se</span> <span class='ocrx_word' id='word_1_298' title='bbox 748 2393 890 2442; x_wconf 71' lang='lat' dir='ltr'>Pater,</span> <span class='ocrx_word' id='word_1_299' title='bbox 916 2397 959 2431; x_wconf 88' lang='grc' dir='ltr'>θῖ</span> <span class='ocrx_word' id='word_1_300' title='bbox 982 2387 1115 2432; x_wconf 84' lang='lat' dir='ltr'>Filius</span> <span class='ocrx_word' id='word_1_301' title='bbox 1140 2388 1195 2432; x_wconf 83' lang='lat' dir='ltr'>ad</span> <span class='ocrx_word' id='word_1_302' title='bbox 1217 2403 1283 2444; x_wconf 81' lang='lat' dir='ltr'>se,</span> <span class='ocrx_word' id='word_1_303' title='bbox 1308 2389 1391 2432; x_wconf 88' lang='lat' dir='ltr'>hoc</span> <span class='ocrx_word' id='word_1_304' title='bbox 1415 2397 1476 2432; x_wconf 86' lang='lat' dir='ltr'>est</span> 
     </span>
     <span class='ocr_line' id='line_1_34' title="bbox 92 2459 1478 2518; baseline 0 -15"><span class='ocrx_word' id='word_1_305' title='bbox 92 2463 219 2504; x_wconf 84' lang='lat' dir='ltr'>Pater</span> <span class='ocrx_word' id='word_1_306' title='bbox 246 2470 289 2504; x_wconf 88' lang='lat' dir='ltr'>et</span> <span class='ocrx_word' id='word_1_307' title='bbox 321 2459 454 2503; x_wconf 86' lang='lat' dir='ltr'>Filius</span> <span class='ocrx_word' id='word_1_308' title='bbox 473 2495 483 2511; x_wconf 74' lang='grc'>,</span> <span class='ocrx_word' id='word_1_309' title='bbox 515 2459 560 2503; x_wconf 89' lang='lat' dir='ltr'>id</span> <span class='ocrx_word' id='word_1_310' title='bbox 587 2469 670 2515; x_wconf 76' lang='grc' dir='ltr'>θεῖ,</span> <span class='ocrx_word' id='word_1_311' title='bbox 701 2467 826 2504; x_wconf 88' lang='lat' dir='ltr'>Deus.</span> <span class='ocrx_word' id='word_1_312' title='bbox 854 2459 972 2512; x_wconf 84' lang='lat' dir='ltr'>Quid</span> <span class='ocrx_word' id='word_1_313' title='bbox 1003 2469 1066 2504; x_wconf 91' lang='lat' dir='ltr'>est</span> <span class='ocrx_word' id='word_1_314' title='bbox 1094 2475 1220 2518; x_wconf 76' lang='lat' dir='ltr'>ergo,</span> <span class='ocrx_word' id='word_1_315' title='bbox 1252 2479 1268 2499; x_wconf 84' lang='lat'>«</span> <span class='ocrx_word' id='word_1_316' title='bbox 1291 2463 1386 2503; x_wconf 90' lang='lat' dir='ltr'>Non</span> <span class='ocrx_word' id='word_1_317' title='bbox 1415 2468 1478 2503; x_wconf 87' lang='grc' dir='ltr'>θεῖ</span> 
     </span>
     <span class='ocr_line' id='line_1_35' title="bbox 98 2529 1473 2584; baseline -0.001 -11"><span class='ocrx_word' id='word_1_318' title='bbox 98 2550 114 2570; x_wconf 86' lang='grc'>»</span> <span class='ocrx_word' id='word_1_319' title='bbox 150 2530 416 2574; x_wconf 71' lang='lat' dir='ltr'>substantia?</span> <span class='ocrx_word' id='word_1_320' title='bbox 444 2550 460 2570; x_wconf 64' lang='lat'>³&gt;</span> <span class='ocrx_word' id='word_1_321' title='bbox 490 2530 738 2575; x_wconf 85' lang='lat' dir='ltr'>Secundum</span> <span class='ocrx_word' id='word_1_322' title='bbox 759 2532 878 2574; x_wconf 86' lang='lat' dir='ltr'>hunc</span> <span class='ocrx_word' id='word_1_323' title='bbox 900 2529 1170 2574; x_wconf 83' lang='lat' dir='ltr'>intellectum</span> <span class='ocrx_word' id='word_1_324' title='bbox 1193 2529 1446 2573; x_wconf 71' lang='lat' dir='ltr'>substantiae</span> <span class='ocrx_word' id='word_1_325' title='bbox 1462 2565 1473 2584; x_wconf 79' lang='lat'><strong><em>‚</em></strong></span> 
     </span>
     <span class='ocr_line' id='line_1_36' title="bbox 93 2599 1479 2659; baseline -0.001 -17"><span class='ocrx_word' id='word_1_326' title='bbox 93 2600 315 2658; x_wconf 83' lang='lat' dir='ltr'>quomodo</span> <span class='ocrx_word' id='word_1_327' title='bbox 338 2601 574 2659; x_wconf 84' lang='lat' dir='ltr'>poterimus</span> <span class='ocrx_word' id='word_1_328' title='bbox 595 2600 834 2657; x_wconf 73' lang='lat' dir='ltr'>intelligere</span> <span class='ocrx_word' id='word_1_329' title='bbox 862 2601 984 2644; x_wconf 76' lang='lat' dir='ltr'>istam</span> <span class='ocrx_word' id='word_1_330' title='bbox 1010 2599 1164 2643; x_wconf 79' lang='lat' dir='ltr'>Psalmi</span> <span class='ocrx_word' id='word_1_331' title='bbox 1185 2599 1439 2642; x_wconf 80' lang='lat' dir='ltr'>sententiam</span> <span class='ocrx_word' id='word_1_332' title='bbox 1471 2619 1479 2642; x_wconf 86' lang='lat'><strong>:</strong></span> 
     </span>
    </p>
   </div>
  </div>
 </body>
</html>
