1889 3285
419 244 660 277 ENARRATIO
690 249 738 276 IN
768 246 971 277 PSALMUM
1001 249 1102 276 va.
1341 238 1426 276 227

49 329 70 354 »
105 312 200 372 prio
232 311 342 357 Filio
367 327 447 357 suo
480 327 570 357 non
601 314 822 372 pepercit,
855 312 931 357 sed
956 328 1036 372 pro
1063 312 1189 357 nobis
1221 313 1428 358 omnibus

49 400 70 423 »
104 382 282 426 tradidit
302 381 467 426 illum¹.
495 399 516 423 »
545 381 585 426 Si
611 397 712 440 ergo
740 386 867 427 Pater
887 381 1047 427 Filium
1070 382 1248 428 tradidit
1264 418 1275 439 ,
1299 392 1343 428 et
1358 383 1432 429 Fi-

44 452 127 496 lius
149 452 428 513 semetipsum
439 451 636 507 tradidit,
654 455 678 496 ,Ι
682 452 788 498 udas
805 453 912 514 quid
929 452 1058 497 fecit?
1075 457 1200 498 Pater
1214 453 1430 500 tradendo

45 521 206 566 Filium
231 521 287 567 ad
312 532 497 567 mortem
530 538 610 582 pro
638 522 764 567 nobis
780 559 791 579 ,
826 524 939 567 bene
960 521 1065 568 fecit
1091 542 1101 568 ε
1125 524 1321 569 Christus
1342 532 1432 570 tra-

44 591 190 636 dendo
204 607 249 636 se
268 592 409 652 ipsum
440 608 520 652 pro
551 592 703 649 nobis,
734 591 837 638 fecit
869 593 981 637 bene
1006 613 1016 639 ι
1047 593 1260 639 tradendo
1293 594 1429 640 Judas

42 661 297 720 Magistrum
320 677 399 722 pro
422 662 596 706 avaritia
625 666 753 718 suass,
785 662 888 708 fecit
903 663 1032 709 male.
1056 666 1156 709 Non
1176 664 1293 708 enim
1308 665 1431 727 quod

44 732 169 776 nobis
190 733 432 792 praestitum
451 741 517 777 est
533 732 588 776 de
599 733 793 792 passione
814 734 989 790 Christi,
1009 733 1188 779 malitiae
1207 737 1231 779 J
1235 734 1334 779 udae
1352 734 1430 780 de-

42 803 270 862 putabitur
295 819 307 847 :
331 802 513 847 habebit
532 801 608 847 ille
630 804 877 848 mercedem
898 804 1090 860 malitiae,
1113 804 1313 850 Christus
1332 804 1430 850 lau-

43 872 143 918 dem
172 874 336 932 gratiae.
363 877 542 918 Prorsus
561 873 650 933 ipse
672 873 848 919 solverit
873 874 1114 935 templum,
1137 875 1229 935 ipse
1253 875 1430 922 solverit

42 944 119 1004 qui
149 943 257 988 dixit
282 963 292 989 z
319 963 341 987 «
365 947 628 989 Potestatem
659 945 800 988 habeo
821 944 1015 1004 ponendi
1037 946 1228 990 animam
1253 962 1397 991 meam
1413 982 1426 1002 ,

46 1031 67 1055 »
102 1023 145 1059 et
163 1023 422 1074 potestatem
439 1015 582 1059 habeo
602 1014 759 1058 iterum
788 1014 990 1058 sumendi
1011 1030 1108 1059 eam
1134 1033 1143 1060 :
1163 1030 1293 1060 nemo
1315 1015 1431 1061 tossit

46 1102 67 1126 »
100 1099 195 1128 eam
213 1100 236 1128 a
256 1099 342 1140 me,
367 1084 443 1128 sed
464 1100 544 1143 ego
558 1085 648 1143 ipse
664 1099 782 1144 pono
800 1099 895 1128 eam
912 1100 935 1128 a
952 1099 1038 1139 me,
1059 1093 1102 1129 et
1122 1084 1281 1130 iterum
1303 1101 1430 1130 sumo

44 1171 65 1195 »
100 1155 229 1198 eam3.
261 1173 280 1196 n
308 1157 405 1214 Ipse
434 1154 608 1199 solverit
628 1153 844 1213 tem-plum
873 1154 1007 1213 gratia
1028 1170 1121 1210 sua,
1144 1155 1309 1200 malitia
1329 1171 1430 1200 ves-

40 1233 121 1268 tra.
150 1243 171 1266 «
197 1227 249 1268 In
269 1223 552 1268 multitudine
576 1225 785 1283 potentiae
813 1233 902 1268 tuae
929 1224 1200 1269 mentientur
1229 1226 1309 1270 tibi
1339 1226 1428 1270 ini-

43 1313 63 1336 »
98 1294 202 1338 mici
227 1295 309 1338 tui.
338 1312 359 1336 »
386 1297 500 1339 Ecce
532 1295 828 1350 mentiuntur,
854 1310 954 1339 ecce
980 1294 1174 1339 creditur
1210 1297 1295 1352 eis,
1330 1312 1431 1342 ecce

40 1365 311 1424 opprimeris,
331 1379 430 1409 ecce
445 1364 726 1424 crucifigeris,
747 1380 847 1409 ecce
864 1363 1098 1409 insultatur
1119 1365 1218 1422 tibi,
1243 1382 1343 1412 ecce
1359 1383 1429 1412 ca-

38 1443 120 1494 put
143 1435 330 1493 agitatur
356 1454 366 1480 2
396 1454 418 1477 «
444 1435 487 1480 Si
514 1434 649 1479 Filius
673 1435 752 1479 Dei
769 1443 847 1490 est,
872 1434 1108 1479 descendat
1125 1434 1180 1480 de
1201 1452 1329 1481 cruce
1343 1438 1376 1481 ⁴.
1404 1456 1427 1480 »

38 1508 152 1550 Ecce
174 1506 351 1566 quando
374 1506 437 1551 vis
457 1505 646 1550 animam
666 1506 811 1565 ponis,
844 1514 889 1549 et
909 1505 1059 1550 lancea
1084 1506 1199 1551 latus
1226 1518 1430 1568 percute-

38 1576 113 1620 ris5
129 1611 141 1632 ,
166 1586 208 1621 et
238 1585 505 1621 sacramenta
533 1575 586 1619 de
607 1575 744 1620 latere
766 1584 843 1620 tuo
867 1575 1091 1634 defluunt,
1114 1575 1345 1637 deponeris
1373 1580 1429 1625 de

37 1646 155 1705 ligno
170 1681 182 1702 ,
211 1646 442 1691 involveris
462 1645 786 1690 linteaminibus
801 1681 812 1701 ,
839 1646 1011 1705 poneris
1037 1647 1083 1691 in
1099 1647 1298 1708 sepulcro
1315 1685 1326 1706 ‚
1345 1650 1428 1695 ad-

38 1716 204 1761 duntur
220 1716 420 1762 custodes
441 1731 497 1761 ne
508 1715 664 1761 tollant
683 1725 726 1760 te
747 1716 957 1776 Discipuli
977 1717 1042 1761 tui
1059 1737 1070 1776 3
1089 1719 1208 1763 venit
1229 1720 1335 1765 hora
1357 1737 1427 1765 re-

37 1787 315 1832 surrectionis
335 1796 445 1842 tuae,
470 1796 585 1831 terra
615 1786 880 1842 concutitur,
905 1797 1191 1832 monumenta
1216 1789 1426 1836 scindun-

37 1868 125 1914 tur,
149 1859 331 1916 resurgis
353 1857 565 1913 occultus,
594 1872 772 1916 appares
795 1855 1064 1902 manifestus.
1091 1858 1176 1903 Ubi
1197 1869 1299 1905 sunt
1319 1877 1424 1922 ergo

37 1928 99 1973 1111
124 1928 381 1973 mendaces?
402 1928 480 1972 ubi
497 1937 561 1972 est
576 1926 735 1971 salsum
756 1927 1055 1972 testimonium
1077 1929 1426 1978 malevolentiae?

36 2002 191 2045 Nonne
211 2000 258 2044 in
277 1998 558 2044 multitudine
579 1998 784 2059 potentiae
811 2007 901 2043 tuae
922 1999 1094 2045 mentiti
1115 2009 1220 2046 sunt
1236 2001 1318 2048 tibi
1335 2003 1422 2049 ini-

36 2069 138 2114 mici
154 2070 249 2114 tui?
722 2060 734 2071 ⁵

95 2143 216 2184 VIII.
248 2142 311 2185 Da
333 2148 376 2184 et
399 2138 495 2184 illos
522 2137 709 2199 sepulcri
731 2137 958 2198 custodes,
988 2138 1179 2186 referant
1209 2143 1319 2204 quid
1352 2144 1422 2190 vi-

37 2210 206 2269 derint,
242 2210 455 2271 accipiant
483 2210 729 2270 pecuniam,
759 2219 802 2254 et
829 2211 909 2270 ipsi
934 2211 1202 2257 mentiantur
1233 2232 1243 2259 :
1273 2215 1421 2261 dicant

36 2282 167 2326 etiam
198 2281 279 2340 ipsi
305 2281 459 2325 moniti
486 2280 670 2340 perversi
698 2297 722 2325 a
752 2281 975 2341 perversis,
1005 2281 1152 2328 dicant
1192 2300 1216 2328 a
1254 2286 1421 2331 Judaeis

36 2352 255 2412 corrupti,
280 2352 355 2411 qui
388 2351 435 2395 in
461 2351 636 2396 Christo
656 2351 894 2396 noluerunt
911 2368 1000 2397 esse
1034 2353 1218 2414 integri,
1243 2355 1416 2413 dicant,

36 2424 303 2467 mentiantur
329 2422 459 2466 etiam
483 2422 578 2483 ipsi.
606 2422 722 2476 Quid
744 2423 901 2468 dicturi
930 2426 1061 2469 sunt?
1084 2426 1237 2482 Dicite,
1269 2427 1420 2472 videa-

86 2527 97 2543 ¹
121 2523 213 2553 Rom.
234 2531 309 2561 vui,
327 2520 380 2552 32.
401 2535 443 2542 -—
475 2526 488 2542 ²
506 2519 619 2552 Matth.
652 2530 747 2560 xxvi,
784 2520 836 2553 15.
853 2536 894 2544 -·-
923 2517 937 2544 3
957 2523 1048 2554 Joan.
1074 2531 1119 2564 x,
1141 2522 1193 2554 18.
1211 2521 1285 2553 -4
1301 2523 1416 2557 Matth.

39 2586 140 2619 xxva,
158 2575 215 2618 46.
229 2593 273 2600 —-
290 2574 306 2600 ⁵
323 2577 414 2609 Joan.
430 2586 498 2617 xix,
513 2574 566 2617 34.

1139 2629 1205 2669 15.
