1889 3285
413 227 494 265 258
847 233 879 261 S.
916 233 1143 262 AususTrm
1176 234 1356 260 EPISCOPI

406 303 533 357 nuit,
558 302 738 361 inquam
755 335 766 356 ,
799 309 843 345 et
863 315 1003 344 unum
1037 315 1138 343 eum
1170 298 1312 344 noluit
1340 311 1577 342 remanere.
1607 297 1730 341 Fecit
1749 296 1790 339 ei

405 373 588 429 fratres3
611 370 690 415 etsi
711 387 801 415 non
823 369 1064 429 gignendo,
1090 377 1239 412 tamen
1257 366 1509 427 adoptando
1531 364 1634 410 fecit
1656 366 1696 409 ei
1714 380 1791 410 co-

406 440 617 486 haeredes.
643 440 764 485 Fecit
786 455 886 483 eum
903 437 1155 498 participem
1172 438 1290 497 prius
1310 436 1584 482 mortalitatis
1607 444 1786 491 nostrae,

405 521 456 556 ut
475 510 749 555 crederemus
768 526 846 554 nos
869 524 958 552 csse
980 524 1104 568 posse
1125 508 1353 568 participes
1373 506 1612 551 divinitatis
1633 506 1738 566 ejus.

462 583 520 626 X.
555 581 845 626 Attendamus
879 579 1068 639 pretium
1099 587 1314 623 nostrum.
1341 577 1553 622 Praedicta
1574 585 1677 621 sunt
1695 590 1792 620 oma-

404 652 476 697 nia
491 688 502 708 ,
529 652 791 697 exhibentur
812 651 956 696 omnia
973 685 984 706 ‚
1008 649 1044 694 it
1064 648 1353 709 Evangelium
1378 664 1456 708 per
1479 647 1630 693 orbem
1650 656 1792 691 terra-

404 739 504 768 rum
534 743 543 768 :
582 723 722 768 omnis
752 721 878 767 labor
898 720 1081 765 humani
1109 721 1274 779 generis
1295 720 1342 764 in
1362 720 1446 765 hoc
1478 728 1675 778 tempore
1704 725 1791 761 tes-

406 793 639 838 timonium
683 791 790 837 dicit
812 827 823 848 ,
867 791 1106 852 implentur
1142 790 1287 835 omnia
1320 805 1420 850 quae
1472 790 1519 833 in
1561 786 1792 847 Scripturis

405 863 614 923 praedicta
649 872 766 907 sunt.
796 863 918 907 Sicut
949 876 1087 922 usque
1116 861 1172 905 ad
1197 860 1460 905 hodiernum
1494 858 1610 903 diem
1647 857 1794 903 omnia

404 942 672 989 evenerunt,
697 933 755 978 sic
777 942 821 977 et
842 948 941 993 quae
971 940 1135 976 restant
1167 941 1376 976 eventura
1397 939 1514 975 sunt.
1551 930 1795 973 Timeamus

399 1005 552 1065 judicii
573 1004 690 1049 diem
709 1040 720 1059 ,
758 1014 969 1050 venturus
993 1012 1055 1048 cst
1077 1003 1300 1048 Dominus.
1339 1002 1421 1056 Qui
1448 1001 1568 1048 venit
1587 998 1765 1044 humilis
1779 1032 1791 1055 ,

403 1076 549 1121 veniet
570 1075 785 1120 excelsus:
807 1076 883 1136 qui
904 1075 1024 1120 venit
1040 1073 1320 1136 judicandus,
1345 1073 1490 1118 veniet
1501 1070 1791 1133 judicaturus.

406 1150 702 1205 Agnoscamus
723 1147 959 1202 humilem,
997 1156 1048 1190 ut
1076 1162 1165 1190 non
1185 1160 1515 1205 expavescamus
1537 1142 1758 1188 excelsum
1781 1160 1792 1186 ς

405 1217 723 1277 amplectamur
738 1217 967 1270 humilem,
987 1227 1038 1261 ut
1058 1217 1352 1261 desideremus
1372 1215 1603 1260 excelsum.
1629 1211 1796 1258 Deside-

407 1289 605 1333 rantibus
644 1289 760 1332 enim
797 1304 841 1332 se
858 1324 869 1344 ,
906 1289 1118 1348 propitius
1139 1288 1298 1333 veniet.
1335 1286 1405 1331 Illi
1426 1301 1526 1330 eum
1548 1284 1797 1329 desiderant

408 1361 484 1422 qui
506 1360 726 1405 tenuerint
752 1359 884 1404 fidem
904 1361 998 1420 ejus
1018 1394 1029 1415 ,
1055 1369 1099 1403 et
1119 1358 1301 1404 fecerint
1327 1356 1532 1403 mandata
1552 1357 1660 1416 ejus.
1684 1357 1795 1401 Nam

407 1433 487 1476 etsi
509 1431 729 1487 nolumus,
749 1431 911 1476 veniet.
932 1430 1127 1475 Velimus
1150 1445 1251 1488 ergo
1272 1430 1448 1484 veniat,
1459 1427 1536 1488 qui
1555 1426 1701 1472 veniet
1718 1425 1797 1470 etsi

406 1502 627 1547 nolumus.
659 1501 893 1554 Quomodo
924 1500 1107 1544 velimus
1140 1508 1190 1544 ut
1220 1500 1405 1544 veniat?
1436 1500 1553 1541 Bene
1581 1495 1793 1551 vivendo,

408 1574 521 1618 bene
538 1571 723 1631 agendo.
750 1572 972 1616 Praeterita
992 1587 1082 1616 non
1098 1586 1176 1615 nos
1198 1570 1436 1624 delectent,
1455 1567 1685 1629 praesentia
1707 1582 1798 1612 non

409 1659 488 1687 nos
513 1651 690 1687 teneant
707 1662 717 1699 3
745 1657 801 1685 ne
822 1640 1076 1686 claudamus
1090 1656 1239 1685 aurem
1257 1650 1466 1699 tanquam
1488 1639 1543 1683 de
1560 1631 1722 1693 cauda,
1742 1651 1798 1681 ne

409 1728 655 1773 premamus
671 1727 819 1756 aurem
833 1712 879 1755 in
890 1721 1003 1755 terra
1013 1713 1025 1736 ¹
1041 1731 1052 1770 3
1067 1726 1121 1754 ne
1135 1709 1636 1770 praeteritisretardemur
1652 1709 1708 1752 ab
1721 1723 1799 1752 au-

412 1784 595 1839 diendo,
620 1799 674 1827 ne
695 1782 981 1843 praesentibus
1013 1781 1288 1841 implicemur
1305 1797 1329 1825 a
1346 1780 1495 1830 futura
1515 1779 1794 1838 meditando,

410 1853 695 1899 extendamus
717 1869 794 1898 nos
815 1854 861 1896 in
881 1868 929 1896 ea
951 1868 1050 1912 quae
1068 1862 1168 1896 ante
1184 1861 1300 1906 sunt,
1321 1851 1626 1897 obliviscamur
1646 1859 1801 1910 praete-

411 1927 527 1970 rita2.
539 1927 597 1969 Et
609 1924 730 1985 quod
740 1924 873 1968 modo
886 1923 1149 1979 laboramus,
1164 1922 1284 1984 quod
1296 1922 1427 1967 modo
1441 1922 1666 1981 gemimus,
1677 1920 1800 1982 quod

413 1995 544 2041 modo
568 1996 854 2055 suspiramus,
880 1995 1000 2055 quc-d
1021 1994 1153 2039 modo
1173 1994 1410 2054 loquimur,
1435 1993 1556 2053 quod
1579 2008 1630 2036 ex
1654 2006 1799 2052 quan-

413 2058 696 2126 tulacumque
711 2074 831 2125 parte
845 2065 1067 2119 sentimus,
1083 2074 1125 2108 et
1137 2080 1289 2124 capere
1303 2079 1392 2108 non
1407 2078 1649 2123 possumus,
1661 2062 1798 2122 capie-

414 2154 533 2194 mus,
553 2137 832 2197 perfruemur
848 2136 895 2180 in
911 2135 1223 2180 resurrectione
1239 2136 1471 2195 justorum.
1500 2133 1799 2178 Renovabitur

410 2212 618 2271 juventus
635 2218 780 2253 nostra
795 2208 906 2253 sicut
921 2206 1112 2267 aquilaess,
1125 2205 1430 2251 tantummodo
1447 2221 1525 2249 nos
1538 2213 1799 2249 vetustatem

415 2289 605 2324 nostram
634 2279 690 2322 ad
716 2288 884 2338 petram
911 2278 1133 2322 Christum
1160 2277 1478 2321 conteramus&
1499 2276 1594 2321 Sive
1609 2274 1682 2318 illa
1699 2290 1800 2319 vera

416 2352 517 2406 sint,
538 2349 706 2404 fratres,
732 2365 830 2410 quae
849 2349 1056 2393 dicuntur
1079 2348 1133 2391 de
1155 2356 1368 2406 serpente,
1386 2345 1454 2391 vel
1477 2362 1576 2406 quae
1593 2345 1800 2390 dicuntur

416 2422 471 2467 de
485 2420 644 2482 aquila,
659 2420 747 2465 sive
769 2420 822 2463 sit
844 2419 956 2463 fama
971 2419 1113 2478 potius
1130 2417 1358 2462 hominum
1380 2432 1511 2477 quam
1532 2417 1707 2461 veritas:
1723 2430 1800 2461 ve-

468 2526 476 2541 ¹
498 2517 576 2550 Psal.
595 2528 672 2558 ινιτ,
693 2516 724 2548 5.
745 2533 786 2538 -
809 2523 820 2538 2
847 2515 956 2557 Philip.
979 2526 1024 2555 ιιι,
1052 2515 1102 2546 13.
1124 2532 1165 2537 -
1186 2512 1199 2536 3
1225 2514 1304 2545 Psal.
1329 2524 1379 2555 cn,
1400 2514 1431 2546 5.
1454 2511 1588 2545 —41d.
1609 2520 1740 2554 cxxxvi,
1760 2524 1795 2554 9,

420 2580 453 2606 ct
472 2587 481 2606 1
505 2577 575 2606 Cor.
595 2585 658 2614 mx,
676 2574 705 2613 j.
