1889 3285
273 257 514 287 ENAaaAno
547 260 579 284 11
613 259 658 285 nv
690 257 892 286 PSALMUM
925 260 1029 299 Lxx,
1065 260 1202 289 sEaMo
1235 263 1282 289 11.
1379 249 1462 290 409

76 335 140 370 est
162 326 304 369 anima
326 333 470 369 nostra
499 324 553 368 ab
575 324 800 385 iniquitate
818 325 1098 381 infidelitatis,
1130 335 1173 370 et
1198 325 1310 371 facta
1332 336 1395 372 est
1416 328 1463 372 in

76 396 202 440 nobis
225 395 346 456 quasi
369 395 505 454 prima
526 395 782 440 resurrectio
813 412 889 455 per
910 395 1057 439 fidem.
1089 396 1172 441 Sed
1198 399 1232 440 si
1252 397 1341 442 sola
1364 399 1458 453 erit,

75 467 153 510 ubi
175 475 238 510 est
255 464 376 526 quod
397 463 629 524 Apostolus
647 465 704 509 ait
729 484 767 509 ιι(
793 465 1085 525 Adoptionem
1108 477 1381 526 expectantes
1402 483 1462 511 re-

76 555 97 579 »
132 536 426 596 demptionem
453 537 643 595 corporis
675 538 842 581 nostri?
868 537 994 581 »Ubi
1022 546 1085 581 est
1116 539 1236 597 quod
1260 538 1335 582 illo
1365 538 1462 583 loco

73 608 180 652 dixit
205 628 213 653 :
244 627 263 649 «
288 610 454 667 Corpus
479 617 703 660 mortuum
722 618 784 652 est
805 618 983 668 propter
1006 618 1264 668 peccatum,
1290 610 1461 669 spiritus

75 697 96 721 >›
129 679 217 723 vita
234 688 297 722 est
308 687 487 737 propter
494 677 730 738 justitiam?
754 679 796 724 Si
820 688 966 723 autem
981 680 1056 740 qui
1074 680 1294 724 suscitavit
1312 681 1461 725 Chris-

74 767 95 792 »
130 759 226 794 tum
254 766 276 793 a
305 749 486 793 mortuis
503 784 514 802 ,
537 749 706 793 habitat
734 750 780 792 in
800 750 948 805 vohis,
970 750 1046 810 qui
1069 750 1289 795 suscitavit
1313 752 1461 795 Jesum

74 840 94 864 »
129 820 350 866 Christum
371 836 394 864 a
414 820 610 875 mortuis,
633 820 871 865 vivificabit
891 830 934 864 et
955 821 1156 865 mortalia
1174 837 1356 881 corpora
1369 837 1462 866 ves-

73 910 93 933 »
129 900 194 936 tra
217 907 294 951 per
319 890 638 935 inhabitantem
676 891 884 950 Spiritum
906 892 997 951 ejus
1032 891 1076 935 in
1103 891 1267 936 vobis¹.
1297 910 1316 933 »
1342 895 1460 951 Ergo

65 963 156 1023 jam
188 961 496 1006 resurreximus
527 971 690 1017 mente,
715 960 817 1016 fide,
843 977 934 1020 spe,
955 962 1163 1006 charitate
1190 981 1199 1006 :
1232 961 1307 1006 sed
1329 972 1461 1007 restat

69 1042 120 1076 ut
141 1046 415 1092 resurgamus
443 1047 638 1092 corpore.
664 1031 838 1077 Audisti
859 1047 997 1075 unum
1024 1035 1231 1087 «Iterum,
1255 1050 1276 1073 »
1303 1032 1461 1076 audisti

70 1103 257 1147 alterum
284 1122 304 1145 «
329 1106 494 1148 Iterum
515 1123 523 1148 :
542 1122 562 1144 ³>
587 1118 726 1147 unum
752 1122 772 1145 «
791 1105 971 1158 Iterum,
995 1121 1014 1144 »
1039 1111 1218 1161 propter
1239 1103 1460 1147 Christum

69 1174 407 1235 praecedentem3
429 1185 475 1219 et
503 1175 691 1219 alterum
710 1209 720 1229 ,
747 1174 823 1218 sed
849 1174 994 1218 adhuc
1018 1189 1108 1233 spe,
1131 1174 1251 1234 quod
1268 1184 1398 1219 restat
1414 1175 1460 1218 in

68 1261 128 1290 re.
155 1265 176 1288 «
200 1245 499 1306 Multiplicasti
519 1245 731 1306 justitiam
759 1253 876 1288 tuam
904 1264 912 1289 :
949 1263 968 1286 »
990 1245 1080 1304 jam
1097 1244 1143 1288 in
1165 1245 1455 1300 credentibus,

61 1318 151 1377 jam
172 1317 218 1360 in
239 1317 322 1361 illis
339 1318 415 1378 qui
433 1319 571 1377 primo
596 1316 977 1360 resurrexeruntin
1000 1331 1089 1375 spe.
1113 1335 1133 1357 ‹<
1158 1315 1459 1375 Multiplicasti

68 1406 89 1429 »
119 1388 331 1447 justitiam
356 1397 491 1431 tuam.
521 1406 540 1428 υ
569 1386 638 1430 Ad
659 1386 796 1445 ipsam
808 1386 1020 1445 justitiam
1042 1386 1230 1446 pertinet
1248 1396 1290 1430 et
1312 1387 1458 1445 flagel-

65 1457 159 1501 lum
182 1478 190 1502 :
209 1476 228 1499 «
248 1459 359 1511 Quia
378 1470 549 1517 tempus
568 1465 632 1501 est
648 1465 698 1500 ut
710 1455 927 1516 judicium
947 1456 1124 1514 incipiat
1138 1473 1161 1499 a
1177 1455 1308 1500 domo
1331 1457 1454 1511 Dei,»

65 1528 126 1572 ait
149 1531 317 1583 Petrus,
342 1528 388 1572 id
402 1537 479 1582 est,
502 1544 525 1572 a
547 1527 700 1571 sanctis
716 1527 820 1586 ejus.
847 1546 866 1567 «
892 1525 1103 1584 Flagellat
1121 1535 1265 1570 autem
1283 1541 1454 1570 omnem

68 1617 88 1640 »
124 1598 264 1642 filium
298 1613 431 1658 quem
464 1597 662 1656 recipit2.
690 1595 991 1655 Multiplicasti
1013 1595 1227 1656 justitiam
1255 1605 1376 1639 tuam
1404 1615 1452 1640 2»

65 1669 166 1729 quia
175 1670 265 1728 jam
281 1684 360 1712 nec
382 1667 479 1712 filiis
493 1667 745 1727 pepercisti,
761 1668 836 1709 sed
849 1666 1006 1724 quibus
1021 1667 1318 1710 haereditatem
1336 1675 1457 1710 aeter-

65 1753 167 1782 nam
205 1738 404 1781 servabas
423 1772 432 1790 ,
467 1736 691 1795 disciplina
722 1750 811 1779 non
835 1733 1075 1778 deseruisti.
1107 1755 1123 1776 «
1156 1735 1456 1795 Multiplicasti

67 1827 88 1850 »
118 1808 330 1868 justitiam
355 1817 500 1862 tuam,
538 1815 581 1850 et
616 1821 847 1851 conversus
880 1805 1125 1850 consolatus
1157 1822 1201 1850 es
1232 1821 1302 1849 me
1330 1826 1338 1851 ;
1368 1826 1386 1848 »
1413 1817 1457 1851 et

64 1887 244 1939 propter
257 1893 414 1937 corpus
431 1877 476 1920 in
498 1877 585 1921 fine
603 1879 1064 1932 resur1·ecturum,«Et
1080 1875 1135 1920 de
1152 1876 1315 1934 abyssis
1329 1886 1456 1921 terrae

68 1967 89 1991 »
123 1950 282 1993 iterum
300 1948 506 1992 reduxisti
527 1963 612 1991 me.
644 1967 662 1989 »

123 2022 203 2064 XI.
233 2040 254 2063 «
272 2020 446 2064 Etenim
463 2035 543 2078 ego
566 2018 808 2063 confitebor
829 2018 908 2062 tibi
926 2018 971 2061 in
992 2017 1100 2062 vasis
1122 2017 1280 2062 Psalmi
1300 2018 1456 2062 verita-

70 2112 87 2133 »
122 2101 211 2135 tem
237 2101 357 2135 tuam
376 2093 408 2135 3.
438 2109 458 2132 »
487 2093 598 2134 Vasa
632 2089 815 2144 Psalmi,
849 2087 1116 2148 psalterium.
1152 2088 1234 2133 Sed
1257 2089 1365 2149 quid
1392 2097 1456 2134 est

64 2162 346 2223 psalterium?
377 2163 600 2220 Organum
626 2161 820 2220 ligneum
844 2176 942 2204 cum
968 2159 1156 2204 chordis.
1184 2159 1301 2214 Quid
1318 2160 1453 2219 signi-

62 2235 189 2278 ficat?
210 2236 394 2277 Interest
418 2232 581 2293 aliquid
606 2233 720 2276 inter
743 2233 885 2292 ipsum
909 2241 952 2275 et
978 2232 1187 2276 citharam
1213 2251 1221 2276 ε
1246 2232 1454 2276 interesse

63 2303 216 2348 dicunt
243 2304 318 2364 qui
340 2313 525 2358 norunt,
551 2319 601 2346 eo
623 2301 743 2362 quod
774 2317 1016 2346 concavum
1050 2301 1160 2345 illud
1191 2301 1359 2359 lignum
1383 2303 1453 2346 cui

0 2378 1 2402 ³
64 2373 239 2418 chordae
269 2373 642 2432 supertenduntur
673 2381 723 2416 ut
755 2381 985 2427 resonent,
1022 2372 1068 2416 in
1089 2373 1308 2432 superiore
1331 2382 1452 2431 parte
1514 2393 1518 2397 ·

63 2443 198 2488 habet
209 2442 481 2503 psalterium,
507 2440 671 2488 cithara
683 2443 728 2486 in
744 2443 964 2486 inferiore.
990 2446 1047 2486 Et
1068 2443 1170 2503 quia
1184 2443 1356 2502 spiritus
1374 2440 1452 2485 de-

113 2547 121 2563 ¹
143 2540 241 2573 Rom.
273 2551 343 2582 vin,
366 2551 418 2580 10,
442 2552 491 2573 11.
518 2557 553 2564 —
570 2547 583 2563 ²
609 2552 621 2573 1
656 2541 741 2574 Pctr.
761 2551 804 2581 iv,
828 2550 878 2581 17,
900 2542 991 2572 Prov.
1011 2551 1059 2582 lu,
1083 2549 1137 2582 12,
1159 2544 1192 2573 et
1211 2539 1308 2572 Hebr.
1339 2549 1397 2580 xu,
1414 2539 1447 2571 6.

66 2614 107 2620 --
131 2595 144 2620 3
163 2596 246 2629 Psal.
270 2607 343 2637 Lxx,
363 2605 415 2629 22.
1131 2588 1139 2592 ”
