1889 3285
412 252 467 292 54
848 262 883 291 s.
919 262 1148 291 Atreus-nm
1179 265 1359 292 Enscom

410 328 658 382 credidisti,
677 330 766 389 jam
799 328 950 387 incipis
971 329 1115 372 vocari
1133 330 1289 388 justus.
1319 332 1450 373 Facta
1483 338 1546 373 est
1581 329 1697 373 enim
1720 328 1790 373 dj-

408 400 551 444 missio
567 409 859 459 peccatorum.
886 399 977 443 Etsi
999 398 1053 442 de
1074 399 1153 443 ista
1170 399 1341 444 residua
1360 400 1448 443 vita
1465 399 1666 460 quaedam
1689 415 1792 459 pec-

410 480 506 516 cata
532 479 608 514 tua
630 478 758 524 sunt,
789 485 888 530 quae
915 484 1004 513 non
1031 479 1211 528 possunt
1238 470 1320 514 nisi
1351 479 1561 530 tanquam
1593 485 1707 530 aqua
1737 469 1792 513 de

407 541 515 584 mari
528 540 574 583 in
591 539 803 584 sentinam
826 539 1009 582 influere
1028 557 1036 582 ε
1061 547 1209 583 tamen
1225 540 1326 599 quia
1343 538 1586 594 credidisti,
1610 555 1709 583 cum
1731 540 1793 583 vi·

409 611 522 656 deris
544 626 643 654 eum
665 611 740 670 qui
758 610 936 654 omnino
954 613 1124 653 aversus
1136 619 1199 653 est
1213 626 1236 654 a
1250 613 1340 654 Deo
1359 609 1497 654 occidi
1512 610 1557 653 in
1571 609 1645 654 illa
1664 610 1792 654 caeci-

407 690 511 735 tate,
527 679 836 740 supercadente
847 679 922 723 illo
934 679 1035 737 igne
1047 694 1136 723 non
1149 678 1295 723 videre
1308 678 1460 737 solem,
1478 688 1525 723 tu
1535 681 1610 740 qui
1616 681 1707 739 jam
1715 694 1793 739 per

409 751 541 795 fidem
555 750 674 794 vides
686 750 923 803 Christum,
936 758 986 793 ut
998 749 1143 793 videas
1151 765 1229 808 per
1242 750 1446 808 speciem,
1464 750 1566 809 quia
1578 751 1720 809 justus
1739 765 1792 793 ex

407 821 496 865 fide
517 821 644 875 vivit,
671 819 845 864 attende
866 820 1049 879 impium
1064 820 1321 864 morientem
1335 855 1346 875 ,
1368 829 1412 864 et
1427 835 1564 879 purga
1585 829 1628 863 te
1648 836 1671 864 a
1695 835 1791 879 pec-

409 892 527 935 catis.
545 890 779 934 Italavabis
791 889 980 950 quodam
994 889 1126 934 modo
1139 905 1291 933 manus
1304 899 1399 934 tuas
1413 890 1457 933 in
1470 890 1681 948 sanguine
1693 905 1792 948 pec-

410 961 581 1006 catoris.
603 963 783 1004 «Manus
800 975 902 1019 ergo
916 976 1012 1004 suas
1033 959 1195 1004 lavabit
1208 956 1253 1003 iri
1268 960 1478 1019 sanguine
1495 961 1747 1020 peccatoris.
1767 977 1787 1002 n

465 1035 612 1076 XXII,
643 1051 662 1073 «
687 1035 744 1076 Et
771 1031 888 1076 dicet
907 1031 1065 1075 homo:
1093 1031 1135 1075 Si
1157 1045 1259 1088 ergo
1291 1039 1356 1074 est
1383 1030 1551 1074 fructus
1574 1032 1736 1091 justo¹.
1766 1048 1786 1072 n

406 1106 520 1148 Ecce
540 1112 772 1162 antequam
790 1102 935 1145 veniat
955 1099 1076 1161 quod
1096 1101 1380 1160 promittitur,
1407 1110 1642 1161 antequam
1664 1099 1792 1145 detur

404 1175 493 1218 vita
514 1183 675 1217 aeterna
692 1209 702 1227 ,
729 1182 961 1232 antequam
983 1173 1104 1231 impii
1125 1172 1410 1231 projiciantur
1429 1172 1475 1216 in
1496 1172 1640 1229 ignem
1663 1181 1791 1215 aeter-

407 1260 511 1289 num
526 1280 536 1299 ,
562 1244 632 1288 hic
648 1244 692 1287 in
712 1245 793 1287 hac
813 1245 901 1287 vita
919 1252 982 1286 est
999 1242 1164 1287 fructus
1180 1244 1313 1302 justo.
1335 1243 1417 1296 Qui
1444 1241 1638 1287 fructus?
1661 1261 1681 1284 «
1708 1245 1791 1301 Spe

407 1334 428 1358 >›
465 1314 700 1374 gaudentes
716 1351 725 1369 ‚
763 1315 809 1357 in
839 1313 1121 1358 tribulatione
1162 1315 1418 1372 patientes2.
1448 1333 1467 1355 η
1506 1312 1791 1367 Ουίᾼῇᾞοῐιιε

400 1387 550 1447 justo?
581 1404 601 1426 «
622 1384 868 1428 Gloriamur
897 1385 942 1427 iu
972 1383 1324 1428 tribulationibus
1342 1418 1352 1437 ,
1379 1384 1560 1427 scientes
1587 1383 1691 1443 quia
1714 1383 1792 1427 tri-

407 1475 428 1498 »
466 1455 632 1500 bulatio
654 1456 906 1515 patientiam
931 1464 1149 1514 operatur,
1176 1455 1382 1514 patientia
1404 1464 1549 1499 autem
1568 1454 1792 1514 probatio-

408 1545 430 1568 »
465 1541 581 1579 nem,
605 1525 805 1585 probatio
823 1540 924 1569 vcro
946 1539 1064 1583 spem
1087 1544 1096 1568 :
1121 1540 1215 1583 spes
1238 1535 1383 1569 autem
1406 1541 1496 1568 non
1524 1523 1758 1569 confundit
1778 1544 1786 1568 :

407 1613 429 1636 »
465 1595 566 1652 quia
584 1595 767 1636 charitas
785 1595 860 1636 Dei
875 1594 1033 1636 diffusa
1056 1603 1120 1635 est
1136 1595 1180 1636 in
1196 1594 1401 1638 cordibus
1423 1596 1587 1647 nostris⁴
1601 1610 1678 1653 per
1697 1595 1792 1653 Spi-

408 1683 429 1706 »
465 1664 597 1707 ritum
613 1672 827 1716 sanctum,
845 1663 920 1722 qui
938 1662 1065 1706 datus
1085 1671 1148 1706 est
1164 1663 1286 1707 nobis
1300 1665 1331 1707 3.
1355 1682 1374 1705 n
1391 1665 1562 1708 Gaudet
1578 1665 1788 1719 ebriosus,

405 1743 449 1778 et
470 1749 559 1777 non
578 1733 737 1792 gaudet
753 1734 920 1792 justus?
939 1736 993 1776 In'
1012 1734 1221 1777 charitate
1239 1743 1301 1778 est
1322 1734 1490 1778 fructus
1507 1736 1639 1795 justo.
1662 1736 1792 1780 Miser

404 1804 500 1858 ille,
518 1804 646 1847 etiam
667 1818 767 1846 cum
791 1818 834 1846 se
852 1802 1037 1846 inebriat
1058 1822 1066 1847 z
1090 1804 1240 1847 beatus
1260 1804 1339 1847 iste
1353 1839 1363 1857 ,
1389 1805 1518 1848 etiam
1535 1821 1636 1849 cum
1658 1806 1790 1850 esurit

405 1884 449 1919 et
481 1875 583 1917 sitit.
623 1873 752 1917 Illum
786 1874 1020 1931 ingurgitat
1052 1874 1307 1930 vinolentia,
1345 1876 1474 1919 istum
1505 1863 1599 1936 spes
1635 1877 1785 1936 pascit.

404 1945 562 1989 Videat
602 1960 705 2002 ergo
742 1943 857 1987 illius
890 1960 1064 2003 poenam
1085 1981 1093 1998 ,
1130 1961 1257 1988 suum
1290 1946 1519 2003 gaudium,
1553 1957 1596 1991 et
1630 1948 1789 2005 cogitet

404 2018 559 2060 Deum.
584 2015 665 2066 Qui
690 2014 775 2057 tale
798 2014 1003 2072 gaudium
1026 2013 1159 2058 modo
1188 2014 1308 2058 dedit
1327 2015 1382 2059 de
1404 2015 1512 2071 fide,
1539 2016 1593 2060 de
1614 2033 1711 2077 spe,
1734 2017 1789 2061 (le

404 2085 636 2134 charitate
670 2084 724 2128 de
746 2085 926 2128 veritate
957 2085 1274 2144 Scripturarum
1299 2102 1497 2141 suarum,
1527 2087 1656 2148 quale
1676 2105 1788 2148 prae-

403 2164 527 2215 palat
546 2156 590 2198 in
613 2155 764 2198 finem.
757 2157 774 2184 ³
798 2158 848 2198 In
866 2155 934 2198 xia
955 2155 1014 2199 sic
1036 2157 1195 2214 pascit,
1221 2156 1266 2199 in
1283 2157 1420 2215 patria
1442 2123 1665 2217 qiiomodo
1683 2161 1788 2219 sagi

403 2225 557 2269 nabit?
582 2245 601 2267 «
624 2228 678 2268 Et
700 2226 813 2269 dicet
834 2225 995 2269 borno:
1025 2225 1066 2270 Si
1089 2241 1191 2284 ergo
1209 2236 1270 2270 est
1293 2226 1421 2272 fruct¹
1413 2244 1460 2273 'is
1476 2230 1610 2289 justo.
1637 2248 1657 2270 n
1682 2232 1788 2274 Cle»

401 2295 511 2339 dant
527 2295 603 2355 qui
625 2295 788 2345 vident
805 2304 848 2338 et
859 2296 1035 2339 videant
1052 2295 1365 2355 etintelligant.
1393 2298 1634 2342 Laetabitm
1643 2300 1786 2359 justus

403 2381 504 2410 cum
527 2364 683 2409 viderit
702 2364 954 2409 vindictam.
985 2366 1026 2410 Si
1053 2375 1196 2409 autem
1219 2383 1307 2411 non
1329 2368 1463 2412 habet
1497 2369 1644 2413 oculos
1667 2369 1786 2415 unde

402 2434 548 2479 videat
568 2435 829 2487 vindictam,
862 2435 1204 2489 contristabitur,
1238 2452 1318 2480 nec
1353 2439 1591 2496 corrigetur
1622 2455 1672 2483 ex
1694 2439 1780 2483 illa.

406 2505 449 2549 Si
477 2513 621 2549 autem
651 2506 768 2549 videt
789 2505 905 2549 illam
927 2542 937 2561 ,
971 2508 1092 2551 videt
1112 2508 1218 2567 quid
1240 2508 1408 2552 intersit
1435 2509 1548 2553 inter
1575 2519 1783 2554 contene-

455 2596 462 2611 ¹
487 2588 566 2620 Psal.
587 2600 662 2628 mvn,
687 2601 735 2622 12.
757 2607 797 2612 -—
815 2597 828 2612 ²
844 2593 931 2622 Rom.
950 2602 1006 2631 xu,
1030 2601 1080 2623 12.
1108 2610 1148 2614 -—
1170 2590 1301 2633 ³1d.v,
1320 2592 1383 2624 3-5.
