1889 3285
5 0 27 150 ’ἶ

21 155 25 191 f

4 222 23 255 ι

4 275 24 316 1
224 282 465 313 ENAnnA'no
497 285 530 311 11
562 285 608 311 m
639 280 842 311 PsALMUM
873 280 1176 320 Lvn1‚sEnM0
1208 281 1256 306 11.
1381 265 1435 305 87

2 337 23 409 Η
61 350 255 395 Christus
290 347 557 393 resurrexit:
582 347 658 391 ubi
680 357 742 391 est
772 346 1050 391 maledictum
1072 344 1209 389 crucis
1228 341 1350 403 quod
1369 342 1438 386 fc-

2 420 21 480 ij
58 420 201 465 cistis?
221 418 298 462 ubi
320 426 383 461 est
402 416 678 461 mendacium
702 416 930 461 custodum
953 431 1061 476 quos
1082 413 1345 472 corrupistis.

18 524 21 539 ,
115 491 192 533 VI.
222 507 241 530 «
266 490 331 532 Ex
352 487 582 532 maledicto
599 496 643 531 et
659 486 884 531 mendacio
902 483 1312 537 annuntiabuntur,
1332 497 1440 526 con-

2 546 21 618 ἕξ
61 578 83 603 »
116 558 425 603 summationes
448 557 493 601 in
523 557 585 601 ira
607 556 1012 610 consummationis,
1037 563 1081 598 et
1101 568 1192 597 non
1218 554 1392 596 erunt¹.
1415 570 1438 594 »

0 619 21 681 ἐξ
58 628 173 684 Quid
184 637 262 683 est,
273 647 292 670 «
303 628 379 672 In
368 643 429 671 ira
441 627 825 672 consummationis
842 624 1222 670 annuntiabuntur
1234 637 1442 667 consum-

61 719 82 743 »
115 700 340 744 mationes.
355 699 495 743 »Est
485 714 547 742 ira
565 698 962 752 consummationis,
988 705 1032 740 et
1048 704 1111 740 est
1126 695 1189 738 ira
1204 709 1442 753 consump-

60 771 204 816 tionis.
231 773 342 816 Nam
367 770 506 814 omnis
530 768 727 813 vindicta
740 769 819 813 Dei
837 769 899 813 ira
914 767 1097 812 dicitur:
1117 764 1194 810 sed
1208 764 1444 825 aliquando

59 839 114 885 ad
135 840 219 884 hoc
238 839 430 883 vindicat
449 842 578 893 Deus,
601 847 652 882 ut
676 839 868 898 perficiat
886 859 897 895 3
914 834 1148 897 aliquando
1170 834 1225 878 ad
1246 834 1330 878 hoc
1353 834 1444 878 vin-

59 910 190 965 dicat,
214 919 265 953 ut
282 909 475 954 damnet.
489 909 722 962 Quomodo
746 908 801 953 ad
817 910 901 953 hoc
922 906 1130 961 vindicat,
1155 914 1205 950 ut
1226 905 1446 965 perficiat?

63 999 83 1023 «
108 978 319 1037 Flagellat
340 994 515 1023 omnem
537 979 678 1023 filium
700 994 831 1039 quem
865 977 1057 1037 reeipit2.
1087 995 1107 1017 »
1132 973 1364 1029 Quomodo
1388 974 1445 1018 ad

57 1051 141 1095 hoc
161 1049 353 1094 vindicat
368 1084 379 1104 ‚
404 1057 454 1093 ut
475 1048 685 1093 damnet?
710 1047 896 1102 Quando
918 1046 1112 1107 posuerit
1132 1046 1285 1106 impios
1308 1045 1362 1089 ad
1383 1045 1444 1088 si-

59 1121 239 1165 nistram
253 1155 264 1175 ,
300 1129 344 1164 et
368 1119 523 1164 dixerit
549 1120 608 1163 eis
629 1139 638 1165 :
661 1139 681 1162 «
699 1122 764 1163 Ite
784 1119 830 1162 in
846 1119 992 1177 ignem
1014 1126 1248 1171 aeternum,
1275 1116 1351 1176 qui
1367 1131 1446 1176 pa-

62 1209 83 1233 »
118 1199 235 1234 ratus
255 1197 318 1233 est
347 1188 522 1233 diabolo
552 1198 594 1233 et
620 1188 783 1248 angelis
810 1189 947 1248 ejus3.
971 1206 992 1229 n
1023 1187 1102 1232 Illa
1124 1187 1186 1230 ira
1208 1201 1446 1246 consump-

62 1261 188 1306 tionis
211 1269 292 1315 est‚
319 1275 408 1303 non
428 1259 828 1304 consummationis.
845 1278 865 1301 «
881 1257 1278 1302 Annuntiabuntur
1300 1265 1448 1299 autem

63 1350 84 1373 »
118 1330 511 1375 consummationes
530 1329 577 1373 in
594 1330 656 1373 ira
673 1327 1058 1373 consummationis
1077 1362 1087 1382 ‚
1116 1344 1136 1367 »
1159 1326 1206 1370 id
1226 1335 1311 1380 est,
1333 1341 1447 1385 prae-

62 1401 279 1446 dicabitur
302 1400 356 1444 ab
385 1399 624 1459 Apostolis‚
650 1419 671 1442 ‹<
697 1399 807 1453 Quia
829 1399 907 1443 ubi
931 1397 1171 1443 abundavit
1191 1405 1442 1457 peccatum,

63 1489 83 1514 »
119 1469 492 1530 superabundavit
510 1470 644 1528 gratia
657 1471 673 1495 4
691 1505 701 1523 ‚
729 1488 748 1510 n
777 1478 820 1513 et
836 1468 1047 1528 pertinuit
1061 1466 1115 1511 ad
1135 1466 1448 1512 humiliationis

62 1540 323 1585 medicinam
344 1541 569 1584 infirmitas
585 1539 786 1584 hominis.
804 1541 898 1583 Hoc
920 1538 1156 1597 cogitantes
1174 1536 1252 1592 illi,
1269 1545 1312 1581 et
1330 1537 1451 1581 inve-

61 1611 228 1656 nientes
251 1619 381 1670 atque
402 1610 658 1654 confitentes
675 1609 925 1668 iniquitates
947 1623 1043 1652 suas
1060 1643 1070 1663 ,
1101 1598 1121 1650 (ὲ
1144 1610 1243 1652 Non
1264 1616 1407 1651 erunt.
1422 1625 1443 1649 »

63 1680 178 1734 Quid
193 1715 205 1736 ,
231 1699 251 1721 «
276 1682 374 1723 Non
395 1681 652 1723 erunt?»1n
682 1678 882 1738 superbia
904 1694 995 1723 sua.
1028 1680 1166 1737 Supra
1188 1678 1304 1721 enim
1327 1677 1449 1721 dixe-

65 1759 131 1794 rat
152 1769 162 1795 :
191 1769 212 1792 «
226 1748 665 1808 Comprehendantur
686 1749 731 1792 in
753 1748 954 1807 superbia
971 1751 1132 1792 sua.Et
1147 1763 1198 1791 ex
1218 1747 1450 1792 maledicto

67 1839 87 1863 »
122 1829 166 1864 et
206 1819 435 1863 mendacio
471 1819 852 1863 annuntiabuntur
883 1818 1276 1862 consummationes
1306 1818 1353 1861 in
1387 1819 1449 1862 ira

68 1909 88 1933 η
124 1889 509 1935 consummationis
524 1924 535 1944 ‚
559 1898 603 1933 et
624 1905 715 1933 non
738 1898 866 1934 erunt
881 1924 892 1944 ,
920 1907 940 1930 »
965 1889 1118 1948 utique
1149 1887 1196 1931 in
1217 1887 1445 1947 superbia,

64 1961 110 2005 in
126 1977 214 2022 qua
235 1960 536 2019 comprehensi
552 1968 669 2004 sunt.

124 2033 226 2075 VII.
248 2032 335 2074 «Et
353 2029 488 2074 scient
500 2030 603 2090 quia
619 2032 734 2074 Deus
754 2028 1053 2074 dominabitur
1074 2027 1210 2072 Jacob
1230 2035 1273 2071 et
1295 2027 1449 2072 finium

70 2119 96 2144 »⁴
125 2110 267 2145 terrae.
297 2118 317 2142 υ
344 2103 458 2144 Ante
477 2100 595 2144 enim
625 2100 731 2160 justi
762 2099 844 2144 sibi
881 2098 1169 2154 videbantur,
1205 2098 1325 2158 quod
1347 2112 1449 2156 gens

7 2161 10 2240 ξ
68 2172 217 2216 Judaea
248 2174 409 2230 Legem
426 2181 670 2230 acceperat,
695 2169 816 2231 quod
839 2171 916 2215 Dei
943 2178 1160 2230 praecepta
1177 2179 1446 2214 servaverat:

6 2241 9 2258 ''
68 2243 386 2288 demonstratur
402 2241 486 2286 illis
501 2244 603 2303 quia
625 2258 714 2287 non
736 2242 934 2297 servavit,
950 2257 1049 2287 cum
1067 2241 1113 2285 in
1126 2241 1226 2300 ipsis
1243 2241 1321 2285 Dei
1343 2257 1448 2301 prae-

69 2313 201 2374 ceptis
238 2313 460 2358 Christum
495 2329 585 2357 non
617 2312 832 2357 intellexit
850 2348 861 2368 ‚
892 2313 995 2373 quia
1032 2313 1199 2357 caecitas
1238 2327 1291 2356 ex
1326 2321 1449 2372 parte

70 2383 200 2428 Israe'l
227 2384 340 2428 sacta
361 2386 464 2428 est⁵.
489 2383 652 2428 Vident
677 2393 720 2428 et
741 2384 823 2444 ipsi
852 2382 995 2428 Judaei
1010 2419 1021 2439 ‚
1053 2383 1152 2444 quia
1172 2399 1262 2427 non
1283 2382 1448 2427 debent

5 2458 8 2515 Ι
70 2452 227 2499 Gentes
248 2463 525 2499 contemnere
541 2490 552 2509 ,
577 2471 686 2515 quos
708 2455 830 2516 quasi
848 2470 974 2499 canes
992 2464 1035 2499 et
1055 2463 1300 2514 peccatores
1317 2463 1446 2513 puta-

116 2557 126 2573 ¹
142 2550 227 2584 Psal.
243 2561 341 2592 tvm,
363 2551 416 2592 13,
439 2549 489 2592 14.
516 2567 556 2575 -
574 2558 587 2574 2
607 2551 705 2584 Hebr.
730 2562 787 2591 xu,
802 2550 834 2583 6.
860 2568 901 2573 —
924 2548 937 2574 3
955 2550 1161 2592 Matt11.xxv,
1183 2550 1237 2591 4¹·
1257 2567 1299 2573 --
1319 2549 1335 2579 4
1349 2552 1440 2582 Rom.

72 2615 104 2645 v,
122 2613 174 2638 20.
194 2622 236 2629 --
253 2604 268 2629 ⁵
286 2605 333 2639 Id.
356 2616 403 2645 xi,
422 2606 476 2638 25.
