1889 3285
341 247 426 289 506
771 259 805 285 5.
840 256 1073 286 AUGUSTIM
1104 260 1289 288 muscom

338 324 386 368 in
402 321 714 377 sacerdotibus,
735 333 1009 368 remanerent
1022 324 1243 379 undecim,
1259 325 1339 368 nisi
1355 338 1434 383 per
1449 322 1733 383 adoptionem

340 394 530 439 duorum
560 392 752 437 filiorum
794 396 819 437 J
822 395 955 453 oseph
989 395 1222 439 duodecim
1255 393 1593 453 complerentur.
1637 396 1734 439 Hoc

339 463 449 525 quid
465 465 540 519 sit,
572 463 796 508 advertite.
840 467 961 509 Unus
989 464 1043 508 de
1077 464 1310 509 duodecim
1338 463 1436 508 filiis
1467 464 1604 508 Jacob
1641 473 1735 510 erat

339 537 365 579 J
369 535 517 594 oseph.
535 537 620 578 Iste
637 543 700 578 est
717 537 741 579 J
745 535 895 594 oseph,
912 551 1043 596 quem
1059 534 1212 579 fratres
1232 535 1297 579 sui
1311 535 1357 578 in
1370 537 1615 595 AEgyptum
1629 550 1734 579 ven-

339 604 562 661 diderunt,
581 614 624 649 et
637 604 726 649 illic
748 606 904 650 merito
921 606 1127 650 castitatis
1150 606 1206 650 ad
1228 604 1459 650 sublimem
1477 604 1733 663 dignitatem

339 675 577 736 perductus
600 685 689 731 est,
721 684 763 719 et
794 676 921 720 affuit
943 676 1006 720 illi
1035 680 1149 720 Deus
1172 676 1217 719 in
1246 675 1365 720 omni
1399 690 1529 735 opere
1560 690 1666 733 suo,
1690 685 1735 721 et

339 747 527 806 suscepit
553 745 706 790 fratres
726 762 825 791 suos
842 782 853 798 ‚
884 763 907 791 a
929 747 1091 807 quibus
1117 747 1322 792 venditus
1347 756 1466 801 erat,
1487 755 1531 790 et
1546 755 1730 806 patrem,

340 816 456 861 fame
473 816 721 861 laborantes
737 852 747 872 ,
773 826 817 861 et
834 827 1012 877 propter
1032 833 1190 877 panem
1213 817 1270 861 ad
1290 820 1532 876 AEgyptum
1557 816 1738 861 descen-

340 886 590 932 cendentes.
612 890 698 931 Iste
720 890 745 932 J
749 889 881 948 oseph
899 889 1008 933 duos
1024 887 1136 933 filios
1152 888 1332 943 habuit,
1353 888 1567 947 Ephraim
1584 896 1627 931 et
1643 890 1737 932 Ma-

340 973 478 1002 nasse.
504 960 694 1003 Moriens
716 959 853 1003 Jacob
871 968 1097 1019 ,tanquam
1115 967 1376 1003 testamento
1396 958 1625 1017 assumpsit
1639 957 1738 1002 illos

340 1037 521 1088 nepotes
544 1045 643 1074 suos
665 1030 709 1073 in
729 1043 962 1074 numerum
984 1029 1175 1074 filiorum
1192 1062 1204 1082 ‚
1229 1037 1273 1072 et
1307 1028 1414 1073 dixit
1440 1027 1532 1072 filio
1554 1043 1632 1072 suo
1658 1030 1737 1072 Jo-

341 1099 448 1158 seph
468 1117 477 1142 :
508 1118 529 1141 «
544 1100 700 1145 Caeteri
716 1100 793 1160 qui
813 1109 1069 1155 nascuntur,
1086 1100 1165 1144 tibi
1184 1108 1314 1144 erunt
1333 1120 1344 1157 3
1364 1099 1432 1143 isti
1450 1107 1595 1142 autem
1613 1098 1736 1154 mihi,

344 1186 367 1210 »
391 1177 435 1212 et
453 1166 650 1212 divident
662 1178 821 1213 terram
838 1170 1160 1214 cumfratribus
1180 1170 1266 1212 suis
1278 1172 1307 1212 ¹.
1330 1187 1351 1209 »
1368 1168 1526 1212 Adhuc
1539 1183 1630 1212 non
1646 1176 1740 1212 erat

344 1239 461 1295 data,
478 1254 559 1283 nec
582 1238 718 1284 divisa
733 1248 846 1283 terra
862 1240 1181 1299 promissionis,
1199 1239 1271 1283 sed
1288 1238 1460 1283 dicebat
1481 1238 1554 1283 ille
1575 1240 1621 1282 in
1640 1239 1740 1299 Spi-

342 1311 428 1354 ritu
450 1310 731 1370 prophetans.
758 1310 1080 1355 Accedentibus
1103 1326 1207 1369 ergo
1229 1309 1404 1354 duobus
1430 1309 1528 1353 filiis
1551 1310 1736 1369 Joseph,

344 1380 472 1426 iactae
500 1390 602 1426 sunt
641 1381 926 1426 nihilominus
950 1381 1183 1426 duodecim
1211 1382 1350 1426 tribus
1369 1416 1380 1436 ‚
1411 1381 1514 1442 quia
1537 1381 1628 1442 jam
1650 1391 1740 1425 tre-

344 1452 484 1497 decim
508 1461 625 1497 sunt.
648 1456 732 1497 Pro
751 1468 841 1496 una
854 1453 971 1496 enim
986 1453 1106 1497 tribu
1128 1455 1151 1496 J
1156 1453 1289 1512 oseph
1307 1488 1317 1507 ,
1333 1450 1433 1496 duae
1449 1460 1735 1507 accesserunt,

344 1531 386 1567 et
405 1524 534 1568 faetae
551 1532 653 1566 sunt
665 1521 891 1566 tredecim.
912 1525 1104 1582 Excepta
1117 1538 1219 1580 ergo
1242 1523 1359 1566 tribu
1378 1523 1505 1576 Levi,
1529 1521 1603 1566 illa
1620 1522 1739 1566 tribu

343 1592 621 1638 sacerdotum
643 1607 743 1652 quae
765 1592 979 1636 serviebat
1009 1593 1174 1652 templo
1188 1628 1198 1647 ,
1223 1602 1267 1636 et
1288 1592 1342 1636 de
1366 1592 1542 1636 decimis
1563 1592 1740 1637 vivebat

344 1672 599 1708 caeterarum
615 1663 829 1716 omnium,
847 1662 1007 1722 quibus
1019 1672 1133 1706 terra
1147 1661 1282 1706 divisa
1294 1671 1373 1717 est,
1391 1671 1619 1706 remanent
1631 1661 1740 1707 duo-

343 1733 499 1778 decim.
521 1736 573 1777 In
586 1733 652 1776 his
666 1732 898 1777 duodecim
913 1742 1005 1778 erat
1016 1733 1155 1778 tribus
1173 1736 1197 1777 J
1202 1733 1304 1787 uda,
1324 1733 1444 1777 unde
1461 1748 1581 1792 reges
1597 1742 1734 1777 erant.

342 1806 453 1851 Nam
469 1804 611 1864 primo
625 1803 680 1848 de
696 1803 778 1848 alia
793 1803 913 1848 tribu
931 1803 1058 1849 datus
1076 1813 1140 1849 est
1154 1820 1226 1848 rex
1246 1804 1374 1849 Saiil²
1385 1839 1397 1859 ,
1416 1813 1460 1848 et
1482 1805 1739 1863 reprobatus

344 1884 408 1919 est
437 1882 648 1934 tauquam
669 1873 809 1918 malus
822 1889 895 1918 rex
913 1883 1086 1934 ,postea
1100 1874 1227 1919 datus
1248 1883 1311 1918 est
1328 1873 1382 1918 de
1406 1874 1526 1918 tribu
1538 1876 1562 1918 J
1566 1874 1652 1916 uda
1666 1889 1739 1917 rex

343 1945 492 1999 David,
509 1953 552 1988 et
565 1960 615 1988 ex
627 1943 703 1988 illo
717 1945 772 1988 de
788 1945 906 1988 tribu
921 1948 945 1989 J
949 1945 1035 1990 uda
1056 1944 1082 1989 f
1081 1954 1238 1990 uerunt
1255 1961 1374 2003 reges
1387 1947 1418 1987 3.
1437 1944 1574 1988 Jacob
1591 1953 1737 1988 autem

342 2014 416 2059 ille
445 2016 530 2059 hoc
560 2013 748 2070 dixerat,
773 2014 952 2075 quando
985 2015 1264 2060 benedixerat
1286 2014 1398 2058 filios
1430 2029 1529 2058 suos
1558 2029 1567 2055 ε
1593 2033 1614 2056 «
1639 2017 1737 2060 Non

346 2103 368 2127 »
402 2084 575 2130 deficiet
591 2085 791 2145 princeps
813 2085 868 2130 de
890 2085 1028 2139 Juda,
1053 2099 1133 2128 nec
1156 2083 1246 2128 dux
1274 2084 1329 2128 de
1347 2084 1588 2128 femoribus
1615 2086 1706 2145 ejus
1722 2121 1733 2142 ,

346 2174 367 2198 »
403 2157 542 2201 donec
561 2157 707 2201 veniat
728 2157 798 2201 cui
819 2155 1124 2215 repromissum
1151 2156 1258 2199 est4.
1288 2173 1308 2196 »
1346 2158 1407 2199 De
1438 2155 1556 2200 tribu
1589 2165 1736 2201 autem

343 2229 369 2272 J
372 2226 460 2270 uda
472 2227 592 2271 venit
610 2228 819 2271 Dominus
833 2235 980 2271 noster
993 2228 1018 2270 J
1021 2241 1116 2270 esus
1130 2226 1341 2271 Christus.
1365 2228 1442 2269 Est
1467 2226 1582 2270 enim
1595 2261 1607 2282 ,
1625 2227 1737 2272 sicut

346 2298 566 2357 Scriptura
589 2297 718 2352 dicit,
736 2307 778 2342 et
798 2297 932 2343 modo
950 2298 1127 2342 audistis
1143 2332 1153 2352 ,
1174 2313 1225 2341 ex
1238 2297 1400 2341 semine
1418 2297 1592 2353 David⁵,
1609 2308 1737 2343 natus

344 2367 399 2412 de
420 2369 570 2413 Maria.
597 2370 815 2413 Caeterum
842 2367 963 2429 quod
994 2368 1148 2412 attinet
1172 2368 1227 2411 ad
1256 2367 1534 2412 Divinitatem
1563 2370 1737 2414 Domini

344 2439 479 2484 nostri
502 2441 602 2483 Jesu
627 2439 813 2495 Christi,
844 2440 890 2483 in
919 2454 1005 2500 qua
1027 2438 1204 2499 aequalis
1227 2447 1290 2482 est
1313 2439 1429 2482 Patri
1448 2474 1459 2494 ,
1481 2455 1571 2483 non
1593 2439 1735 2484 solum

392 2540 401 2557 ¹
419 2536 497 2566 Gen.
518 2545 631 2576 xzvm,
651 2534 683 2576 5,
701 2534 733 2566 6.
750 2541 816 2557 —2
836 2546 847 2567 1
870 2537 947 2577 Reg.
968 2545 1013 2575 lx,
1037 2546 1064 2566 1.
1083 2533 1210 2565 -31‹l.
1234 2545 1303 2575 xvr,
1328 2543 1377 2565 12.
1393 2533 1460 2563 -4
1476 2536 1553 2567 Gen.
1576 2546 1663 2575 xux,
1680 2547 1731 2568 10,

346 2607 387 2613 -
406 2588 421 2613 ⁵
435 2599 454 2623 2
473 2591 552 2623 Tim.
575 2602 609 2630 11,
626 2591 656 2623 8.
