1889 3285
237 224 477 253 ENAmiATlo
510 227 542 253 11
575 227 620 252 IN
654 224 856 252 PsALMUM
890 227 998 264 Lxx,
1033 226 1171 254 semro
1205 228 1252 252 11.
1348 216 1431 254 397

49 303 151 333 vum
174 289 398 334 hominem
421 304 496 348 spe
531 288 770 345 duntaxat,
801 290 997 334 nondum
1016 306 1083 346 re,
1110 290 1296 335 didicisti
1314 290 1435 350 quod

47 358 159 402 nihil
191 359 254 402 tui
284 359 389 403 boni
418 368 714 417 praecesserat,
744 369 788 403 et
809 360 943 417 gratia
964 360 1042 404 Dei
1062 375 1293 403 conversus
1315 375 1358 403 es
1380 359 1435 404 ad

47 432 188 473 Deum
213 448 223 474 :
249 431 339 490 jam
366 427 479 473 forte
506 444 558 473 ex
584 445 673 489 quo
706 446 937 475 conversus
959 445 1002 474 es
1019 464 1030 484 ,
1062 430 1239 474 habebis
1270 430 1435 490 aliquid

45 507 190 553 tuum,
204 508 248 542 et
262 499 317 542 de
332 498 495 543 viribus
510 499 594 543 tuis
608 515 869 558 praesumere
882 499 1014 544 debes
1024 501 1042 543 P
1052 500 1434 552 Quemadmodum

46 568 187 613 solent
217 568 416 612 homines
450 569 595 613 dicere
624 585 632 609 :
661 572 757 614 Jam
787 569 979 624 dimitte,
1009 584 1117 628 opus
1142 578 1233 613 erat
1249 578 1300 613 ut
1319 570 1433 613 viam

46 638 293 684 ostenderes
311 673 322 692 ,
347 639 508 682 suflicit
525 673 536 693 ,
562 639 798 683 ambulabo
813 640 943 682 viam.
961 641 1018 682 Et
1038 637 1111 682 ille
1133 638 1210 698 qui
1223 638 1303 682 tibi
1319 639 1433 683 viam

45 707 260 752 ostendit:
285 710 349 754 Ne
368 708 481 753 forte
497 709 558 753 vis
581 719 631 753 ut
647 708 862 754 deducam
885 711 959 753 te?
979 713 1043 753 Tu
1060 718 1207 753 autem
1225 709 1258 753 si
1279 725 1433 769 super-

43 778 137 833 bis,
163 778 314 833 Absit,
339 779 500 822 suflicit
517 813 528 833 ,
560 778 797 824 ambulabo
818 780 932 824 viam
955 794 965 820 ε
998 779 1258 834 Dimitteris,
1285 788 1329 823 et
1356 795 1434 839 per

0 901 1 906 Ἰ
44 848 343 892 infirmitatem
374 849 534 893 iterum
557 849 792 894 aberrabis.
818 852 990 894 Bonum
1012 859 1104 894 erat
1120 850 1198 893 tibi
1219 859 1269 894 ut
1290 849 1432 894 dedu-

42 926 160 963 ceret
189 927 233 962 te
249 953 259 973 ,
294 918 371 979 qui
398 918 517 978 prius
536 919 582 962 in
604 920 672 963 via
699 919 931 964 collocavit
953 929 1019 963 te..
1035 922 1253 965 Caeterum
1284 921 1367 965 nisi
1390 930 1434 965 et

0 1006 1 1039 j
40 988 132 1048 ipse
164 988 318 1044 ducat,
359 1004 506 1033 rursus
543 989 705 1033 errabis
739 1009 747 1035 :
781 989 851 1034 dic
882 989 946 1033 illi
968 1005 1069 1048 ergo
1094 1009 1102 1036 :
1131 1010 1152 1033 ι(
1177 991 1326 1035 Deduc
1341 1006 1429 1046 me,

44 1075 65 1099 »
100 1058 307 1112 Domine,
338 1058 384 1102 in
413 1058 480 1103 via
511 1067 585 1102 tua
604 1094 614 1113 ,
642 1068 685 1103 et
712 1058 949 1103 ambulabo
987 1060 1032 1103 in
1058 1060 1238 1104 veritate
1267 1062 1388 1104 tua1.
1407 1078 1428 1101 »

41 1128 168 1181 Quod
189 1137 331 1172 autem
355 1129 469 1173 viam
488 1129 705 1188 ingressus
728 1145 771 1174 es
786 1165 796 1185 ,
817 1131 1024 1190 juventus
1038 1139 1125 1185 est,
1143 1132 1233 1190 ipsa
1247 1147 1432 1175 renova-

38 1198 100 1242 tio
134 1208 178 1242 et
201 1199 383 1243 initium
407 1199 524 1243 fidei.
555 1202 695 1243 Antea
719 1201 834 1243 enim
857 1200 1112 1244 ambulabas
1129 1217 1206 1260 per
1227 1202 1314 1245 vias
1338 1211 1431 1244 tuas

38 1267 347 1324 vagabundus,
379 1285 524 1310 errans
560 1285 638 1326 per
663 1269 830 1324 sylvosa
852 1305 862 1320 ,
900 1286 977 1325 per
1008 1286 1182 1326 aspera,
1220 1271 1430 1312 laceratus

41 1337 245 1381 omnibus
260 1337 482 1391 membris,
496 1338 679 1396 patriam
695 1337 937 1397 quaerebas,
958 1337 1041 1381 hoc
1055 1347 1132 1391 est,
1151 1337 1427 1382 stabilitatem

41 1406 275 1467 quamdam
300 1407 474 1466 spiritus
496 1407 586 1462 tui,
619 1407 697 1450 ubi
720 1407 882 1450 diceres
906 1427 913 1451 2
941 1409 1057 1450 Bene
1080 1417 1171 1465 est,
1197 1417 1239 1451 et
1256 1424 1430 1452 securus

41 1476 206 1521 diceres
227 1513 237 1532 ,
263 1478 435 1537 quietus
458 1478 514 1521 ab
536 1479 653 1522 omni
681 1477 900 1532 molestia,
927 1478 980 1521 ab
1009 1479 1129 1522 omni
1156 1479 1396 1523 tentatione
1416 1514 1427 1533 ,

41 1547 98 1592 ab
127 1548 247 1592 omni
274 1558 494 1608 postremo
533 1547 782 1607 captivitate
809 1568 817 1592 :
849 1557 893 1592 et
911 1564 1000 1592 non
1023 1548 1288 1592 inveniebas.
1315 1548 1433 1602 Quid

41 1617 210 1663 dicam?
230 1619 362 1663 Venit
385 1618 439 1663 ad
462 1628 505 1662 te
527 1619 604 1678 qui
626 1618 707 1662 tibi
729 1617 976 1662 ostenderet
992 1618 1106 1662 viam
1124 1620 1141 1661 Ρ
1163 1619 1293 1662 Venit
1312 1618 1366 1662 ad
1389 1628 1431 1663 te

40 1688 131 1749 ipsa
147 1690 216 1733 via
232 1724 243 1744 ,
277 1699 320 1734 et
343 1691 604 1734 constitutus
627 1704 670 1733 es
687 1689 732 1732 in
755 1704 804 1732 ea
827 1687 956 1732 nullis
978 1689 1062 1732 tuis
1080 1688 1243 1732 meritis
1265 1703 1430 1748 praece-

0 1749 1 1788 }
41 1759 247 1804 dentibus
262 1795 272 1815 ,
298 1761 504 1820 quoniam
524 1760 676 1819 utique
693 1759 880 1802 errabas.
896 1758 1029 1812 Quid,
1046 1774 1096 1801 ex
1116 1774 1204 1817 quo
1217 1759 1431 1817 ingressus

41 1844 107 1884 es,
133 1829 224 1889 jam
247 1830 357 1888 regis
378 1832 447 1873 te?
463 1831 555 1888 jam
576 1828 650 1871 ille
671 1829 747 1887 qui
763 1828 878 1873 viam
895 1827 1046 1872 docuit
1067 1836 1131 1882 te,
1157 1826 1336 1871 dimittit
1358 1830 1432 1871 te‘?

39 1901 138 1944 Non
157 1934 168 1954 ,
193 1899 336 1959 inquit
358 1918 367 1943 :
392 1918 412 1941 «
432 1898 627 1943 Docuisti
648 1913 718 1941 me
736 1913 787 1940 ex
804 1898 1036 1956 juventute
1059 1913 1155 1941 mea
1176 1918 1187 1954 3
1221 1907 1264 1941 et
1291 1913 1431 1958 usque

6 2016 9 2018 ,
43 1986 66 2010 »
99 1984 218 2013 nunc
251 1968 524 2013 annuntiabo
565 1966 778 2012 mirabilia
811 1976 902 2010 tua.
930 1985 950 2007 »
985 1965 1181 2011 Mirabile
1221 1976 1284 2011 est
1315 1969 1430 2012 enim

41 2039 162 2099 quod
184 2038 328 2082 adhuc
355 2036 460 2081 sacis
475 2072 486 2092 ,
523 2046 574 2080 ut
606 2052 728 2096 regas
751 2052 843 2092 me,
866 2037 942 2096 qui
964 2036 1009 2080 in
1029 2037 1097 2080 via
1123 2037 1303 2095 posuisti
1325 2053 1396 2082 me
1419 2058 1427 2082 :

42 2118 86 2153 et
105 2110 200 2153 haec
222 2117 324 2167 sunt
346 2107 561 2152 mirabilia
583 2117 675 2152 tua.
701 2110 809 2160 Quae
831 2116 933 2151 sunt
953 2116 1079 2166 putas
1091 2107 1300 2151 mirabilia
1323 2109 1432 2152 Dei?

43 2178 160 2232 Quid
181 2178 423 2222 mirabilius
444 2179 559 2222 inter
579 2178 657 2222 Dei
678 2177 891 2221 mirabilia
909 2213 920 2232 ,
951 2193 1083 2237 quam
1112 2187 1305 2222 mortuos
1335 2194 1430 2222 sus-

43 2249 200 2293 citare?
220 2248 550 2309 Numquidnam
580 2263 660 2306 ego
681 2257 880 2291 mortuus
908 2262 1003 2291 sum
1018 2282 1029 2301 ,
1054 2247 1229 2307 inquis?
1253 2249 1296 2293 Si
1318 2264 1432 2292 mor-

43 2327 144 2363 tuus
172 2335 260 2363 non
281 2334 405 2373 esses,
428 2333 516 2362 non
531 2317 762 2371 diceretur,
780 2317 861 2361 tibi
880 2337 887 2361 :
906 2336 924 2358 «
947 2319 1080 2374 Surge
1096 2318 1171 2376 qui
1193 2317 1370 2373 dormis,
1389 2328 1432 2362 et

28 2403 66 2430 ‘n
102 2404 259 2446 exurge
281 2405 303 2431 a
328 2388 534 2442 mortuis,
567 2397 610 2431 et
640 2387 906 2431 illuminabit
927 2396 970 2430 te
991 2388 1189 2432 Christus
1205 2392 1237 2432 ².
1261 2407 1281 2430 ³>
1308 2392 1429 2433 Mor-

43 2459 108 2502 tui
129 2467 231 2502 sunt
252 2474 401 2503 omnes
431 2457 650 2511 infideles,
684 2473 833 2502 omnes
853 2457 1017 2517 iniqui,
1041 2473 1223 2517 corpore
1245 2459 1400 2502 vivunt
1414 2494 1424 2514 ,

90 2546 95 2559 ¹
125 2543 202 2574 Psat.
224 2554 338 2585 mxxv,
364 2556 411 2574 ii.
436 2561 473 2565 -—
497 2549 507 2564 ²
524 2542 637 2583 Fplies.
661 2554 692 2583 v,
718 2540 766 2583 14,
