1889 3285
0 0 7 222 Ξ

2 237 7 328 1

2 341 6 425 ι

2 428 7 598 ἱ

5 1195 9 1278 ι

5 1305 9 1419 ἐ

423 278 665 311 mmmmm
695 284 742 311 nv
770 279 975 313 ‘PsAtm‘m
1005 286 1112 313 mm.
1383 270 1464 312 '171

90 349 368 406 ignominiam
404 349 595 408 ipsorum
624 350 648 391 J
655 347 904 406 udaeorum,
936 350 1013 409 qui
1040 349 1279 409 rejicientes
1314 363 1467 394 verum

89 434 235 477 regem
248 453 260 473 ,
285 418 508 477 elegerunt
520 417 700 476 vulpem
721 420 948 464 Caesarem.
974 438 991 459 «
1013 422 1105 462 Rex
1125 434 1229 463 vero
1249 417 1468 462 laetabitur

93 508 112 530 »
147 488 193 531 in
215 491 319 532 Deo.
343 487 411 531 Illi
429 487 529 531 facti
552 497 653 532 sunt
673 498 815 548 partes
834 489 1033 549 vulpium
1053 507 1062 532 ε
1090 491 1212 532 «Rex
1228 503 1329 532 vero
1346 488 1468 533 laeta-

93 578 111 600 »
146 558 265 602 bitur
285 558 331 602 in
346 561 450 602 Deo.
475 560 645 611 »Quem
666 559 747 602 sibi
767 559 846 603 visi
866 569 968 603 sunt
983 559 1104 620 quasi
1127 574 1346 618 superasse
1367 574 1469 603 cum

87 630 414 689 crucifigerent,
446 639 553 674 tunc
581 630 809 675 crucifixus
841 630 958 675 fudit
988 630 1199 690 pretium,
1236 646 1324 690 quo
1363 631 1470 675 emit

87 700 237 745 orbem
259 710 487 745 terrarum.
513 720 529 741 «
557 704 649 745 Rex
664 717 766 746 vero
788 701 1007 746 laetabitur
1023 702 1069 745 in
1082 704 1173 746 Deo
1192 700 1470 746 :laudabitur

91 791 109 812 »
141 771 280 815 omnis
300 772 375 831 qui
393 773 511 831 jurat
531 771 577 814 in
599 771 692 831 ipso
707 774 737 816 ¹.
765 791 782 813 »
810 775 975 827 Quare,
996 790 1014 812 «
1040 771 1310 815 Laudabitur
1331 771 1470 816 omnis

90 860 108 883 »
143 841 219 901 qui
230 840 348 901 jurat
368 841 415 884 in
437 841 556 900 ipso?
579 842 717 893 »Quia
738 842 820 885 sibi
847 841 976 900 elegit
993 842 1236 897 Christum,
1262 857 1352 885 non
1367 840 1469 886 vul-

84 926 213 970 pem:
239 911 341 971 quia
368 910 546 969 quando
578 910 642 954 illi
672 914 697 955 J
703 910 817 955 'udaei
836 910 1158 956 insultaverunt
1177 946 1187 966 ,
1213 920 1320 956 tunc
1349 911 1472 955 dedit

83 979 156 1024 ille
177 980 296 1024 unde
317 980 644 1025 redimeremur.
672 980 741 1025 Ad
773 981 917 1040 ipsum
949 997 1052 1040 ergo
1074 981 1341 1041 pertinemus
1357 1016 1368 1036 ,
1395 981 1472 1040 qui

83 1066 162 1095 nos
188 1051 372 1095 redemit
388 1087 398 1106 ‚
429 1051 506 1111 qui
540 1067 618 1111 pro
640 1051 767 1096 nobis
805 1052 1024 1096 mundum
1045 1052 1171 1107 vicit,
1195 1067 1285 1096 non
1307 1060 1473 1096 armato

82 1122 239 1176 milite,
259 1121 337 1166 sed
357 1122 476 1166 irrisa
498 1137 642 1167 cruce.
659 1141 676 1162 «
696 1125 790 1166 Rex
804 1137 908 1166 vero
930 1122 1152 1166 laetabitur
1172 1122 1219 1166 in
1236 1125 1326 1168 Deo
1346 1141 1355 1167 ε
1376 1122 1474 1166 lau-

85 1212 105 1234 »
140 1193 316 1237 dabitur
337 1193 476 1238 omnis
494 1195 571 1254 qui
589 1195 709 1254 jurat
725 1193 770 1236 in
786 1194 895 1253 ipso.
909 1198 938 1235 “»
955 1193 1060 1247 Quis
1078 1195 1198 1254 jurat
1218 1194 1264 1238 in
1286 1196 1368 1238 eo?
1386 1193 1473 1246 Qui

80 1262 313 1321 pollicetur
334 1264 373 1308 ei
394 1265 530 1309 vitam
551 1279 671 1308 suam
688 1299 698 1319 ,
728 1265 805 1325 qui
826 1273 956 1309 vovet
974 1263 1038 1307 illi
1059 1273 1103 1309 et
1124 1264 1268 1308 reddit
1283 1297 1294 1318 ,
1327 1263 1404 1323 qui
1421 1264 1472 1307 fit

77 1332 351 1379 Christianus
375 1355 382 1379 :
407 1336 492 1379 hoc
513 1345 577 1379 est
600 1335 721 1395 quod
744 1335 803 1379 ait
835 1354 843 1379 :
873 1354 894 1377 «
924 1334 1199 1379 Laudabitur
1225 1333 1365 1377 omnis
1395 1333 1471 1393 qui

86 1421 105 1443 »
133 1403 252 1462 jurat
274 1402 319 1445 in
357 1401 465 1461 ipso.
501 1404 718 1454 Quoniam
746 1405 989 1459 oppilatum
1025 1411 1087 1446 est
1122 1418 1168 1446 os
1192 1403 1481 1462 loquentium.

82 1491 104 1513 »
138 1472 332 1532 iniqua².
372 1491 390 1512 »
430 1474 603 1525 Quanta
635 1470 783 1530 iniqua
805 1470 943 1514 locuti
969 1480 1071 1514 sunt
1102 1471 1278 1516 Judaei‘?
1299 1475 1473 1526 Quanta

79 1541 194 1587 mala
217 1542 438 1597 dixerunt,
463 1558 553 1586 non
575 1541 716 1586 solum
738 1540 894 1596 Judaei,
919 1540 994 1584 sed
1015 1549 1061 1584 et
1077 1556 1227 1586 omnes
1246 1544 1324 1602 qui
1344 1559 1472 1604 prop—

81 1622 148 1657 ter
177 1612 293 1657 idola
325 1613 592 1658 Christianos
620 1612 835 1672 persecuti
865 1613 993 1656 sunt?
1026 1610 1214 1664 Quando
1235 1614 1473 1658 saeviebant

79 1683 126 1728 in
147 1683 434 1738 Christianos,
458 1683 674 1743 putabant
693 1681 813 1743 quod
834 1690 1009 1742 possent
1022 1681 1149 1725 finire
1169 1681 1436 1727 Christianos
1457 1703 1468 1728 ι

80 1768 183 1798 cum
202 1754 420 1813 putabant
440 1753 563 1814 quod
585 1762 762 1813 possent
782 1753 930 1807 finire,
958 1751 1192 1796 Christiani
1208 1762 1438 1797 creverunt
1454 1789 1465 1808 ,

78 1832 124 1868 et
148 1823 230 1883 ipsi
253 1823 366 1867 finiti
379 1832 495 1866 sunt.
519 1843 537 1863 «
556 1822 811 1882 Oppilatum
827 1831 940 1866 estos
961 1821 1239 1881 loquentium
1260 1821 1426 1882 iniqua.
1445 1842 1464 1864 »

78 1896 218 1940 Nemo
249 1893 381 1937 audet
413 1892 547 1937 modo
579 1893 754 1953 publice
780 1893 918 1953 loqui:
935 1901 1087 1937 contra
1108 1891 1356 1948 Christum,
1376 1894 1467 1953 jam

80 1982 230 2011 omnes
252 1967 407 2010 timent
427 1967 663 2011 Christum.
692 1985 711 2006 «
743 1966 959 2019 Quoniam
978 1964 1224 2025 oppilatum
1245 1972 1311 2007 est
1331 1979 1378 2008 os
1399 1963 1468 2008 lo-

79 2056 104 2079 ¹»
138 2037 369 2098 quentium
385 2037 550 2097 iniqua.
582 2057 600 2078 »
622 2036 809 2090 Quando
830 2037 877 2080 in
898 2037 1151 2080 infirmitate
1173 2037 1323 2093 Agnus
1343 2044 1435 2079 erat
1452 2068 1463 2090 ,

80 2107 210 2151 etiam
227 2106 379 2167 vulpes
401 2107 621 2151 audebant
637 2116 787 2151 contra
809 2110 999 2166 Agnum.
1027 2106 1141 2150 Vicit
1158 2109 1247 2150 Leo
1268 2105 1324 2149 de
1345 2105 1464 2149 tribu

80 2176 194 2222 Juda
208 2179 222 2204 ³
241 2213 252 2233 ‚
277 2188 320 2222 et
342 2178 554 2222 siluerunt
574 2177 726 2238 vulpes
749 2197 758 2223 ε
783 2196 800 2218 «
827 2178 1040 2231 Quoniam
1062 2176 1307 2237 oppilatum
1329 2185 1392 2221 est
1415 2191 1462 2221 os

83 2268 103 2291 »
136 2249 412 2310 loquentium
429 2249 594 2310 iniqua.
622 2269 640 2291 »

128 2350 138 2367 ¹
157 2344 236 2377 Psal.
257 2355 334 2387 mxu,
354 2353 404 2378 12.
424 2362 466 2368 -
483 2352 495 2368 ²
521 2345 601 2378 Ibid.
618 2362 660 2368 —-
683 2343 695 2368 3
716 2347 817 2388 Apoc.
837 2357 870 2388 V,
895 2344 927 2378 5.
