1889 3285
415 241 498 280 102
857 247 893 277 s.
927 246 1161 278 Ancnszrnu
1192 250 1375 278 Emscom

414 335 439 359 »
472 330 569 360 mea
596 314 702 360 levis
730 322 794 359 est
818 316 850 358 ¹.
878 331 900 356 »
924 313 1021 359 Alia
1049 315 1215 359 sarcina
1239 315 1397 375 premit
1424 323 1469 361 et
1495 325 1699 376 aggravat
1723 325 1794 372 te,
1846 316 1850 350 ἓ

413 387 574 432 Christi
590 395 735 431 autem
753 386 917 430 sarcina
939 384 1139 430 sublevat
1159 395 1202 430 te
1221 405 1229 431 z
1254 386 1335 431 alia
1356 387 1520 432 sarcina
1537 388 1709 448 pondus
1719 389 1798 433 ha-

410 459 489 503 bet
507 492 519 514 ‚
544 457 702 503 Christi
723 457 888 502 sarcina
911 471 1075 517 pennas
1095 456 1244 501 habet.
1265 460 1374 502 Nam
1405 466 1449 502 et
1470 458 1539 502 avi
1570 459 1604 503 si
1633 471 1798 519 pennas

413 528 615 574 detrahas
629 563 640 584 ‚
663 529 785 589 quasi
799 543 909 573 onus
931 526 1047 571 tollis
1068 548 1079 585 3
1099 536 1143 571 et
1163 543 1252 588 quo
1272 528 1408 587 magis
1426 543 1536 573 onus
1557 529 1795 585 abstulisti,

413 616 466 645 eo
502 599 635 658 magis
668 600 716 643 in
746 609 858 644 terra
886 597 1143 642 remanebit.
1178 601 1320 652 Quam
1349 615 1581 644 exonerare
1600 600 1797 657 voluisti,

407 673 549 732 jacet:
569 685 659 715 non
676 669 794 715 volat
812 704 824 725 ‚
849 669 953 729 quia
975 667 1112 712 tulisti
1125 684 1234 714 onus
1260 689 1269 715 ι
1295 669 1443 715 redeat
1458 686 1585 727 onus9
1605 681 1649 717 et
1662 670 1797 717 volat.

417 742 528 788 Talis
545 750 608 786 est
628 741 787 786 Christi
807 739 973 785 sarcina
999 759 1007 784 :
1030 749 1207 799 portent
1227 740 1347 785 illam
1368 742 1564 787 homines
1578 778 1589 795 ‚
1613 757 1703 787 non
1715 743 1803 787 sint
1850 758 1853 783 :

411 815 522 875 pigri
537 828 651 858 :non
671 811 951 857 attendantur
972 810 1035 855 illi
1057 812 1134 872 qui
1153 827 1248 857 eam
1264 811 1378 857 ferre
1396 813 1577 872 nolunt3
1593 812 1735 858 ferant
1754 813 1804 858 il·
1851 827 1853 830 ’

411 885 503 930 lam
523 883 601 944 qui
610 882 766 927 volunt
780 917 791 938 ,
816 891 861 926 et
881 881 1106 926 invenient
1122 898 1256 943 quam
1277 883 1331 927 sit
1350 883 1456 928 levis
1470 920 1480 940 ,
1498 900 1631 945 quam
1643 884 1800 940 suavis,

415 970 548 1017 quam
561 953 758 1014 jucunda
770 989 780 1009 ,
797 968 929 1015 quam
947 953 1117 1013 rapiens
1138 955 1184 998 in
1198 953 1360 999 coelum
1381 964 1423 999 ct
1439 972 1462 999 a
1473 965 1585 1000 terra
1599 956 1800 1016 eripiens.

419 1045 438 1068 <t
473 1024 673 1071 Dividam
694 1025 951 1080 Sichimam,
977 1034 1021 1068 et
1042 1024 1285 1069 convallem
1311 1026 1714 1071 Tabernaculorum
1735 1025 1806 1070 di-

418 1115 442 1140 »
476 1096 645 1140 metiar.
670 1114 691 1137 »
719 1099 850 1140 Forte
867 1104 1046 1156 propter
1067 1111 1166 1140 oves
1188 1096 1341 1151 Jacob,
1366 1096 1574 1141 convallis
1584 1097 1805 1141 Taberna—

418 1167 620 1212 culorum
641 1166 898 1225 intelligitur
920 1181 1024 1226 gens
1046 1168 1071 1210 J
1075 1165 1300 1212 udaeorum
1317 1202 1327 1222 ‚
1359 1176 1403 1211 et
1435 1168 1528 1227 ipsa
1556 1167 1768 1212 dividitur
1791 1186 1800 1212 :

416 1253 521 1283 nam
535 1237 802 1282 transierunt
817 1236 920 1282 inde
938 1237 1016 1297 qui
1031 1236 1306 1282 crediderunt
1317 1272 1328 1293 ,
1345 1238 1449 1283 foris
1462 1237 1619 1299 reliqui
1635 1253 1807 1283 reman-

416 1317 581 1355 serunt.

477 1382 568 1425 IX?
579 1381 732 1425 «Meus
748 1387 811 1423 est
825 1378 990 1423 Galaad
1001 1382 1034 1422 Ἰ.
1043 1396 1063 1420 »
1075 1379 1260 1424 Nomina
1272 1388 1374 1424 sunt
1393 1379 1472 1424 ista
1485 1379 1598 1424 lecta
1610 1380 1656 1424 in
1667 1380 1807 1425 Litte-

418 1452 476 1498 ris
483 1452 578 1497 Dei.
591 1450 753 1496 Galaad
762 1451 896 1496 habet
905 1450 1271 1510 interpretationis
1284 1466 1373 1495 suae
1381 1466 1533 1496 vocem
1541 1460 1584 1496 et
1592 1452 1738 1510 magni
1748 1467 1809 1497 sa-

419 1523 632 1569 cramenti
650 1542 658 1566 :
674 1523 982 1582 interpretatur
997 1522 1114 1565 enim
1127 1524 1320 1566 Acervus
1338 1522 1586 1566 testimonii.
1609 1525 1809 1575 Quantus

419 1609 598 1640 acervus
610 1593 844 1638 testimonii
855 1593 901 1636 in
909 1591 1196 1650 Martyribus'?
1207 1611 1227 1634 «
1238 1595 1361 1637 Meus
1379 1602 1442 1637 est
1463 1591 1673 1647 Galaadp)
1686 1607 1809 1637 meus

420 1675 486 1711 est
508 1680 685 1710 acervus
708 1665 969 1720 testimonii,
987 1664 1073 1708 mei
1098 1673 1200 1708 sunt
1213 1667 1426 1722 Martyres
1439 1664 1543 1708 veri.
1567 1665 1810 1709 Moriantur

421 1737 493 1782 alii
505 1753 583 1797 pro
596 1745 766 1781 vetusta
774 1737 963 1780 vanitate
975 1751 1051 1780 sua
1065 1735 1156 1780 sine
1165 1735 1267 1793 sale3
1284 1735 1503 1796 numquid
1516 1737 1737 1796 pertinent
1754 1736 1811 1781 ad

420 1823 625 1854 acervum
638 1807 897 1852 testimonii?
911 1808 1018 1860 Quia
1033 1815 1108 1851 et«
1128 1807 1170 1851 Si
1187 1806 1405 1852 tradidero
1419 1823 1575 1867 corpus
1589 1823 1736 1852 meum
1749 1809 1811 1853 ita

424 1899 446 1922 »
471 1889 523 1925 ut
535 1878 726 1934 ardeam,
743 1878 998 1923 charitatem
1007 1887 1152 1922 autem
1165 1878 1464 1934 nonhabeam‚
1476 1878 1586 1923 nihil
1594 1879 1702 1923 mihi
1712 1895 1812 1939 pro-

424 1969 446 1993 »
472 1950 611 1995 destss.
632 1968 652 1990 n
679 1952 792 1994 Cum
813 1958 959 1993 autem
981 1948 1172 2009 quodam
1195 1949 1290 1994 loco
1313 1959 1511 1994 moneret
1526 1951 1737 1994 Dominus
1755 1949 1811 1995 de

417 2034 528 2082 pace
552 2019 777 2064 retinenda
790 2055 800 2075 ‚
837 2020 1046 2080 praemisit
1079 2019 1211 2064 salem
1241 2039 1250 2064 ;
1286 2038 1306 2062 «
1333 2020 1523 2075 Habete,
1561 2021 1728 2081 inquit,
1763 2021 1810 2066 in

426 2109 449 2133 »
483 2091 606 2135 vohis
628 2090 830 2145 salem‚et
849 2105 1000 2149 pacem
1017 2090 1177 2134 habete
1191 2090 1304 2134 inter
1320 2091 1436 2135 vos4.
1455 2093 1604 2150 »Ergo
1623 2111 1631 2136 :
1651 2109 1671 2133 «
1684 2094 1811 2136 Meus

427 2180 447 2203 »
482 2169 544 2205 est
565 2160 729 2205 Galaad
755 2180 763 2205 :
786 2179 806 2201 υ
833 2160 907 2205 sed
927 2159 1090 2205 Galaad
1105 2196 1115 2215 ‚
1134 2159 1180 2204 id
1195 2169 1277 2215 est,
1294 2163 1485 2205 Acervus
1501 2161 1748 2217 testimonii,
1764 2161 1812 2205 in

423 2246 579 2290 magna
609 2232 891 2276 tribulatione
924 2232 1147 2276 evidenter
1176 2232 1316 2276 factus
1347 2241 1425 2276 est.
1465 2235 1586 2277 Tunc
1621 2233 1810 2291 ignomi-

423 2304 546 2348 niosa
566 2303 759 2348 Ecclesia
781 2313 872 2349 erat
898 2305 944 2348 in
977 2305 1252 2359 hominihus,
1287 2313 1393 2348 tunc
1429 2305 1715 2364 opprobrium
1747 2303 1811 2348 illi

424 2372 569 2416 viduae
591 2373 904 2432 objectabatur,
925 2375 1028 2434 quia
1050 2375 1210 2420 Christi
1232 2383 1344 2429 erat,
1370 2375 1470 2435 quia
1484 2375 1655 2434 signum
1672 2375 1812 2419 crucis

421 2443 470 2487 in
483 2442 626 2487 fronte
639 2443 840 2502 portabat
857 2464 865 2489 ε
891 2444 1091 2488 nondum
1111 2454 1202 2489 erat
1221 2446 1377 2499 honor,
1399 2445 1566 2489 crimen
1579 2454 1671 2489 erat
1684 2454 1805 2489 tunc.

425 2512 611 2566 Quando
634 2529 735 2572 ergo
765 2529 854 2558 non
872 2515 1027 2567 honor,
1053 2514 1128 2558 sed
1150 2515 1315 2559 crimen
1337 2525 1450 2571 erat,
1470 2525 1574 2560 tunc
1591 2515 1728 2560 factus
1748 2525 1812 2560 est

475 2604 483 2619 ¹
500 2597 611 2630 Matth.
635 2598 813 2638 x1,30.·-
832 2605 844 2621 2
871 2598 952 2629 psal.
972 2609 1034 2635 tit,
1052 2610 1083 2640 9.
1107 2616 1147 2621 —
1172 2597 1183 2622 3
1206 2611 1216 2629 r
1239 2602 1311 2630 Cor.
1333 2611 1399 2640 xm„
1422 2601 1451 2631 3.
1478 2618 1517 2622 ——-
1533 2599 1549 2628 4
1569 2602 1664 2632 Marc.
1688 2598 1808 2641 1x,49.
