1889 3285
423 238 503 278 428
858 246 891 275 s.
930 247 1012 276 Aue:
1020 250 1158 276 nsi-rm
1191 250 1373 276 Emseox’l

422 333 439 354 «
478 316 539 356 Ex
560 311 788 371 iniquitate
810 331 817 357 :
862 332 879 353 »
907 320 956 356 ut
987 331 1003 352 «
1027 312 1228 357 Redimet
1250 334 1267 355 »
1292 312 1347 357 ad
1370 320 1607 371 utrumque
1638 311 1801 356 subau-

416 383 573 427 diatur.
600 385 708 428 Nam
731 382 950 441 parcendo
985 382 1168 427 redimet
1191 383 1244 427 ab
1287 383 1451 437 usuris,
1485 381 1624 426 salvos
1657 391 1803 426 autem

415 452 614 497 faciendo
640 453 823 497 redimet
851 454 904 497 ab
926 453 1168 513 iniquitate.
1203 471 1220 493 «
1248 456 1312 497 Ita
1330 469 1431 497 cum
1453 461 1601 512 parcet
1624 454 1804 512 pauperi

420 544 437 565 »
474 533 516 567 et
535 524 681 583 inopi,
703 532 745 568 et
767 524 928 567 animas
951 539 1194 583 pauperum
1215 522 1352 567 salvas
1369 523 1499 568 faciet
1520 543 1528 567 2
1554 523 1611 567 sic
1634 538 1683 566 ex
1706 538 1803 567 usu-

420 614 437 635 »
473 593 528 637 ris
553 603 597 638 et
628 594 857 654 iniquitate
879 592 1064 638 redimet
1085 593 1247 638 animas
1278 609 1444 638 eorum.
1470 596 1527 638 Et
1546 592 1803 638 honorabile

418 673 448 706 »’
471 681 631 709 nomen
658 668 749 725 ejus
772 681 917 710 coram
941 666 1057 725 ipsis.
1089 685 1107 707 ³>
1134 668 1247 709 Dant
1271 665 1386 709 enim
1407 666 1619 710 honorem
1637 664 1804 709 nomini

413 738 504 796 ejus
528 753 604 796 pro
627 737 761 782 tantis
783 737 1002 781 beneficiis
1021 772 1031 792 ,
1059 737 1136 797 qui
1159 737 1423 797 respondent
1447 736 1631 796 dignum
1652 745 1695 780 et
1711 737 1804 796 jus-

413 815 507 850 tum
526 823 617 851 esse
641 809 796 866 gratias
821 822 944 865 agere
964 807 1149 851 Domino
1172 810 1263 852 Deo
1285 824 1378 852 suo.
1397 807 1479 851 Vel
1501 807 1622 868 quod
1638 807 1805 851 habent

412 877 580 922 codices
599 878 750 938 aliqui,
768 881 855 922 «Et
873 877 1127 922 honorabile
1143 893 1304 922 nomen
1319 894 1471 923 eorum
1488 893 1633 922 coram
1650 878 1764 937 ipso:
1779 896 1799 919 »

411 949 513 1008 quia
536 950 616 993 etsi
637 949 843 993 videntur
866 949 969 993 huic
986 948 1145 993 saeculo
1165 948 1516 1008 contemptibiles
1540 948 1800 1002 Christiani,

412 1035 574 1064 nomen
606 1035 758 1064 eorum
790 1035 935 1064 coram
963 1020 1056 1080 ipso
1090 1029 1154 1065 est
1178 1019 1462 1074 honorabile,
1487 1019 1562 1079 qui
1599 1018 1657 1062 eis
1691 1017 1803 1062 illud

412 1089 557 1145 dedit,
579 1092 670 1151 jam
694 1106 785 1136 non
805 1106 972 1135 memor
990 1091 1220 1135 nominum
1242 1090 1418 1135 illorum
1440 1105 1518 1150 per
1538 1089 1654 1133 labia
1675 1104 1751 1133 sua
1767 1091 1798 1143 ¹,

411 1160 571 1220 quibus
594 1170 721 1205 antea
743 1161 1031 1216 vocabantur,
1048 1176 1148 1205 cum
1173 1170 1314 1205 essent
1336 1160 1574 1205 Gentilium
1597 1159 1803 1219 supersti-

411 1231 606 1276 tionibus
623 1231 825 1290 obligati,
845 1232 914 1276 vel
937 1246 1116 1277 suorum
1134 1232 1350 1277 malorum
1368 1231 1621 1276 meritorum
1646 1231 1802 1290 signati

410 1302 636 1346 vocabulis
653 1338 663 1357 ,
695 1312 929 1362 antequam
952 1312 1092 1347 essent
1112 1302 1346 1347 Christiani
1367 1322 1375 1347 :
1402 1302 1522 1362 quod
1539 1317 1701 1346 nomen
1720 1302 1803 1346 ho-

409 1373 608 1418 norabile
631 1383 695 1418 est
730 1389 875 1419 coram
909 1374 1003 1433 ipso
1019 1408 1030 1429 ,
1057 1375 1136 1419 etsi
1167 1373 1495 1433 contemptibile
1515 1372 1689 1418 videtur
1714 1373 1802 1417 ini·
1824 1373 1828 1376 ’

411 1458 545 1487 mlcis.

468 1515 609 1557 XVII.
639 1531 658 1555 «
683 1516 740 1558 Et
765 1514 882 1558 vivet
896 1549 907 1569 ,
933 1524 977 1558 et
997 1514 1176 1558 dabitur
1199 1515 1238 1558 ei
1260 1513 1314 1558 de
1336 1529 1442 1559 auro
1464 1513 1683 1558 Arabiae2.
1702 1516 1800 1560 Non

412 1602 432 1626 »
469 1584 707 1639 diceretur,
735 1594 778 1628 et
803 1586 940 1639 vivet,
960 1603 980 1626 »
997 1584 1076 1643 (de
1098 1601 1187 1646 quo
1205 1586 1320 1629 enim
1344 1600 1434 1629 non
1451 1593 1594 1645 posset
1615 1584 1699 1628 dici
1716 1585 1800 1630 hoc

407 1656 813 1716 quantulocumque
841 1656 980 1715 spatio
1011 1657 1217 1716 temporis
1253 1657 1427 1701 vivente
1447 1657 1493 1700 in
1520 1657 1602 1700 hac
1624 1658 1800 1717 terra?)

409 1727 490 1770 nisi
511 1726 584 1771 illa
614 1728 700 1771 vita
723 1726 1128 1782 commendaretur,
1155 1747 1172 1768 «
1200 1731 1252 1772 In
1269 1743 1356 1787 qua
1372 1728 1461 1786 jam
1480 1742 1568 1770 non
1585 1727 1770 1771 moritur
1784 1764 1795 1783 ,

411 1815 431 1838 »
467 1807 510 1841 et
531 1812 646 1842 mors
669 1797 706 1841 ei
731 1797 844 1841 ultra
863 1813 952 1842 non
975 1797 1318 1842 dominabiturss.
1351 1816 1371 1839 »
1394 1801 1539 1857 Atque
1556 1796 1677 1853 ideo,
1697 1816 1717 1840 κ
1741 1801 1799 1843 Et

411 1886 431 1909 »
466 1868 610 1922 vivet,
646 1886 665 1910 »
693 1868 767 1928 qui
797 1877 1075 1927 contemptus
1109 1878 1173 1912 est
1200 1868 1388 1912 moriens
1415 1887 1422 1912 :
1459 1868 1666 1928 quoniam
1688 1869 1798 1913 sicut

408 1937 516 1982 alius
541 1939 758 1998 Propheta
781 1938 886 1982 dicit
913 1958 922 1982 2
953 1957 971 1979 «
992 1937 1188 1983 Tolletur
1210 1937 1265 1982 de
1287 1947 1399 1982 terra
1420 1939 1508 1983 vita
1527 1939 1657 1998 ejus4.
1678 1938 1797 1983 »Sed

407 2008 515 2067 quid
533 2017 621 2062 est,
667 2027 686 2050 «
712 2011 768 2052 Et
797 2007 975 2052 dabitur
998 2008 1035 2052 ei
1059 2007 1114 2052 de
1148 2024 1253 2052 auro
1281 2009 1478 2053 Arabiae?
1498 2026 1518 2049 »
1543 2011 1652 2053 Nam
1676 2009 1797 2068 quod

406 2077 507 2121 inde
529 2094 684 2122 aurum
712 2079 841 2122 etiam
869 2078 943 2122 ille
979 2078 1182 2123 Salomon
1214 2079 1401 2138 accepit,
1433 2079 1478 2122 in
1515 2079 1598 2122 hoc
1626 2079 1796 2123 Psalmo

406 2148 588 2205 figurate
612 2150 891 2209 transjectum
920 2158 982 2192 est
1013 2149 1059 2191 in
1081 2148 1214 2192 alium
1236 2164 1388 2193 verum
1419 2148 1691 2193 Salomonem
1712 2184 1722 2204 ,
1749 2148 1796 2194 id

406 2227 496 2272 est,
521 2234 673 2263 verum
694 2220 940 2278 pacificum.
971 2221 1070 2263 Non
1100 2219 1216 2262 enim
1244 2218 1317 2262 ille
1350 2218 1597 2262 dominatus
1618 2227 1682 2262 est
1708 2237 1727 2260 «
1757 2221 1794 2262 A

408 2306 428 2328 »
465 2289 647 2332 flumine
664 2305 802 2349 usque
821 2289 875 2333 ad
897 2290 1105 2333 terminos
1129 2289 1244 2333 orbis
1267 2298 1409 2333 terrae.
1439 2307 1458 2329 n
1488 2289 1556 2333 Sic
1573 2303 1674 2346 ergo
1691 2304 1794 2348 pro-

405 2359 634 2418 phetatum
666 2370 750 2415 est,
789 2361 917 2404 etiam
956 2361 1167 2419 sapientes
1203 2361 1331 2419 hujus
1364 2359 1519 2403 mundi
1552 2360 1595 2403 in
1620 2359 1792 2404 Christo

405 2428 536 2474 fuisse
570 2430 823 2475 credituros.
867 2434 947 2475 Per
978 2431 1183 2474 Arabiam
1221 2439 1366 2474 autem
1403 2431 1561 2473 Gentes
1584 2428 1790 2487 intelligi-

454 2533 462 2549 ¹
481 2527 560 2559 Psal.
581 2538 635 2567 xv,
652 2526 684 2569 4.
707 2544 749 2550 -
770 2534 783 2550 ²
803 2528 850 2559 ld.
871 2538 960 2568 Lxx1,
982 2527 1031 2560 15.
1056 2544 1095 2550 -
1115 2526 1128 2549 3
1147 2529 1239 2559 Rom.
1258 2538 1349 2569 vr‚9.
1377 2544 1418 2550 -—
1443 2526 1457 2556 4
1479 2528 1549 2558 lsai.
1566 2537 1634 2566 tui,
1656 2526 1687 2557 8.
1708 2526 1784 2557 vide

407 2584 477 2613 Act.
505 2593 573 2621 vni,
593 2583 645 2615 33.
