1889 3285
441 246 682 275 ENARRATIO
716 250 759 276 IN
793 249 994 276 PsALMUM
1028 248 1136 275 Lxxr.
1397 236 1474 277 421

100 312 178 358 ista
199 313 357 357 visibili
383 322 579 357 creatura
595 348 605 367 ‚
633 313 677 356 in
699 330 784 374 qua
806 324 908 358 sunt
942 329 1118 373 corpora
1142 313 1352 367 coelestia,
1374 330 1481 374 quo-

97 400 195 427 rum
217 383 423 427 illustrius
446 383 606 427 eminet
622 384 705 438 sol,
732 386 785 428 de
803 400 892 444 quo
914 385 1007 428 haec
1025 383 1261 427 similitudo
1286 383 1480 429 adhibita

97 464 161 498 est
193 475 200 498 2
239 456 350 498 sicut
384 453 616 498 adhibetur
649 455 777 498 etiam
798 456 852 499 de
882 455 1179 509 terrestribus,
1211 464 1358 513 petra,
1381 454 1476 511 leo,

96 539 255 582 agnus,
280 526 412 568 homo
435 524 600 568 habens
621 524 730 569 duos
760 525 896 580 filios,
930 534 974 569 et
1004 534 1173 569 caetera.
1198 528 1311 582 Ergo
1331 526 1479 569 humi-

94 593 198 639 liato
220 594 531 639 calumniatore
554 606 778 654 permanet
801 611 901 640 cum
923 596 1033 641 sole:
1052 596 1153 656 quia
1168 596 1282 640 victo
1304 597 1480 642 diabolo

93 681 170 725 per
198 665 555 710 resurrectionem
573 701 583 721 ‚
612 666 732 710 sedet
754 666 809 710 ad
831 666 1050 710 dexteram
1075 667 1210 710 Patris
1230 669 1240 692 ¹
1257 701 1268 721 ‚
1294 667 1371 710 ubi
1389 668 1479 726 jam

92 742 181 780 non
198 736 407 790 moritur,
434 745 477 779 et
506 751 620 780 mors
643 738 679 780 ei
702 736 814 781 ultra
834 753 923 781 non
946 736 1290 781 dominabitur2.
1317 739 1373 780 Et
1395 738 1478 781 hoc

92 816 192 850 ante
211 805 360 850 lunam
379 842 390 860 ‚
416 816 625 867 tanquam
652 807 966 866 primogenitus
989 824 1011 852 a
1033 807 1213 851 mortuis
1231 806 1479 866 praecedens

90 876 606 931 Ecclesiam,mortalium
628 877 875 922 decessione
898 894 947 922 ac
964 878 1232 922 successione
1255 887 1481 922 transeun-

90 956 192 991 tem.
236 950 345 1005 Ipsae
378 956 480 991 sunt
501 982 512 1002 ,
549 966 568 990 «
605 948 913 992 Generationes
955 948 1300 1006 generationum.
1336 966 1356 989 n
1389 951 1478 992 Aut

89 1015 201 1060 forte
222 1017 324 1076 quia
357 1017 655 1075 generationes
682 1026 808 1072 sunt,
838 1018 1000 1077 quibus
1038 1033 1296 1077 generamur
1319 1027 1479 1062 morta-

87 1085 212 1144 liter3
238 1089 535 1145 generationes
559 1098 703 1132 autem
727 1088 1053 1146 generationum
1071 1123 1081 1142 ‚
1107 1088 1268 1147 quibus
1296 1102 1477 1145 regene-

86 1173 234 1202 ramur
257 1158 573 1203 immortaliter.
607 1162 663 1203 Et
691 1159 785 1202 haec
808 1168 872 1202 est
892 1158 1083 1202 Ecclesia
1106 1174 1237 1218 quam
1258 1158 1330 1202 ille
1352 1168 1476 1203 ante-

86 1229 213 1272 cessit
239 1264 249 1283 ,
291 1238 340 1272 ut
377 1237 651 1288 permaneret
693 1238 793 1272 ante
833 1228 984 1272 lunam
1011 1263 1022 1283 ,
1068 1228 1381 1287 primogenitus
1423 1244 1475 1274 ex

83 1300 280 1344 mortuis.
311 1302 422 1344 Sane
444 1300 564 1360 quod
586 1308 650 1343 est
670 1299 714 1342 in
735 1314 875 1357 graeco
893 1319 1000 1352 γενεας
1019 1309 1130 1352 γενεῶν
1145 1334 1156 1353 ,
1178 1298 1382 1342 nonnulli
1403 1299 1474 1343 in·-

84 1369 308 1429 terpretati
327 1379 452 1424 sunt,
478 1385 568 1414 non
594 1388 614 1411 «
635 1369 941 1413 Generationes
957 1403 968 1422 ‚
997 1386 1016 1409 n
1039 1367 1114 1412 sed
1130 1404 1141 1423 ,
1171 1388 1191 1411 «
1215 1369 1473 1413 Generatio-

85 1457 106 1482 »ι
141 1441 208 1484 nis
239 1441 567 1499 generationum
590 1459 599 1484 :
627 1457 647 1480 »
669 1439 771 1499 quia
787 1461 894 1495 γενεας
922 1438 1150 1496 ambiguus
1179 1449 1243 1483 est
1275 1455 1396 1483 casus
1426 1440 1473 1483 in

82 1524 222 1568 graeco
242 1545 253 1565 ,
290 1520 333 1555 et
360 1520 511 1555 utrum
534 1509 748 1569 genitivus
770 1508 1000 1568 singularis
1021 1507 1287 1563 εἱῐᾷτῆςγενεᾶς,
1305 1509 1352 1554 id
1373 1519 1437 1555 est
1456 1545 1468 1565 7

81 1581 211 1641 hujus
243 1580 557 1639 generationi3‚
594 1595 650 1624 an
682 1579 949 1624 accusativus
983 1577 1162 1639 pluralis
1189 1587 1390 1633 τὰς-γενεάς,
1424 1579 1471 1624 id

80 1659 170 1704 est,
195 1650 270 1693 has
295 1650 616 1708 generationes,
654 1665 743 1693 non
774 1648 999 1693 evidenter
1031 1657 1235 1708 apparet,
1263 1649 1345 1692 nisi
1367 1649 1470 1709 quia

78 1720 234 1764 merito
269 1734 416 1764 sensus
439 1719 513 1763 ille
536 1719 742 1778 praelatus
780 1727 870 1772 est,
904 1727 955 1761 ut
978 1727 1187 1778 tanquam
1212 1719 1469 1778 exponendo

78 1789 186 1850 quid
205 1789 359 1833 dixerit
385 1789 536 1833 lunam
553 1824 564 1845 ‚
600 1797 771 1833 secutus
803 1787 1085 1848 adjungeret,
1112 1806 1132 1829 «
1157 1788 1468 1834 Generationes

81 1877 102 1902 »
138 1860 485 1918 generationum.
514 1877 534 1899 »

136 1933 213 1974 IX.
235 1933 321 1974 «Et
343 1928 575 1974 descendet
598 1929 709 1973 sicut
729 1928 879 1989 pluvia
902 1927 948 1972 in
965 1927 1120 1983 vellus,
1140 1937 1184 1972 et
1204 1928 1314 1973 sicut
1331 1940 1466 1988 guttae

79 2019 100 2043 »
135 2000 346 2045 stillantes
369 2016 498 2060 super
519 2010 678 2044 terram
693 2002 724 2045 3.
761 2018 781 2041 »
808 1998 1012 2044 Recoluit
1041 2009 1084 2043 et
1107 1999 1335 2044 admonuit
1354 2000 1466 2046 illud

76 2071 197 2132 quod
220 2071 385 2116 factum
408 2081 472 2115 est
493 2087 570 2130 per
587 2071 780 2131 judicem
811 2072 989 2115 Gedeon
1011 2106 1021 2124 ‚
1053 2070 1107 2114 de
1124 2072 1295 2116 Christo
1318 2071 1360 2116 id
1384 2073 1465 2117 ha-

76 2142 180 2186 bere
210 2143 357 2185 finem.
395 2142 524 2185 Petiit
557 2142 721 2202 quippe
751 2141 824 2185 ille
853 2141 1025 2200 signum
1054 2157 1077 2184 a
1100 2142 1285 2186 Domino
1305 2177 1316 2197 ‚
1350 2151 1398 2187 ut
1417 2144 1463 2187 in

77 2227 173 2256 area
208 2212 398 2271 positum
431 2210 573 2255 solum
602 2210 742 2256 vellus
770 2211 1095 2271 complueretur
1112 2246 1123 2266 ,
1158 2221 1201 2255 et
1222 2212 1332 2256 sicca
1354 2223 1464 2257 esset

76 2296 173 2326 area
187 2283 232 2338 43
255 2290 298 2325 et
319 2296 488 2325 rursum
508 2281 644 2325 solum
670 2280 807 2325 vellus
830 2282 993 2325 siccum
1010 2291 1120 2326 esset
1137 2317 1147 2336 ,
1174 2291 1217 2326 et
1239 2282 1463 2342 complue-

75 2361 195 2396 retur
216 2367 334 2405 area,
361 2360 403 2395 et
423 2351 482 2395 ita
502 2352 667 2396 factum
691 2361 766 2395 est.
795 2350 924 2404 Quod
946 2351 1227 2410 significavit,
1252 2361 1459 2412 tanquam

76 2422 121 2465 in
143 2437 240 2465 area
260 2421 305 2465 in
331 2431 422 2466 toto
445 2423 548 2466 orbe
579 2432 791 2466 terrarum
813 2457 823 2477 ‚
852 2422 1012 2466 siccum
1035 2421 1172 2465 vellus
1199 2422 1324 2465 fuisse
1344 2424 1460 2481 prio-

125 2525 131 2543 ¹
164 2520 261 2550 Marc.
299 2529 364 2560 xvi,
400 2530 514 2560 19.-
551 2527 563 2541 ²
586 2522 676 2551 Rom.
714 2530 754 2558 vi,
787 2530 819 2560 ς).
859 2535 894 2540 -
936 2517 948 2540 3
972 2518 1050 2550 Psal.
1072 2529 1155 2559 Lxxl,
1191 2519 1223 2550 6.
1256 2517 1330 2548 ——4
1351 2519 1455 2551 Judic.

75 2584 132 2614 vi,
169 2573 254 2605 3601
273 2584 361 2616 seqq.
