1889 3285
410 207 494 247 354
840 218 874 245 s.
909 218 996 245 Aue
1004 219 1142 246 usum
1173 219 1355 246 EPISCOPI

410 303 429 327 »
464 283 570 328 meis
585 282 767 338 fecistis,
804 282 910 327 mihi
933 281 1132 327 fecistis1.
1156 301 1176 326 »
1205 286 1317 330 Nota
1336 291 1400 326 est
1429 297 1533 341 ergo
1548 297 1632 329 vox
1656 282 1788 342 hujus

402 353 611 408 hominis,
642 353 776 397 totius
801 353 1011 407 hominis,
1048 353 1199 412 capitis
1225 362 1268 397 et
1291 352 1482 412 corporis
1513 371 1524 399 τ
1559 367 1650 401 non.
1674 367 1789 411 saepe
1824 406 1827 407 ⁷

401 423 747 468 commendanda
761 459 771 479 ‚
787 425 889 484 quia
910 432 1028 468 nota.
1065 442 1085 465 «
1101 422 1454 477 Confundantur‚
1482 422 1641 482 inquit,
1663 431 1790 467 etre-

400 502 657 548 vereantur‚
677 494 753 553 qui
775 502 980 554 quaerunt
997 494 1184 537 animam
1210 508 1364 537 meam.
1394 512 1414 534 »
1437 496 1489 539 In
1511 491 1594 539 alio
1616 491 1789 539 Psalmo

399 562 506 607 dicit
530 582 540 609 ε
569 582 590 606 (ι
613 563 953 608 Considerabam
973 563 1020 607 in
1047 563 1291 618 dexteram,
1317 572 1362 608 et
1380 562 1606 618 videbam,
1631 571 1677 610 et
1695 578 1786 609 non

399 652 423 675 »
455 643 547 679 erat
558 634 634 694 qui
647 643 925 692 cognosceret
939 649 1006 678 me
1027 653 1036 678 :
1061 634 1190 694 periit
1210 633 1315 692 fuga
1332 649 1355 677 a
1376 648 1460 689 me,
1473 642 1614 679 etnon
1631 641 1694 678 est
1707 632 1786 693 qui

401 721 421 745 »
457 705 654 764 exquirat
679 705 867 748 animam
895 706 1079 748 meam2.
1108 723 1128 746 »
1160 704 1302 749 Ibide
1326 702 1677 763 persecutoribus
1696 702 1785 758 ait,
1832 708 1835 711 “

400 774 503 833 quia
527 790 618 818 non
648 783 740 818 erat
770 775 845 835 qui
876 775 1121 835 exquireret
1149 774 1338 820 animam
1359 775 1450 833 ejus
1474 792 1483 819 ε
1515 773 1586 818 hic
1615 781 1805 828 autems

403 863 424 886 «
458 843 816 900 confundantur,
845 854 889 889 et
920 850 1220 901 revereantur,
1251 846 1328 905 qui
1360 853 1565 905 quaerunt
1597 843 1789 890 animam
1831 840 1862 856 '⁷

402 933 422 956 »
459 930 614 959 meam.
637 933 658 956 »
674 915 861 960 nolebat
877 932 922 960 se
936 932 1025 961 non
1046 917 1184 977 quaeri
1201 915 1255 960 ad
1272 915 1537 961 imitandum
1559 933 1568 959 2
1587 914 1790 974 gemebat

398 1000 442 1029 sc
461 986 598 1046 quaeri
631 986 688 1030 ad
718 987 1071 1046 opprimendum.
1107 987 1275 1041 Quaeris
1303 987 1493 1031 animam
1519 986 1651 1046 justi,
1685 1000 1788 1030 cum

397 1055 558 1100 imitari
579 1056 742 1115 cogitas
768 1076 776 1101 :
802 1057 960 1117 quaeris
982 1058 1172 1101 animam
1195 1057 1323 1117 justi,
1364 1072 1466 1101 cum
1492 1056 1689 1101 occidere
1712 1071 1788 1100 co-

398 1128 520 1186 gitas.
551 1146 570 1169 (ε
592 1129 810 1180 Quoniam
835 1128 1007 1173 duobus
1030 1129 1168 1174 modis
1190 1129 1402 1189 quaeritur
1429 1129 1571 1172 anima
1597 1126 1787 1172 hominis

393 1198 498 1257 justi
515 1232 525 1252 ,
546 1198 705 1255 singuli
721 1199 767 1242 in
786 1199 965 1258 singulis
989 1199 1166 1244 Psalmis
1188 1199 1372 1258 expressi
1389 1207 1506 1242 sunt.
1530 1197 1624 1242 Illic
1639 1196 1782 1252 dolet,

397 1269 498 1329 quia
515 1285 605 1313 non
622 1279 685 1313 est
705 1271 782 1330 qui
796 1271 988 1330 requirat
1010 1271 1199 1314 animam
1221 1272 1313 1330 ejus
1336 1269 1391 1314 ad
1404 1268 1668 1313 imitandum
1684 1283 1785 1328 pas·-

397 1339 538 1390 siones
555 1341 646 1399 ejus
673 1359 681 1385 :
709 1340 780 1384 hic
803 1350 948 1384 autem
965 1376 975 1396 ‚
1001 1359 1018 1381 κ
1043 1339 1384 1385 Confundantur
1409 1348 1452 1383 et
1482 1347 1783 1395 revereantur,

400 1429 420 1454 »
456 1411 532 1470 qui
555 1421 762 1471 quaerunt
791 1412 976 1456 animam
1001 1426 1158 1455 meam.
1183 1430 1202 1453 »
1225 1416 1437 1464 Quaerunt
1455 1410 1646 1453 animam
1667 1410 1783 1469 ejus,

396 1496 487 1524 non
508 1490 557 1524 ut
591 1481 697 1525 duas
730 1482 937 1525 habeant.
960 1485 1059 1527 Non
1090 1482 1208 1525 enim
1231 1482 1291 1525 sic
1312 1480 1568 1542 quaerebant
1596 1480 1785 1524 animam

397 1554 488 1611 ejus
503 1586 513 1606 ‚
538 1551 762 1611 quomodo
777 1552 936 1611 quserit
955 1552 1068 1596 latro
1090 1554 1283 1596 tunicam
1303 1551 1478 1595 viatoris
1501 1571 1511 1595 ι
1537 1551 1592 1595 ad
1612 1551 1697 1594 hoc
1718 1565 1786 1594 oc·

399 1621 526 1676 cidit⁷
547 1632 597 1666 ut
613 1622 802 1681 expoliet
819 1657 829 1677 ,
863 1631 914 1665 ut
935 1622 1113 1666 habeat.
1143 1622 1229 1672 Qui
1259 1630 1406 1665 autem
1427 1621 1705 1681 persequitur
1737 1629 1788 1664 ut

398 1693 588 1745 occidat,
618 1693 811 1737 excludit
850 1693 1067 1747 animam,
1098 1708 1187 1736 non
1225 1707 1270 1736 se
1301 1692 1444 1736 vestit.
1483 1694 1697 1745 Quaerunt
1723 1690 1788 1734 illi

399 1763 587 1806 animam
615 1778 779 1819 meam3
812 1761 1008 1807 occidere
1039 1778 1108 1806 me
1136 1762 1308 1806 volunt.
1345 1762 1461 1814 Quid
1491 1776 1592 1819 ergo
1624 1770 1675 1804 tu
1702 1759 1787 1805 illis

399 1835 550 1892 optas?
577 1851 597 1874 a
612 1832 975 1887 contundantur,
994 1841 1037 1876 et
1061 1842 1355 1876 revereantur.
1374 1850 1395 1873 »
1416 1835 1473 1876 Et
1494 1831 1649 1876 ubiest
1666 1831 1788 1891 quod

400 1903 558 1948 audisti
580 1919 603 1946 a
626 1904 811 1947 Domino
839 1914 937 1946 tuo:
969 1922 988 1944 «
1022 1902 1195 1961 Diligite
1218 1903 1416 1946 inimicos
1434 1912 1618 1957 vestros,
1650 1902 1787 1946 bene-

404 1993 424 2016 »
459 1974 586 2018 facite
609 1975 674 2018 his
697 1974 773 2033 qui
795 1973 983 2017 oderunt
1002 1989 1100 2028 vos,
1129 1982 1171 2017 et
1200 1983 1319 2017 orate
1349 1989 1430 2033 pro
1451 1973 1517 2017 his
1545 1973 1620 2033 qui
1639 1987 1786 2032 perse-

402 2063 424 2086 »
455 2061 578 2105 quun
586 2056 652 2088 tur
667 2047 796 2089 vos3?
814 2066 830 2085 »
846 2048 957 2088 Ecce
970 2044 1312 2103 persecutionem
1327 2045 1499 2103 pateris⁷
1514 2053 1557 2088 et
1569 2043 1787 2087 maledicis
1851 2074 1856 2085 ,Δ

401 2117 460 2160 eis
486 2132 508 2160 a
526 2117 688 2176 quibus
710 2116 866 2175 pateris
894 2135 902 2159 :
933 2115 1155 2175 quomodo
1185 2115 1363 2158 imitaris
1386 2114 1603 2174 passiones
1624 2130 1789 2174 praece-

401 2186 552 2231 dentes
567 2187 738 2231 Domini
754 2186 833 2240 tui‚
850 2185 1079 2245 pendentis
1095 2185 1139 2228 in
1152 2201 1296 2239 cruce,
1317 2194 1360 2229 et
1375 2185 1556 2229 dicentis
1575 2204 1584 2229 ε
1607 2204 1623 2225 «
1642 2188 1783 2239 Pater,

407 2278 424 2299 »
459 2258 633 2316 ignosce
652 2256 757 2311 illis,
779 2257 880 2316 quia
900 2256 1098 2300 nesciunt
1120 2256 1227 2314 quid
1249 2255 1415 2299 faciunt
1429 2257 1475 2299 4?
1496 2275 1513 2296 »
1535 2254 1788 2314 Respondet

402 2326 505 2371 talia
527 2327 773 2371 dicentibus
796 2329 962 2383 Martyr
978 2361 988 2381 ‚
1003 2334 1045 2369 et
1070 2325 1175 2369 dicit
1201 2345 1211 2368 :
1243 2325 1478 2369 Dominum
1495 2325 1602 2369 mihi
1623 2340 1787 2384 propo.-
1828 2374 1831 2377 χ
1885 2334 1889 2339 ’

404 2398 524 2442 suisti
547 2397 764 2441 dicentem
787 2415 795 2441 :
818 2415 838 2438 «
864 2400 1005 2451 Pater,
1024 2396 1200 2454 ignosce
1220 2394 1318 2450 illis,
1345 2395 1446 2456 quia
1459 2395 1660 2440 nesciunt
1679 2395 1787 2455 quid

456 2502 463 2517 ¹
495 2493 607 2526 Matth.
645 2504 729 2533 xxv,
763 2491 816 2534 [go.
852 2508 893 2514 -—-
917 2499 933 2516 2-
958 2491 1038 2523 Psal.
1067 2502 1160 2533 exn,
1186 2491 1216 2522 5.
1240 2508 1281 2516 -ψ
1305 2490 1318 2514 3
1336 2491 1451 2523 Matth.
1477 2503 1518 2532 v,
1538 2490 1592 2533 44.
1615 2507 1658 2514 -·-
1675 2489 1691 2515 4
1708 2492 1784 2522 Luc.

408 2561 492 2591 xxm,
515 2548 566 2590 33..
1734 2561 1738 2563 s
