1889 3285
399 251 481 288 200
829 258 863 287 s.
899 261 1128 290 Ausus-nm
1161 261 1340 288 EPISCOPI

395 326 575 384 majores
606 334 747 379 erant,
782 333 826 369 et
853 341 963 384 puer
997 326 1074 385 qui
1107 324 1228 385 loqui
1260 325 1452 370 discebat
1481 324 1624 369 infans
1659 334 1774 381 erat,

396 394 514 438 unde
533 403 704 453 poterat
731 394 935 454 parvulus
959 395 1040 438 nisi
1056 396 1268 454 majorum
1292 395 1592 439 auctoritatem
1624 395 1774 455 sequi,

395 473 438 507 et
455 463 500 508 id
532 465 565 507 si
595 464 759 508 bonum
783 466 941 508 ducere
964 464 1084 524 quod
1111 463 1174 507 illi
1203 463 1459 509 laudarent?
1488 467 1604 522 Ergo
1632 473 1779 521 gentes

394 549 614 578 conversae
635 533 690 578 ad
715 535 936 579 Christum
966 544 1136 593 postca,
1167 543 1210 577 et
1239 534 1515 578 recordantes
1538 533 1779 592 impietates

393 612 623 663 parentum
646 619 848 659 suorum,
875 613 918 648 et
952 603 1144 648 dicentes
1169 605 1261 664 jam
1282 603 1403 664 quod
1435 602 1543 646 dixit
1567 604 1780 662 propheta

392 674 482 733 ipse
497 675 521 717 J
525 674 701 718 eremias
725 694 732 718 :
753 693 773 716 «
798 676 910 717 Vere
927 672 1203 718 mendacium
1217 673 1448 718 coluerunt
1460 681 1602 732 patres
1615 672 1750 717 nostri
1765 693 1777 731 ς

395 763 416 786 »
438 745 673 790 vanitatem
690 760 789 804 quae
815 745 873 788 eis
897 760 987 788 non
1012 744 1201 804 profuit¹
1228 763 1238 789 ε
1272 762 1294 785 »
1323 759 1425 788 cum
1452 758 1553 801 ergo
1576 744 1667 803 jam
1695 743 1781 788 hoc

393 816 567 870 dicunt,
599 814 853 859 renuntiant
888 814 1167 874 opinionibus
1204 823 1248 858 et
1285 813 1516 872 sacrilegiis
1548 822 1781 872 parentum

392 899 572 930 suorum
593 884 861 945 iniquorum.
885 884 969 930 Sed
991 885 1092 945 quia
1113 893 1163 929 ut
1184 884 1476 928 insererentur
1498 882 1657 928 talibus
1684 883 1780 943 opi-

391 955 597 1001 nionibus
614 965 657 1000 et
687 955 916 1014 sacrilegiis
930 991 941 1011 ‚
966 956 1263 1015 persuasiones
1282 955 1483 1000 fecerunt
1504 969 1653 999 eorum
1668 989 1680 1009 ,
1703 955 1781 1015 qui

392 1036 560 1087 quanto
581 1035 709 1070 aetate
731 1026 1064 1086 praecedebant,
1101 1035 1224 1071 tanto
1247 1026 1504 1070 auctoritate
1536 1025 1782 1084 praecedere

394 1097 555 1141 debere
572 1097 841 1156 putabantur
856 1118 868 1155 3
884 1098 1117 1142 confitetur
1125 1097 1216 1156 jam
1230 1096 1369 1140 redire
1385 1095 1533 1140 volens
1547 1094 1602 1139 ad
1613 1097 1636 1138 J
1641 1109 1783 1139 erusa-

392 1168 479 1211 lem
501 1166 556 1210 de
578 1166 839 1224 Babylonia,
865 1176 908 1211 et
930 1168 1059 1212 dicit:
1085 1187 1105 1210 «
1138 1170 1364 1212 Sermones
1391 1165 1642 1226 iniquorum
1668 1180 1782 1224 prae-

398 1256 419 1278 »
439 1236 674 1281 valuerunt
696 1236 900 1281 adversus
921 1253 1014 1283 nos.
1039 1256 1058 1279 »
1076 1241 1302 1282 Duxerunt
1319 1253 1397 1281 nos
1418 1236 1531 1281 mala
1549 1235 1779 1295 docentes,

393 1307 507 1352 cives
526 1305 779 1364 Babyloniae
795 1322 873 1351 nos
890 1307 1110 1364 fecerunt3
1132 1306 1372 1351 dimisimus
1389 1309 1638 1352 Creatorem
1653 1342 1665 1362 ‚
1682 1307 1784 1352 ado·

393 1377 582 1421 ravimus
604 1385 876 1435 creaturam3
904 1376 1146 1421 dimisimus
1178 1392 1279 1421 eum
1304 1393 1327 1421 a
1358 1393 1447 1438 quo
1476 1376 1580 1422 facti
1606 1392 1780 1432 sumus,

394 1447 669 1493 adoravimus
687 1447 808 1507 quod
828 1447 909 1507 ipsi
931 1446 1127 1492 fecimus.
1157 1467 1178 1491 «
1213 1451 1439 1493 Sermones
1467 1447 1583 1492 enim
1606 1448 1783 1508 iniquo-

397 1536 417 1559 »
439 1533 535 1562 rum
552 1517 876 1577 praevaluerunt
897 1533 1026 1577 super
1038 1533 1116 1562 nos
1142 1537 1151 1563 :
1180 1536 1200 1559 »
1225 1517 1300 1563 sed
1322 1528 1468 1563 tamen
1490 1534 1581 1562 non
1602 1533 1785 1578 oppres-

394 1597 545 1634 serunt
561 1604 654 1633 nos.
679 1589 847 1641 Quare?
872 1606 892 1629 «
908 1589 1156 1647 Impietates
1173 1597 1339 1632 nostras
1350 1597 1400 1632 tu
1422 1587 1739 1647 propitiaberis.
1759 1605 1780 1629 »

394 1657 601 1704 Intendat
617 1659 812 1703 Charitas
832 1661 998 1701 Vestra.
1029 1677 1049 1699 «
1076 1657 1382 1717 Propitiaberis
1411 1657 1652 1716 impietates
1678 1672 1784 1702 nos·

395 1747 418 1772 )›
447 1738 545 1783 tras,
564 1748 584 1770 »
605 1744 694 1773 non
711 1727 869 1772 dicitur
880 1727 960 1771 nisi
973 1727 1145 1771 cuidam
1156 1727 1369 1772 sacerdoti
1381 1727 1582 1771 offerenti
1599 1727 1779 1788 aliquid,

394 1798 513 1843 unde
533 1799 731 1858 impietas
749 1797 946 1857 expietur
963 1806 1005 1841 et
1024 1797 1297 1857 propitietur.
1316 1797 1519 1857 Impietas
1542 1797 1659 1840 enim
1677 1806 1782 1842 tunc

396 1869 555 1913 dicitur
576 1868 825 1928 propitiari,
855 1883 954 1912 cum
977 1868 1189 1927 propitius
1202 1868 1251 1911 fit
1276 1871 1390 1912 Deus
1417 1867 1646 1927 impietati.
1669 1867 1786 1921 Quid

396 1948 460 1984 est
479 1974 490 1994 ‚
515 1939 608 1983 fieri
629 1941 767 1982 Deum
786 1937 996 1997 impietati
1017 1938 1281 1997 propitium?
1296 1937 1341 1981 id
1357 1946 1422 1982 est
1436 1972 1447 1992 ‚
1469 1938 1783 1996 ignoscentem,

395 2019 440 2054 et
460 2009 632 2054 veniam
655 2008 847 2052 dantem.
876 2008 961 2052 Sed
982 2017 1032 2051 ut
1060 2009 1136 2052 Dei
1164 2008 1288 2051 venia
1315 2007 1599 2067 impetretur,
1634 2007 1786 2067 propi-

397 2081 519 2125 tiatio
534 2081 584 2124 fit
594 2095 672 2139 per
683 2078 863 2140 aliquod
882 2078 1155 2123 sacrificium.
1172 2077 1327 2122 Extitit
1344 2093 1444 2136 ergo
1456 2093 1479 2122 a
1494 2081 1586 2122 Deo
1598 2079 1786 2124 Domino

396 2153 549 2196 missus
572 2150 750 2211 quidam
778 2149 976 2194 sacerdos
1010 2158 1183 2206 noster3
1209 2149 1438 2207 assumpsit
1465 2165 1489 2192 a
1519 2148 1644 2193 nobis
1666 2148 1787 2209 quod

399 2222 575 2267 offerret
601 2222 816 2276 Domino,
856 2221 966 2279 ipsas
1000 2219 1182 2263 diximus
1213 2228 1379 2263 sanctas
1413 2219 1624 2278 primitias
1648 2219 1786 2263 carnis

399 2308 451 2337 ex
472 2301 596 2336 utero
619 2291 821 2350 Virginis.
839 2293 931 2335 Hoc
952 2290 1257 2334 holocaustum
1269 2289 1431 2333 obtulit
1448 2292 1537 2333 Deo
1560 2308 1568 2333 :
1594 2289 1786 2333 extendit

399 2377 554 2408 manus
577 2362 622 2405 in
644 2377 793 2416 cruce,
814 2371 863 2405 ut
885 2360 1047 2405 diceret
1075 2379 1083 2405 :
1112 2379 1133 2402 «
1157 2360 1373 2417 Dirigatur
1394 2360 1531 2404 oratio
1554 2375 1649 2404 mea
1672 2360 1786 2422 *sicut

400 2453 421 2475 »
443 2435 669 2478 incensum
695 2433 739 2476 in
762 2441 997 2492 conspectu
1020 2442 1096 2476 tuo
1115 2467 1126 2487 ,
1151 2431 1333 2475 elevatio
1358 2446 1566 2475 manuum
1589 2445 1785 2474 mearum

402 2523 422 2544 »
444 2504 700 2548 sacrificium
727 2504 1021 2563 vespertinum
1034 2506 1066 2546 ².
1095 2521 1115 2543 »
1144 2502 1263 2547 Sicut
1283 2501 1416 2546 nostis
1433 2537 1443 2556 ‚
1457 2502 1559 2561 quia
1576 2502 1784 2546 Dominus

449 2595 457 2610 ¹
480 2590 597 2620 Jerem.
619 2598 685 2619 xvi.
709 2599 757 2628 ¹9·
780 2603 819 2610 —-·
841 2594 852 2608 ⁷
873 2587 952 2618 real.
973 2597 1042 2625 cxi,
1066 2597 1094 2617 2.
