1889 3285
417 258 658 288 iwannum
689 262 734 288 IN
768 260 968 291 PsALMUM
1001 263 1107 290 Lx11.
1363 253 1444 292 157

66 333 152 379 tur,
165 324 267 384 quia
285 324 407 385 quasi
422 334 667 384 putrescere
688 335 882 372 mortuos
900 326 1069 382 videtis,
1089 335 1133 371 et
1143 326 1206 370 ire
1218 328 1265 371 in
1281 329 1447 374 cineres

64 403 108 438 et
127 394 173 438 in
188 393 428 454 pulverem.
459 398 543 440 Aut
564 396 598 439 si
617 396 876 442 incendatur
898 397 1051 457 aliquis
1075 406 1288 453 mortuus,
1313 408 1389 444 aut
1410 400 1444 444 si

63 479 190 509 canes
211 464 422 510 dilanient
442 480 540 509 eum
553 500 564 521 ,
585 466 745 525 putatis
767 468 868 528 quia
891 467 993 511 inde
1014 482 1104 512 non
1126 467 1207 512 erit
1224 483 1444 514 resurrec-

63 536 216 578 turus?
243 534 529 595 OmniaPKquae
557 535 864 596 discerpuntur
893 547 937 582 et
967 537 1013 581 in
1041 536 1208 582 favillas
1236 538 1446 599 quasdam

61 613 333 664 putrescunt,
350 605 516 663 integra
529 609 619 651 Deo
634 616 750 651 sunt.
768 611 820 652 In
836 607 911 652 illa
927 608 1043 652 enim
1061 607 1274 653 elementa
1282 609 1446 654 ‘mundi

61 685 190 731 eunt,
216 675 334 720 unde
364 676 506 736 primo
527 688 769 734 venerunt,
804 678 981 740 quando
1014 678 1118 724 facti
1147 695 1296 724 sumus
1321 699 1330 725 ε
1356 697 1447 725 non

59 744 132 790 illa
153 745 350 790 videmus
366 767 378 802 3
396 746 472 790 sed
489 756 634 791 tamen
647 751 761 793 Deus
774 749 893 793 unde
905 749 984 793 scit
1004 748 1217 809 producet
1237 749 1328 803 illa,
1343 750 1445 810 quia

59 825 102 860 et
129 825 365 876 antequam
389 831 604 872 essemus,
635 817 754 862 unde
784 819 946 863 sciebat
978 834 1056 864 nos
1079 819 1298 879 produxit.
1332 819 1445 865 Talis

57 901 159 945 ergo
180 885 437 931 resurrectio
459 886 598 931 carnis
619 887 745 932 nobis
765 889 1048 948 promittitur,
1071 899 1121 934 ut
1140 889 1334 950 quamvis
1351 889 1444 950 ipsa

58 957 112 1001 sit
132 972 231 1001 caro
254 971 387 1017 quam
408 956 539 1001 modo
557 966 778 1016 portamus
793 993 804 1014 ,
822 975 921 1019 quae
943 969 1238 1004 resurrectura
1259 968 1323 1003 est
1338 994 1348 1014 ,
1376 968 1444 1004 ta-

56 1043 158 1071 men
178 1043 268 1073 non
288 1027 449 1072 habeat
472 1028 795 1087 corruptionem
822 1044 955 1089 quam
976 1029 1108 1073 modo
1132 1029 1281 1073 habet.
1309 1029 1443 1074 Modo

57 1099 173 1143 enim
212 1114 263 1143 ex
294 1099 572 1159 corruptione
604 1098 874 1158 fragilitatis,
911 1100 944 1143 si
975 1116 1066 1144 non
1098 1100 1440 1157 manducemus,

56 1167 281 1214 deficimus
304 1179 348 1214 et
368 1170 600 1228 esurimus3
622 1169 656 1213 si
677 1185 767 1214 non
788 1169 1011 1225 bibamus,
1037 1169 1264 1215 deficimus
1289 1180 1333 1215 et
1349 1171 1444 1216 siti-

53 1254 176 1297 mus,
199 1239 233 1283 si
265 1238 343 1283 diu
374 1239 622 1297 vigilemus,
662 1239 889 1284 deficimus
922 1250 966 1285 et
997 1239 1266 1299 dormimus,
1300 1242 1334 1285 si
1364 1241 1441 1286 diu

55 1309 320 1354 dormiamus
334 1344 345 1365 ,
371 1308 619 1364 deficimus,
643 1309 741 1354 ideo
763 1310 1015 1369 vigilamus,
1045 1311 1079 1355 si
1101 1310 1177 1355 diu
1199 1311 1440 1356 manduce-

54 1393 150 1422 mus
167 1387 211 1422 et
232 1378 434 1421 bibamus
448 1411 459 1432 ,
480 1380 677 1437 quamvis
699 1389 877 1436 propter
901 1379 1181 1424 refectionem
1198 1380 1439 1426 manduce-

53 1464 149 1493 mus
171 1457 215 1492 et
242 1448 442 1492 bibamus
459 1482 471 1502 ,
507 1447 597 1506 ipsa
630 1447 838 1491 diuturna
860 1446 1038 1493 refectio
1067 1449 1255 1495 defectio
1284 1460 1375 1509 est,
1406 1452 1441 1496 si

55 1517 131 1563 diu
151 1527 308 1563 stemus
321 1553 332 1573 ,
353 1516 601 1576 fatigamur,
619 1516 717 1560 ideo
734 1516 955 1576 sedemus,
975 1527 1019 1562 et
1039 1519 1073 1562 si
1090 1519 1167 1563 diu
1188 1520 1436 1578 sedeamus,

54 1597 96 1633 et
125 1589 187 1632 ibi
216 1588 465 1647 fatigamur,
496 1596 540 1630 et
572 1585 671 1631 ideo
705 1587 933 1645 surgimus.
965 1588 1131 1632 Deinde
1163 1589 1308 1634 videte
1336 1592 1439 1651 quia

53 1658 200 1703 nullus
227 1667 290 1702 est
313 1659 450 1703 carnis
471 1666 630 1701 nostrae
652 1665 812 1701 status:
848 1657 1056 1717 quoniam
1086 1658 1269 1703 infantia
1293 1661 1440 1706 avolat

52 1730 98 1774 in
120 1730 350 1790 pueritiam
368 1763 380 1785 ,
415 1738 459 1773 et
486 1729 643 1789 quaeris
665 1727 893 1772 infantiam
910 1763 920 1783 ,
949 1737 992 1773 et
1014 1745 1104 1773 non
1126 1739 1189 1774 est
1221 1731 1403 1776 infantia
1423 1767 1435 1788 ,

53 1802 153 1862 quia
170 1802 261 1861 jam
282 1816 361 1860 pro
382 1799 565 1844 infantia
590 1799 777 1859 pueritia
798 1808 861 1843 est
882 1819 891 1844 ς
915 1799 1075 1843 iterum
1097 1809 1140 1844 et
1161 1800 1252 1860 ipsa
1284 1803 1439 1860 migrat

52 1872 98 1916 in
121 1870 476 1924 adolescentiam,
501 1869 660 1930 quaeris
680 1869 913 1928 pueritiam
934 1879 977 1913 ct
997 1885 1087 1914 non
1109 1870 1274 1915 invenis
1296 1886 1305 1912 :
1331 1871 1438 1917 ado·

52 1941 216 1987 lescens
238 1943 288 1986 fit
301 1940 472 2001 juvenis
488 1975 499 1996 ,
519 1939 677 2000 quaeris
701 1939 1041 1996 adolescentem,
1068 1949 1111 1985 et
1133 1957 1222 1986 non
1244 1951 1308 1986 est
1336 1962 1343 1987 :
1364 1944 1437 2003 ju-

52 2014 171 2059 venis
191 2014 241 2057 fit
262 2028 411 2067 senex,
437 2011 593 2071 quaeris
609 2011 838 2070 juvenem,
859 2019 902 2055 et
918 2026 1008 2055 non
1028 2011 1193 2056 invenis
1211 2030 1220 2056 ε
1245 2021 1287 2056 et
1309 2029 1438 2058 senex

53 2084 250 2138 moritur,
288 2081 444 2143 quaeris
478 2096 646 2135 senem,
683 2089 727 2124 et
753 2095 843 2125 non
870 2080 1052 2125 invenis.
1088 2083 1186 2126 Non
1218 2091 1302 2127 stat
1334 2099 1437 2143 ergo

54 2163 155 2199 aetas
189 2161 335 2198 nostra
364 2172 373 2197 :
411 2152 577 2212 ubique
615 2149 811 2210 fatigatio
850 2160 939 2206 est,
987 2152 1152 2212 ubique
1196 2153 1405 2200 lassitudo
1423 2190 1434 2211 ,

54 2224 217 2285 ubique
245 2223 480 2283 corruptio.
522 2220 807 2266 Attendentes
839 2221 1014 2282 qualem
1047 2223 1174 2267 nobis
1212 2240 1332 2284 spem
1366 2241 1438 2270 re-

55 2294 329 2340 surrectionis
363 2293 589 2353 promittat
622 2296 763 2349 Deus,
793 2292 839 2336 in
866 2293 956 2337 istis
985 2294 1188 2338 omnibus
1223 2295 1437 2356 multipli-

58 2366 179 2412 cibus
217 2365 271 2411 de
312 2364 574 2410 sectionibus
607 2365 761 2408 nostris
793 2364 959 2408 sitimus
988 2364 1107 2409 illam
1144 2365 1439 2427 incorruptio·-

58 2453 158 2482 nem
186 2457 195 2482 2
225 2446 269 2481 et
296 2436 355 2480 sic
381 2451 480 2480 caro
512 2443 659 2480 nostra
686 2434 984 2494 multipliciter
1017 2436 1104 2480 sitit
1135 2439 1240 2482 Deo.
1277 2441 1328 2482 In
1360 2439 1439 2484 ista

60 2507 277 2563 Idumaea,
312 2506 356 2549 in
394 2506 474 2550 isto
511 2505 708 2560 deserto,
742 2520 874 2565 quam
905 2505 1204 2565 multipliciter
1239 2506 1436 2563 laborat,

58 2585 146 2622 tam
186 2576 485 2637 multipliciter
525 2576 644 2635 sitit,
691 2591 823 2635 quam
865 2575 1161 2636 multipliciter
1197 2575 1403 2636 fatigatur
1422 2612 1434 2634 ,
