1889 3285
383 239 467 277 232
802 247 836 276 s.
872 248 1103 276 Auens-,rim
1135 249 1316 276 Erxscom

383 313 494 357 catio
512 326 643 371 quam
664 312 912 372 Lexjubet,
944 311 1018 355 sed
1039 313 1333 371 praevaricatio
1363 327 1493 372 quam
1525 320 1571 356 tu
1604 310 1756 355 fecisti.

386 382 429 426 Si
450 396 550 438 ergo
567 380 805 425 abundavit
823 390 1064 440 peccatum,
1085 381 1189 441 quid
1207 381 1372 426 invides
1389 379 1763 441 superabundanti

384 452 692 510 gratiae1PN01i
705 452 951 505 amaricare,
970 452 1071 511 quia
1084 470 1103 493 «
1116 451 1459 506 Quiamaricant,
1477 467 1565 495 non
1579 449 1764 494 exalten-

386 540 406 564 »
426 532 514 567 tur.
541 541 562 564 »
582 523 712 576 Quasi
739 522 1006 567 maledixisse
1026 521 1213 578 videtur,
1235 542 1255 565 α
1286 524 1369 576 Qui
1391 522 1626 566 amaricant
1643 556 1654 575 ,
1674 536 1764 565 non

385 610 407 634 »
433 591 702 648 exaltentur,
725 593 813 637 imo
835 592 1076 636 exaltentur
1093 628 1104 648 ,
1123 591 1197 637 sed
1211 607 1300 637 non
1317 592 1419 637 inse
1434 592 1548 652 ipsis.
1569 609 1590 633 »
1612 593 1766 635 Humi-

382 662 544 708 lientur
568 664 614 707 in
648 679 692 707 se
719 664 818 722 ipsis
835 698 845 718 ,
871 662 1113 707 exaltentur
1148 664 1194 707 in
1221 664 1406 708 Christo.
1435 683 1454 705 «
1481 663 1565 716 Qui
1587 661 1703 706 enim
1721 676 1765 705 se

385 751 407 774 ³>
437 734 663 788 humiliat,
694 733 1031 791 exaltabitur3et
1049 734 1126 794 qui
1149 749 1193 778 se
1215 733 1395 789 exaltat,
1423 732 1762 777 humiliabituffl.

385 822 405 846 »
433 805 518 857 Qui
540 805 795 859 amaricant,
815 820 905 849 non
928 804 1173 849 exaltentur
1192 806 1238 848 in
1258 805 1508 863 semetipsis.
1535 821 1556 844 »

442 877 539 918 XV.
566 894 586 917 «
611 874 859 919 Benedicite
882 877 1040 919 Gentes
1068 878 1208 919 Deum
1240 884 1438 919 nostrum
1453 875 1485 917 3.
1509 891 1530 916 »
1562 875 1674 918 Ecce
1699 886 1768 915 re-

385 943 499 1004 pulsi
520 954 621 989 sunt
642 946 718 1005 qui
749 945 1012 1000 amaricant,
1039 944 1207 988 reddita
1239 953 1303 988 est
1329 943 1411 988 illis
1444 944 1553 987 ratio
1581 962 1589 986 :
1634 941 1769 1001 aliqui

384 1015 581 1059 conversi
603 1024 726 1070 sunt,
756 1015 888 1075 aliqui
909 1015 1086 1074 superbi
1109 1023 1423 1058 remanserunt.
1455 1016 1553 1058 Non
1573 1028 1650 1057 vos
1681 1020 1770 1055 ter-

384 1094 508 1128 reant
541 1085 615 1144 qui
646 1085 827 1143 gratiam
855 1085 1147 1143 evangelicam
1177 1083 1373 1128 invident
1400 1083 1611 1139 Gentibus
1644 1101 1652 1125 :
1679 1082 1769 1141 jam

382 1155 502 1199 venit
518 1170 665 1198 semen
681 1155 885 1209 Abrahae,
900 1154 946 1198 in
963 1170 1051 1214 quo
1069 1153 1388 1198 benedicuntur
1405 1167 1554 1197 omnes
1572 1151 1767 1195 Gentes4.

383 1223 633 1270 Benedicite
655 1239 756 1267 eum
777 1225 821 1268 in
840 1240 927 1284 quo
950 1223 1278 1278 benedicimini,
1304 1242 1323 1264 «
1341 1222 1589 1266 Benedicite
1612 1222 1771 1265 Gentes

386 1313 407 1336 )›
430 1297 570 1338 Deum
591 1303 787 1338 nostrum
809 1313 818 1337 2
839 1303 882 1337 et
904 1293 1050 1337 audite
1072 1308 1224 1337 vocem
1244 1291 1384 1335 laudis
1416 1293 1521 1351 ejus.
1554 1309 1574 1332 »
1606 1293 1669 1335 Ne
1695 1304 1771 1333 vos

385 1366 498 1425 ipsos
531 1363 740 1419 laudetis,
776 1363 850 1407 sed
874 1365 1016 1423 ipsum
1052 1363 1251 1407 laudetis.
1288 1367 1393 1415 Quae
1415 1371 1479 1406 est
1507 1377 1592 1406 vox
1632 1360 1772 1405 laudis

385 1437 509 1496 ejus?
540 1435 650 1488 Quia
682 1435 816 1492 gratia
849 1433 983 1493 ipsius
1016 1448 1185 1487 sumus,
1220 1431 1437 1492 quidquid
1468 1432 1573 1476 boni
1606 1446 1768 1475 sumus.

390 1526 410 1548 «
437 1505 522 1559 Qui
538 1505 684 1564 posuit
703 1504 891 1548 animam
911 1519 1052 1547 meam
1071 1504 1117 1546 in
1137 1504 1270 1547 vitam
1290 1505 1321 1545 ⁵.
1347 1521 1367 1543 )›
1393 1505 1506 1546 Ecce
1530 1517 1616 1546 vox
1635 1499 1774 1544 laudis

387 1579 509 1638 ejus.
538 1596 558 1618 «
598 1576 683 1629 Qui
713 1575 855 1635 posuit
890 1575 1077 1618 animam
1115 1588 1253 1617 meam
1285 1574 1330 1616 in
1360 1573 1555 1616 vitam.»
1582 1575 1698 1630 Eigo
1729 1572 1775 1615 in

386 1656 527 1693 morte
549 1655 673 1690 erat:
700 1645 745 1688 in
765 1654 903 1689 moite
923 1653 1013 1688 erat
1035 1645 1080 1687 in
1118 1653 1176 1687 te.
1214 1643 1323 1686 Inde
1345 1652 1408 1686 est
1429 1641 1550 1702 quod
1578 1658 1667 1686 non
1694 1641 1773 1686 de-

387 1717 540 1762 buistis
563 1715 771 1759 exaltari
762 1731 808 1758 ln
840 1715 992 1759 vobis
983 1714 1098 1773 ipsis.
1124 1716 1237 1757 Ecce
1269 1713 1314 1756 in
1346 1728 1440 1757 mol
1445 1722 1485 1756 te
1513 1721 1604 1756 erat
1626 1712 1672 1756 in
1692 1721 1770 1756 te:

388 1788 465 1832 ubi
498 1787 578 1830 erit
608 1786 654 1829 in
680 1786 768 1829 vita
785 1821 796 1836 ,
827 1785 908 1828 nisi
933 1784 979 1828 in
1002 1783 1077 1827 illo
1105 1784 1182 1843 qui
1204 1782 1310 1826 dixit
1335 1801 1344 1826 ε
1375 1802 1391 1822 «
1425 1785 1519 1841 Ego
1553 1797 1649 1826 sum
1678 1782 1770 1837 via,

391 1876 412 1900 »
434 1857 590 1901 veritas
612 1864 655 1899 et
676 1855 762 1899 vita
777 1856 825 1898 ⁶?
847 1873 866 1895 »
891 1853 1118 1907 Quomodo
1135 1852 1397 1913 quibusdam
1416 1851 1694 1896 credentibus
1715 1852 1775 1896 ait

388 1927 622 1988 Apostolus
644 1946 653 1972 :
678 1946 698 1969 «
722 1926 879 1970 Fuistis
903 1924 1138 1985 aliquando
1156 1924 1371 1979 tenebrae,
1396 1940 1514 1968 nunc
1537 1932 1682 1968 autem
1698 1923 1775 1967 lux

392 2018 413 2042 >›
439 2000 484 2043 in
506 1999 692 2045 Domino
710 2000 741 2042 7.
767 2016 787 2039 »
815 1996 1022 2041 Tenebrae
1043 2011 1146 2055 ergo
1168 1996 1213 2039 in
1234 1995 1356 2039 vobis
1371 2031 1381 2050 ,
1407 1995 1481 2039 lux
1497 1995 1542 2038 in
1559 1995 1744 2039 Domino
1762 2010 1771 2035 ε

387 2072 448 2116 sic
470 2086 584 2115 mors
605 2071 651 2114 in
667 2069 789 2114 vobis
809 2104 819 2124 ,
853 2069 942 2113 vita
963 2068 1008 2111 in
1032 2067 1231 2112 Domino.
1259 2086 1275 2107 »
1303 2067 1388 2119 Qui
1420 2066 1564 2126 posuit
1586 2066 1774 2110 animam

392 2159 413 2184 »
439 2156 579 2184 meam
602 2141 646 2184 in
667 2140 815 2184 vitam.
846 2157 866 2179 »
892 2141 1004 2182 Ecce
1024 2137 1167 2196 posuit
1200 2137 1386 2180 animam
1415 2145 1608 2180 nostram
1634 2136 1680 2180 in
1709 2136 1775 2180 vi-

377 2222 478 2268 tam
495 2247 506 2267 ,
523 2212 625 2272 quia
641 2210 856 2255 credimus
878 2209 923 2253 in
946 2224 1069 2265 eum3
1089 2208 1135 2251 in
1152 2208 1284 2252 vitam
1306 2201 1451 2266 posuit
1470 2207 1658 2250 animam
1672 2222 1774 2250 nos-

391 2291 503 2326 tram
530 2300 539 2325 :
565 2281 639 2325 sed
673 2280 780 2340 quid
814 2280 972 2323 deinde
1009 2294 1116 2337 opus
1147 2286 1234 2332 est,
1264 2277 1343 2320 nisi
1379 2285 1428 2320 ut
1456 2291 1775 2336 perseveremus

391 2366 530 2410 usque
552 2351 598 2394 in
619 2351 807 2393 finemss?
830 2352 885 2393 Et
912 2349 995 2392 hoc
1023 2347 1119 2407 quis
1147 2347 1290 2401 dabit,
1326 2346 1406 2389 nisi
1430 2345 1484 2389 de
1506 2361 1593 2406 quo
1623 2360 1774 2390 conse-

392 2429 576 2481 quenter
589 2419 756 2463 dictum
769 2428 832 2462 est
854 2438 892 2463 z«
906 2421 1061 2462 Etnon
1079 2416 1199 2461 dedit
1216 2417 1260 2459 in
1275 2425 1441 2459 motum
1458 2415 1587 2476 pedes
1604 2417 1770 2459 meos?»

443 2524 452 2540 ¹
474 2520 562 2549 Rom.
580 2527 612 2557 v,
638 2525 692 2548 20.
709 2533 751 2538 --
770 2522 782 2537 2
801 2514 914 2555 matth,
937 2526 1036 2555 xxiii,
1059 2522 1110 2545 12.
1131 2531 1172 2536 —
1197 2512 1208 2535 3
1228 2513 1307 2545 Psal.
1328 2524 1400 2554 va,
1420 2513 1451 2544 8.
1476 2529 1514 2534 —
1532 2510 1546 2540 4
1566 2514 1644 2544 Gen.
1661 2522 1720 2552 xn,
1739 2511 1772 2543 3.

396 2591 436 2596 --
455 2572 469 2595 5
488 2573 660 2613 Psal.1.xv‚
679 2584 711 2614 9.
732 2589 771 2594 --
786 2569 800 2593 ⁶
821 2573 912 2603 Joan.
940 2582 1006 2608 xiv,
1027 2569 1058 2601 6.
1077 2587 1117 2591 —
1144 2569 1286 2611 TEpth.
1308 2581 1340 2609 v,
1362 2569 1393 2600 8.
1417 2585 1455 2590 --
1471 2567 1486 2589 3
1503 2567 1615 2601 Matth.
1637 2578 1668 2607 x,
1687 2575 1740 2598 ¹29..
