1889 3285
389 217 474 258 410
828 225 863 254 s.
887 225 1120 256 Aucus‘rmr
1143 230 1326 257 Enscom

385 310 534 354 super,
571 308 670 338 caro
704 293 759 337 de
788 302 927 351 terra,
961 293 1192 352 significari
1218 293 1392 338 videtur
1423 308 1502 353 per
1523 293 1776 354 psalterium

385 366 574 424 spiritus,
593 379 669 423 per
690 363 901 408 citharam
918 379 1032 408 caro.
1054 366 1110 407 Et
1128 364 1231 424 quia
1245 363 1352 408 duas
1366 363 1532 408 dixerat
1551 363 1776 409 reductio-

383 450 458 479 nes
481 443 646 479 nostras
663 433 718 477 ab
741 434 904 492 abyssis
927 444 1069 489 terrae,
1095 450 1228 478 unam
1247 434 1488 478 secundum
1509 434 1710 494 spiritum
1729 434 1776 478 in

384 521 480 566 spe,
513 505 693 549 alteram
726 504 970 550 secundum
1002 520 1158 565 corpus
1191 506 1237 549 in
1272 520 1342 561 re,
1374 506 1477 550 audi
1519 521 1589 549 eas
1631 504 1772 550 duas:

388 596 409 619 «
443 577 617 621 Etenim
639 591 719 634 ego
753 576 997 620 confitebor
1020 575 1101 619 tibi
1132 576 1179 619 in
1203 575 1314 620 vasis
1351 575 1510 620 Psalmi
1549 575 1776 620 veritatem

388 668 406 690 »
442 657 579 692 tuam.
617 667 634 689 »
669 650 762 692 Hoc
790 646 1031 691 secundum
1061 636 1260 707 spiritum
1293 666 1303 692 :
1336 646 1444 708 quid
1475 648 1530 692 de
1567 648 1776 707 corpore?

389 737 409 760 ι(
443 717 629 762 Psallam
653 717 734 761 tibi
755 717 800 761 in
817 717 997 772 cithara,
1018 727 1192 762 sanctus
1216 718 1371 762 Israel.
1399 735 1420 759 »

441 791 544 832 XII.
582 791 748 832 Iterum
783 788 867 831 hoc
899 787 1024 843 audi,
1055 797 1234 848 propter
1265 789 1407 848 ipsum
1434 806 1455 830 «
1484 790 1694 832 Iterum»
1733 795 1778 831 et

389 876 408 899 «
445 862 626 902 Iterum.
667 857 945 902 Exultabunt
977 858 1096 903 labia
1132 874 1251 915 mea,
1277 874 1378 903 cum
1399 857 1581 918 psallam
1602 858 1728 902 tibi1.
1752 876 1772 898 n

386 929 496 982 Quia
517 928 635 973 labia
656 928 798 973 solent
834 929 920 973 dici
946 938 990 973 et
1011 929 1229 974 interioris
1255 929 1445 974 hominis
1466 937 1510 973 et
1531 929 1774 983 exterioris,

384 1000 599 1044 incertum
624 1009 687 1044 est
709 999 933 1060 quomodo
955 1001 1094 1060 posita
1127 1001 1212 1045 sint
1238 1000 1354 1045 labia
1379 1020 1388 1045 :
1415 1000 1612 1060 sequitur
1639 1014 1743 1058 ergo
1765 1018 1774 1043 :

390 1088 411 1112 «
443 1073 501 1114 Et
532 1071 674 1114 anima
696 1086 793 1114 mea
827 1087 958 1131 quam
984 1071 1218 1115 redemisti.
1251 1090 1270 1113 »
1307 1074 1424 1129 Ergo
1447 1071 1502 1114 de
1522 1069 1647 1113 labiis
1668 1069 1779 1113 inte-

385 1139 573 1184 rioribus
595 1139 746 1185 salvati
763 1141 809 1184 in
831 1157 905 1200 spe
924 1176 935 1196 ,
956 1141 1126 1185 reducti
1148 1141 1203 1185 ab
1227 1141 1390 1199 abyssis
1412 1149 1540 1184 terrae
1563 1140 1610 1183 in
1631 1137 1719 1183 fide
1735 1147 1779 1183 et

386 1210 597 1255 charitate
613 1246 624 1265 ,
660 1219 937 1270 expectantes
967 1221 1115 1255 tamen
1145 1211 1290 1255 adhuc
1313 1211 1662 1270 redemptionem
1683 1224 1779 1254 cor-

385 1281 501 1339 poris
519 1281 681 1325 nostri2
696 1317 707 1336 ,
732 1280 841 1342 quid
863 1281 1072 1325 dicimus?
1103 1284 1201 1325 Jam
1226 1280 1333 1325 dixit
1352 1300 1361 1325 :
1393 1299 1414 1322 «
1438 1283 1496 1324 Et
1517 1279 1661 1324 anima
1681 1294 1779 1324 mea

388 1368 408 1391 »
444 1366 577 1411 quam
598 1350 831 1396 redemisti.
858 1369 879 1393 »
912 1351 998 1395 Sed
1029 1365 1084 1394 ne
1116 1350 1254 1394 solam
1288 1351 1478 1394 animam
1506 1349 1780 1408 redemptam

384 1429 559 1480 putares
577 1455 588 1476 ,
619 1422 664 1464 in
692 1437 779 1480 qua
797 1436 916 1465 nunc
937 1420 1095 1464 audisti
1117 1436 1257 1464 unum
1282 1439 1301 1461 «
1324 1423 1505 1463 Iterum.
1530 1418 1688 1463 Adhuc
1705 1434 1779 1462 au-

388 1509 407 1532 »
444 1500 559 1546 tem,
587 1509 608 1531 n
635 1491 780 1550 inquit
805 1509 814 1535 :
840 1490 947 1550 quid
974 1490 1145 1535 adhuc?
1170 1510 1190 1533 «
1210 1489 1369 1535 Adhuc
1394 1498 1542 1534 autem
1564 1498 1608 1533 et
1629 1488 1779 1546 lingua

389 1579 409 1602 ,η
445 1576 541 1604 mea
561 1580 570 1604 ε
595 1579 614 1601 »
636 1576 739 1619 ergo
755 1562 846 1620 jam
867 1559 1017 1618 lingua
1033 1561 1225 1620 corporis
1247 1580 1255 1604 :
1286 1580 1306 1602 (t
1329 1563 1436 1604 Tota
1459 1559 1530 1603 die
1551 1559 1778 1603 meditabi-

389 1649 410 1672 »
445 1641 518 1675 tur
546 1631 758 1691 justitiam
780 1633 925 1675 tuam3
953 1651 962 1676 ι
990 1649 1011 1673 »
1039 1632 1086 1675 id
1113 1641 1200 1686 est,
1225 1632 1271 1674 in
1291 1632 1533 1676 aeternitate
1559 1631 1650 1675 sine
1671 1631 1774 1674 fine.

387 1701 469 1747 Sed
493 1701 670 1761 quando
692 1703 810 1745 hoc?
831 1704 927 1744 Jam
956 1701 1001 1744 in
1028 1701 1115 1744 fine
1138 1701 1285 1745 saeculi
1300 1737 1311 1756 ,
1338 1700 1653 1745 resurrectione
1676 1715 1776 1744 cor-

385 1773 501 1832 poris
534 1781 577 1815 et
613 1771 918 1815 immutatione
950 1771 997 1814 in
1031 1770 1277 1829 angelicum
1310 1780 1486 1814 statum.
1529 1769 1656 1814 Unde
1694 1771 1778 1814 hoc

386 1842 600 1902 probatur
617 1876 628 1897 ‚
654 1842 755 1901 quia
771 1840 826 1884 de
844 1842 931 1885 fine
955 1841 1112 1885 dicitur
1138 1861 1147 1886 :
1177 1861 1197 1883 «
1220 1841 1380 1886 Adhuc
1398 1850 1545 1885 autem
1566 1849 1610 1884 et
1628 1840 1779 1899 lingua

388 1931 409 1954 »
444 1928 541 1957 mea
562 1922 653 1957 tota
677 1913 746 1956 die
777 1911 1059 1956 meditabitur
1077 1913 1289 1973 justitiam
1311 1915 1457 1956 tuam?
1474 1915 1588 1957 Cum
1609 1910 1779 1957 confusi

388 2002 408 2025 »
444 1982 622 2039 fuerint,
639 1993 683 2028 et
699 1983 971 2038 erubuerint,
983 1983 1060 2043 qui
1073 1992 1279 2043 quaerunt
1294 1983 1408 2027 mala
1427 1983 1580 2027 mihi.»
1593 1982 1777 2036 Quando

384 2054 729 2108 confundentur,
742 2052 919 2114 quando
933 2053 1204 2108 erubescent,
1220 2054 1301 2097 nisi
1317 2053 1360 2097 in
1374 2054 1461 2097 fine
1474 2052 1648 2097 saeculi?
1660 2056 1777 2096 Duo-

386 2125 468 2168 bus
489 2124 606 2168 enim
628 2123 768 2168 modis
790 2122 1134 2179 confundentur,
1151 2133 1226 2168 aut
1242 2140 1342 2168 cum
1361 2123 1541 2167 credent
1561 2123 1610 2166 in
1627 2123 1777 2167 Chris-

384 2203 496 2248 tum,
514 2204 588 2238 aut
601 2209 703 2238 cum
716 2194 883 2238 venerit
895 2194 1107 2238 Christus.
1119 2197 1229 2238 Nam
1245 2192 1440 2253 quaudiu
1455 2193 1526 2237 hic
1548 2201 1612 2236 est
1630 2191 1778 2236 Eccle-

384 2265 465 2319 sia,
483 2263 681 2324 quandiu
703 2265 836 2323 gemit
858 2264 1048 2308 triticum
1065 2264 1180 2307 inter
1202 2263 1360 2324 paleas,
1376 2261 1574 2322 quandiu
1598 2272 1777 2321 gemunt

383 2335 512 2395 spicae
526 2335 639 2378 inter
653 2335 812 2379 zizania
823 2337 854 2390 4,
867 2333 1063 2395 quandiu
1080 2344 1260 2393 gemunt
1273 2350 1371 2378 vasa
1387 2333 1690 2378 misericordiae
1709 2333 1775 2376 in-

383 2415 450 2451 ter
466 2422 565 2451 vasa
589 2406 663 2449 irae
682 2404 796 2450 facta
810 2406 855 2449 in
881 2404 1240 2460 contumeliam5,
1267 2404 1464 2465 quandiu
1482 2404 1613 2462 gemit
1631 2402 1774 2447 lilium

431 2509 440 2525 ¹
459 2502 538 2534 Psal.
562 2513 634 2542 Lxx,
652 2502 707 2534 23.
727 2519 769 2524 —
790 2508 802 2523 ²
826 2505 918 2534 Rom.
948 2512 1028 2543 vin,
1050 2500 1103 2533 23.
1125 2519 1167 2524 —
1187 2499 1200 2524 3
1220 2501 1298 2533 Psal.
1320 2513 1394 2542 Lxx,
1419 2499 1473 2542 24.
1500 2517 1541 2524 —-
1559 2499 1575 2530 lo
1593 2499 1706 2532 Matth.
1726 2511 1773 2541 111,

389 2566 442 2599 12,
462 2562 496 2590 et
509 2569 576 2599 xm,
600 2557 653 2589 30.
675 2572 717 2579 —-
735 2555 750 2579 ⁵
771 2565 791 2589 2
809 2557 890 2589 Tim.
910 2568 947 2598 u,
970 2565 1023 2588 20.
