<?xml version="1.0" encoding="UTF-8"?>
<!DOCTYPE html PUBLIC "-//W3C//DTD XHTML 1.0 Transitional//EN"
    "http://www.w3.org/TR/xhtml1/DTD/xhtml1-transitional.dtd">
<html xmlns="http://www.w3.org/1999/xhtml" xml:lang="en" lang="en">
 <head>
  <title>
</title>
<meta http-equiv="Content-Type" content="text/html;charset=utf-8" />
  <meta name='ocr-system' content='tesseract 3.04.00' />
  <meta name='ocr-capabilities' content='ocr_page ocr_carea ocr_par ocr_line ocrx_word'/>
</head>
<body>
  <div class='ocr_page' id='page_1' title='image "./operaomniaaccura09auguuoft_0101.png"; bbox 0 0 1889 3285; ppageno 0'>
   <div class='ocr_carea' id='block_1_1' title="bbox 260 271 1459 324">
    <p class='ocr_par' dir='ltr' id='par_1_1' title="bbox 260 271 1459 324">
     <span class='ocr_line' id='line_1_1' title="bbox 260 271 1459 324; baseline -0.008 -6"><span class='ocrx_word' id='word_1_1' title='bbox 260 287 503 318; x_wconf 74' lang='lat' dir='ltr'><strong>ENARRATIO</strong></span> <span class='ocrx_word' id='word_1_2' title='bbox 533 289 567 314; x_wconf 87' lang='lat'>11</span> <span class='ocrx_word' id='word_1_3' title='bbox 598 288 644 314; x_wconf 77' lang='grc' dir='ltr'>ΙΝ</span> <span class='ocrx_word' id='word_1_4' title='bbox 675 283 877 315; x_wconf 77' lang='lat' dir='ltr'>PsALMUM</span> <span class='ocrx_word' id='word_1_5' title='bbox 909 286 1038 324; x_wconf 82' lang='lat' dir='ltr'>Lvm,</span> <span class='ocrx_word' id='word_1_6' title='bbox 1075 283 1212 311; x_wconf 69' lang='lat' dir='ltr'>sizimo</span> <span class='ocrx_word' id='word_1_7' title='bbox 1245 285 1292 310; x_wconf 91' lang='lat'>11.</span> <span class='ocrx_word' id='word_1_8' title='bbox 1408 271 1459 310; x_wconf 87' lang='lat'>91</span> 
     </span>
    </p>
   </div>
   <div class='ocr_carea' id='block_1_2' title="bbox 82 349 1495 2449">
    <p class='ocr_par' dir='ltr' id='par_1_2' title="bbox 82 349 1495 2449">
     <span class='ocr_line' id='line_1_2' title="bbox 86 349 1465 414; baseline -0.005 -14"><span class='ocrx_word' id='word_1_9' title='bbox 86 371 138 400; x_wconf 84' lang='lat' dir='ltr'>ex</span> <span class='ocrx_word' id='word_1_10' title='bbox 155 364 232 399; x_wconf 89' lang='lat' dir='ltr'>tuo</span> <span class='ocrx_word' id='word_1_11' title='bbox 257 354 403 414; x_wconf 84' lang='lat' dir='ltr'>aliquo</span> <span class='ocrx_word' id='word_1_12' title='bbox 419 355 537 397; x_wconf 91' lang='lat' dir='ltr'>bono</span> <span class='ocrx_word' id='word_1_13' title='bbox 554 353 695 412; x_wconf 86' lang='lat' dir='ltr'>primo</span> <span class='ocrx_word' id='word_1_14' title='bbox 712 353 784 395; x_wconf 88' lang='lat' dir='ltr'>Dei</span> <span class='ocrx_word' id='word_1_15' title='bbox 800 349 1136 395; x_wconf 86' lang='lat' dir='ltr'>misericordiam</span> <span class='ocrx_word' id='word_1_16' title='bbox 1150 349 1359 403; x_wconf 85' lang='lat' dir='ltr'>meruisti,</span> <span class='ocrx_word' id='word_1_17' title='bbox 1375 363 1465 393; x_wconf 91' lang='lat' dir='ltr'>non</span> 
     </span>
     <span class='ocr_line' id='line_1_3' title="bbox 86 419 1465 484; baseline -0.006 -15"><span class='ocrx_word' id='word_1_18' title='bbox 86 434 129 469; x_wconf 84' lang='lat' dir='ltr'>te</span> <span class='ocrx_word' id='word_1_19' title='bbox 152 424 375 484; x_wconf 80' lang='lat' dir='ltr'>praevenit.</span> <span class='ocrx_word' id='word_1_20' title='bbox 408 421 595 476; x_wconf 85' lang='lat' dir='ltr'>Quando</span> <span class='ocrx_word' id='word_1_21' title='bbox 617 430 758 473; x_wconf 89' lang='lat' dir='ltr'>autem</span> <span class='ocrx_word' id='word_1_22' title='bbox 782 421 850 465; x_wconf 87' lang='lat' dir='ltr'>vel</span> <span class='ocrx_word' id='word_1_23' title='bbox 870 419 1073 478; x_wconf 81' lang='lat' dir='ltr'>intelligis</span> <span class='ocrx_word' id='word_1_24' title='bbox 1094 419 1196 478; x_wconf 86' lang='lat' dir='ltr'>quia</span> <span class='ocrx_word' id='word_1_25' title='bbox 1218 428 1465 477; x_wconf 79' lang='lat' dir='ltr'>prae-ventus</span> 
     </span>
     <span class='ocr_line' id='line_1_4' title="bbox 85 488 1461 553; baseline -0.005 -14"><span class='ocrx_word' id='word_1_26' title='bbox 85 511 144 550; x_wconf 85' lang='lat' dir='ltr'>es,</span> <span class='ocrx_word' id='word_1_27' title='bbox 170 495 249 539; x_wconf 88' lang='lat' dir='ltr'>nisi</span> <span class='ocrx_word' id='word_1_28' title='bbox 271 493 484 552; x_wconf 80' lang='lat' dir='ltr'>intelligas</span> <span class='ocrx_word' id='word_1_29' title='bbox 501 493 620 553; x_wconf 81' lang='lat' dir='ltr'>quod</span> <span class='ocrx_word' id='word_1_30' title='bbox 639 493 697 536; x_wconf 88' lang='lat' dir='ltr'>ait</span> <span class='ocrx_word' id='word_1_31' title='bbox 717 490 948 552; x_wconf 85' lang='lat' dir='ltr'>Apostolus</span> <span class='ocrx_word' id='word_1_32' title='bbox 969 510 977 535; x_wconf 74' lang='grc' dir='ltr'>ε</span> <span class='ocrx_word' id='word_1_33' title='bbox 1001 488 1152 542; x_wconf 86' lang='lat' dir='ltr'>«Quid</span> <span class='ocrx_word' id='word_1_34' title='bbox 1173 489 1289 532; x_wconf 90' lang='lat' dir='ltr'>enim</span> <span class='ocrx_word' id='word_1_35' title='bbox 1311 489 1461 543; x_wconf 88' lang='lat' dir='ltr'>habes,</span> 
     </span>
     <span class='ocr_line' id='line_1_5' title="bbox 89 557 1465 625; baseline -0.003 -20"><span class='ocrx_word' id='word_1_36' title='bbox 89 583 109 606; x_wconf 85' lang='lat'>»</span> <span class='ocrx_word' id='word_1_37' title='bbox 143 565 265 625; x_wconf 87' lang='lat' dir='ltr'>quod</span> <span class='ocrx_word' id='word_1_38' title='bbox 286 580 374 608; x_wconf 91' lang='lat' dir='ltr'>non</span> <span class='ocrx_word' id='word_1_39' title='bbox 397 563 630 622; x_wconf 74' lang='lat' dir='ltr'>accepisti?</span> <span class='ocrx_word' id='word_1_40' title='bbox 652 563 695 607; x_wconf 93' lang='lat' dir='ltr'>Si</span> <span class='ocrx_word' id='word_1_41' title='bbox 717 572 862 606; x_wconf 87' lang='lat' dir='ltr'>autem</span> <span class='ocrx_word' id='word_1_42' title='bbox 889 560 1089 619; x_wconf 86' lang='lat' dir='ltr'>accepisti</span> <span class='ocrx_word' id='word_1_43' title='bbox 1105 595 1115 613; x_wconf 84' lang='lat'>‚</span> <span class='ocrx_word' id='word_1_44' title='bbox 1145 558 1252 619; x_wconf 86' lang='lat' dir='ltr'>quid</span> <span class='ocrx_word' id='word_1_45' title='bbox 1274 557 1465 616; x_wconf 84' lang='lat' dir='ltr'>gloriaris</span> 
     </span>
     <span class='ocr_line' id='line_1_6' title="bbox 87 630 1465 696; baseline -0.004 -19"><span class='ocrx_word' id='word_1_46' title='bbox 87 654 108 678; x_wconf 86' lang='lat'>»</span> <span class='ocrx_word' id='word_1_47' title='bbox 143 635 265 696; x_wconf 85' lang='lat' dir='ltr'>quasi</span> <span class='ocrx_word' id='word_1_48' title='bbox 286 651 375 679; x_wconf 89' lang='lat' dir='ltr'>non</span> <span class='ocrx_word' id='word_1_49' title='bbox 409 635 677 693; x_wconf 80' lang='lat' dir='ltr'>acceperis1P</span> <span class='ocrx_word' id='word_1_50' title='bbox 703 652 721 674; x_wconf 93' lang='lat'>»</span> <span class='ocrx_word' id='word_1_51' title='bbox 756 637 849 677; x_wconf 88' lang='lat' dir='ltr'>Hoc</span> <span class='ocrx_word' id='word_1_52' title='bbox 871 641 935 677; x_wconf 89' lang='lat' dir='ltr'>est</span> <span class='ocrx_word' id='word_1_53' title='bbox 953 667 963 686; x_wconf 82' lang='lat'>,</span> <span class='ocrx_word' id='word_1_54' title='bbox 1002 649 1022 673; x_wconf 87' lang='lat'>«</span> <span class='ocrx_word' id='word_1_55' title='bbox 1047 630 1340 675; x_wconf 80' lang='lat' dir='ltr'>Misericordia</span> <span class='ocrx_word' id='word_1_56' title='bbox 1373 631 1465 690; x_wconf 88' lang='lat' dir='ltr'>ejus</span> 
     </span>
     <span class='ocr_line' id='line_1_7' title="bbox 87 699 1465 764; baseline -0.003 -18"><span class='ocrx_word' id='word_1_57' title='bbox 87 723 108 747; x_wconf 89' lang='lat'>»</span> <span class='ocrx_word' id='word_1_58' title='bbox 142 705 378 764; x_wconf 82' lang='lat' dir='ltr'>praeveniet</span> <span class='ocrx_word' id='word_1_59' title='bbox 404 720 488 747; x_wconf 89' lang='lat' dir='ltr'>me.</span> <span class='ocrx_word' id='word_1_60' title='bbox 518 721 538 744; x_wconf 86' lang='lat'>»</span> <span class='ocrx_word' id='word_1_61' title='bbox 564 704 756 763; x_wconf 86' lang='lat' dir='ltr'>Denique</span> <span class='ocrx_word' id='word_1_62' title='bbox 781 701 1007 747; x_wconf 85' lang='lat' dir='ltr'>attendens</span> <span class='ocrx_word' id='word_1_63' title='bbox 1041 699 1185 744; x_wconf 87' lang='lat' dir='ltr'>omnia</span> <span class='ocrx_word' id='word_1_64' title='bbox 1207 699 1323 744; x_wconf 88' lang='lat' dir='ltr'>bona</span> <span class='ocrx_word' id='word_1_65' title='bbox 1344 715 1465 759; x_wconf 84' lang='lat' dir='ltr'>quae-</span> 
     </span>
     <span class='ocr_line' id='line_1_8' title="bbox 85 770 1465 835; baseline -0.006 -16"><span class='ocrx_word' id='word_1_66' title='bbox 85 791 273 835; x_wconf 88' lang='lat' dir='ltr'>eumque</span> <span class='ocrx_word' id='word_1_67' title='bbox 295 775 456 818; x_wconf 86' lang='lat' dir='ltr'>habere</span> <span class='ocrx_word' id='word_1_68' title='bbox 485 789 711 834; x_wconf 87' lang='lat' dir='ltr'>possumus</span> <span class='ocrx_word' id='word_1_69' title='bbox 731 809 741 828; x_wconf 80' lang='lat'>‚</span> <span class='ocrx_word' id='word_1_70' title='bbox 773 774 859 817; x_wconf 85' lang='lat' dir='ltr'>sive</span> <span class='ocrx_word' id='word_1_71' title='bbox 887 773 933 816; x_wconf 89' lang='lat' dir='ltr'>in</span> <span class='ocrx_word' id='word_1_72' title='bbox 954 780 1109 815; x_wconf 87' lang='lat' dir='ltr'>natura</span> <span class='ocrx_word' id='word_1_73' title='bbox 1125 806 1136 824; x_wconf 84' lang='lat'>‚</span> <span class='ocrx_word' id='word_1_74' title='bbox 1162 770 1250 814; x_wconf 93' lang='lat' dir='ltr'>sive</span> <span class='ocrx_word' id='word_1_75' title='bbox 1270 770 1315 813; x_wconf 91' lang='lat' dir='ltr'>in</span> <span class='ocrx_word' id='word_1_76' title='bbox 1338 770 1465 813; x_wconf 90' lang='lat' dir='ltr'>insti-</span> 
     </span>
     <span class='ocr_line' id='line_1_9' title="bbox 85 840 1467 903; baseline -0.005 -14"><span class='ocrx_word' id='word_1_77' title='bbox 85 855 206 900; x_wconf 80' lang='lat' dir='ltr'>tuto,</span> <span class='ocrx_word' id='word_1_78' title='bbox 231 845 318 889; x_wconf 79' lang='lat' dir='ltr'>sive</span> <span class='ocrx_word' id='word_1_79' title='bbox 344 845 388 888; x_wconf 90' lang='lat' dir='ltr'>in</span> <span class='ocrx_word' id='word_1_80' title='bbox 410 845 500 903; x_wconf 85' lang='lat' dir='ltr'>ipsa</span> <span class='ocrx_word' id='word_1_81' title='bbox 521 845 846 888; x_wconf 84' lang='lat' dir='ltr'>conversatione</span> <span class='ocrx_word' id='word_1_82' title='bbox 861 878 871 897; x_wconf 78' lang='lat'>,</span> <span class='ocrx_word' id='word_1_83' title='bbox 897 843 943 885; x_wconf 89' lang='lat' dir='ltr'>in</span> <span class='ocrx_word' id='word_1_84' title='bbox 969 840 1055 884; x_wconf 82' lang='lat' dir='ltr'>fide</span> <span class='ocrx_word' id='word_1_85' title='bbox 1072 876 1083 895; x_wconf 64' lang='lat'>7</span> <span class='ocrx_word' id='word_1_86' title='bbox 1109 840 1153 883; x_wconf 88' lang='lat' dir='ltr'>in</span> <span class='ocrx_word' id='word_1_87' title='bbox 1182 855 1271 899; x_wconf 82' lang='lat' dir='ltr'>spe,</span> <span class='ocrx_word' id='word_1_88' title='bbox 1296 840 1342 882; x_wconf 93' lang='lat' dir='ltr'>in</span> <span class='ocrx_word' id='word_1_89' title='bbox 1362 840 1467 883; x_wconf 90' lang='lat' dir='ltr'>cha-</span> 
     </span>
     <span class='ocr_line' id='line_1_10' title="bbox 84 911 1466 975; baseline -0.004 -14"><span class='ocrx_word' id='word_1_90' title='bbox 84 917 231 970; x_wconf 83' lang='lat' dir='ltr'>ritate,</span> <span class='ocrx_word' id='word_1_91' title='bbox 257 916 303 959; x_wconf 90' lang='lat' dir='ltr'>in</span> <span class='ocrx_word' id='word_1_92' title='bbox 324 915 448 959; x_wconf 89' lang='lat' dir='ltr'>bonis</span> <span class='ocrx_word' id='word_1_93' title='bbox 464 914 658 959; x_wconf 87' lang='lat' dir='ltr'>moribus</span> <span class='ocrx_word' id='word_1_94' title='bbox 677 951 687 969; x_wconf 86' lang='lat'>‚</span> <span class='ocrx_word' id='word_1_95' title='bbox 708 915 753 958; x_wconf 88' lang='lat' dir='ltr'>in</span> <span class='ocrx_word' id='word_1_96' title='bbox 764 914 943 975; x_wconf 85' lang='lat' dir='ltr'>justitia,</span> <span class='ocrx_word' id='word_1_97' title='bbox 968 912 1014 955; x_wconf 90' lang='lat' dir='ltr'>in</span> <span class='ocrx_word' id='word_1_98' title='bbox 1036 913 1189 956; x_wconf 88' lang='lat' dir='ltr'>timore</span> <span class='ocrx_word' id='word_1_99' title='bbox 1209 911 1298 965; x_wconf 84' lang='lat' dir='ltr'>Dei,</span> <span class='ocrx_word' id='word_1_100' title='bbox 1323 919 1466 955; x_wconf 91' lang='lat' dir='ltr'>totum</span> 
     </span>
     <span class='ocr_line' id='line_1_11' title="bbox 85 982 1466 1041; baseline -0.004 -11"><span class='ocrx_word' id='word_1_101' title='bbox 85 1002 174 1031; x_wconf 91' lang='lat' dir='ltr'>non</span> <span class='ocrx_word' id='word_1_102' title='bbox 197 1001 286 1030; x_wconf 84' lang='lat' dir='ltr'>esse</span> <span class='ocrx_word' id='word_1_103' title='bbox 307 986 388 1029; x_wconf 92' lang='lat' dir='ltr'>nisi</span> <span class='ocrx_word' id='word_1_104' title='bbox 411 1001 461 1029; x_wconf 76' lang='lat' dir='ltr'>ex</span> <span class='ocrx_word' id='word_1_105' title='bbox 487 985 601 1029; x_wconf 87' lang='lat' dir='ltr'>illius</span> <span class='ocrx_word' id='word_1_106' title='bbox 623 985 748 1029; x_wconf 88' lang='lat' dir='ltr'>donis</span> <span class='ocrx_word' id='word_1_107' title='bbox 765 1020 775 1039; x_wconf 85' lang='lat'>,</span> <span class='ocrx_word' id='word_1_108' title='bbox 811 984 869 1027; x_wconf 85' lang='lat' dir='ltr'>ita</span> <span class='ocrx_word' id='word_1_109' title='bbox 892 982 1141 1041; x_wconf 72' lang='lat' dir='ltr'>conclusit:</span> <span class='ocrx_word' id='word_1_110' title='bbox 1167 1001 1187 1024; x_wconf 77' lang='grc' dir='ltr'>α</span> <span class='ocrx_word' id='word_1_111' title='bbox 1211 987 1320 1025; x_wconf 90' lang='lat' dir='ltr'>Deus</span> <span class='ocrx_word' id='word_1_112' title='bbox 1343 996 1466 1025; x_wconf 89' lang='lat' dir='ltr'>meus</span> 
     </span>
     <span class='ocr_line' id='line_1_12' title="bbox 87 1051 1462 1112; baseline -0.002 -14"><span class='ocrx_word' id='word_1_113' title='bbox 87 1075 109 1098; x_wconf 86' lang='lat'>»</span> <span class='ocrx_word' id='word_1_114' title='bbox 141 1055 433 1100; x_wconf 82' lang='lat' dir='ltr'>misericordia</span> <span class='ocrx_word' id='word_1_115' title='bbox 455 1071 565 1099; x_wconf 85' lang='lat' dir='ltr'>mea.</span> <span class='ocrx_word' id='word_1_116' title='bbox 603 1074 622 1096; x_wconf 75' lang='lat' dir='ltr'>n</span> <span class='ocrx_word' id='word_1_117' title='bbox 648 1057 747 1100; x_wconf 87' lang='lat' dir='ltr'>Non</span> <span class='ocrx_word' id='word_1_118' title='bbox 769 1053 935 1098; x_wconf 88' lang='lat' dir='ltr'>invenit</span> <span class='ocrx_word' id='word_1_119' title='bbox 965 1051 1168 1112; x_wconf 90' lang='lat' dir='ltr'>impletus</span> <span class='ocrx_word' id='word_1_120' title='bbox 1204 1051 1331 1095; x_wconf 89' lang='lat' dir='ltr'>bonis</span> <span class='ocrx_word' id='word_1_121' title='bbox 1364 1051 1462 1106; x_wconf 86' lang='lat' dir='ltr'>Dei,</span> 
     </span>
     <span class='ocr_line' id='line_1_13' title="bbox 85 1120 1466 1186; baseline -0.004 -16"><span class='ocrx_word' id='word_1_122' title='bbox 85 1125 194 1186; x_wconf 86' lang='lat' dir='ltr'>quid</span> <span class='ocrx_word' id='word_1_123' title='bbox 215 1125 451 1186; x_wconf 80' lang='lat' dir='ltr'>appellaret</span> <span class='ocrx_word' id='word_1_124' title='bbox 471 1131 605 1169; x_wconf 90' lang='lat' dir='ltr'>Deum</span> <span class='ocrx_word' id='word_1_125' title='bbox 627 1139 755 1169; x_wconf 87' lang='lat' dir='ltr'>suum</span> <span class='ocrx_word' id='word_1_126' title='bbox 773 1159 784 1179; x_wconf 88' lang='lat'>‚</span> <span class='ocrx_word' id='word_1_127' title='bbox 810 1123 891 1167; x_wconf 89' lang='lat' dir='ltr'>nisi</span> <span class='ocrx_word' id='word_1_128' title='bbox 910 1120 1248 1166; x_wconf 85' lang='lat' dir='ltr'>misericordiam</span> <span class='ocrx_word' id='word_1_129' title='bbox 1270 1134 1406 1165; x_wconf 86' lang='lat' dir='ltr'>suam.</span> <span class='ocrx_word' id='word_1_130' title='bbox 1428 1122 1466 1165; x_wconf 95' lang='grc' dir='ltr'>Ο</span> 
     </span>
     <span class='ocr_line' id='line_1_14' title="bbox 85 1193 1462 1257; baseline -0.004 -16"><span class='ocrx_word' id='word_1_131' title='bbox 85 1212 267 1251; x_wconf 81' lang='lat' dir='ltr'>nomen,</span> <span class='ocrx_word' id='word_1_132' title='bbox 299 1197 380 1251; x_wconf 84' lang='lat' dir='ltr'>sub</span> <span class='ocrx_word' id='word_1_133' title='bbox 398 1212 486 1257; x_wconf 91' lang='lat' dir='ltr'>quo</span> <span class='ocrx_word' id='word_1_134' title='bbox 507 1196 671 1239; x_wconf 89' lang='lat' dir='ltr'>nemini</span> <span class='ocrx_word' id='word_1_135' title='bbox 694 1194 1013 1254; x_wconf 83' lang='lat' dir='ltr'>desperandum</span> <span class='ocrx_word' id='word_1_136' title='bbox 1037 1193 1124 1237; x_wconf 75' lang='lat' dir='ltr'>estl</span> <span class='ocrx_word' id='word_1_137' title='bbox 1155 1211 1175 1234; x_wconf 93' lang='lat'>«</span> <span class='ocrx_word' id='word_1_138' title='bbox 1194 1198 1303 1235; x_wconf 89' lang='lat' dir='ltr'>Deus</span> <span class='ocrx_word' id='word_1_139' title='bbox 1318 1207 1462 1246; x_wconf 86' lang='lat' dir='ltr'>meus,</span> 
     </span>
     <span class='ocr_line' id='line_1_15' title="bbox 86 1262 1467 1328; baseline -0.003 -18"><span class='ocrx_word' id='word_1_140' title='bbox 86 1286 107 1310; x_wconf 89' lang='lat'>»</span> <span class='ocrx_word' id='word_1_141' title='bbox 140 1268 314 1328; x_wconf 76' lang='lat' dir='ltr'>inquit,</span> <span class='ocrx_word' id='word_1_142' title='bbox 343 1266 634 1311; x_wconf 80' lang='lat' dir='ltr'>misericordia</span> <span class='ocrx_word' id='word_1_143' title='bbox 655 1282 766 1310; x_wconf 87' lang='lat' dir='ltr'>mea.</span> <span class='ocrx_word' id='word_1_144' title='bbox 806 1283 826 1305; x_wconf 71' lang='lat' dir='ltr'><strong>n</strong></span> <span class='ocrx_word' id='word_1_145' title='bbox 854 1263 968 1317; x_wconf 85' lang='lat' dir='ltr'>Quid</span> <span class='ocrx_word' id='word_1_146' title='bbox 996 1272 1058 1307; x_wconf 92' lang='lat' dir='ltr'>est</span> <span class='ocrx_word' id='word_1_147' title='bbox 1075 1298 1086 1318; x_wconf 80' lang='grc'>,</span> <span class='ocrx_word' id='word_1_148' title='bbox 1128 1282 1148 1305; x_wconf 71' lang='grc' dir='ltr'>(ι</span> <span class='ocrx_word' id='word_1_149' title='bbox 1172 1262 1467 1307; x_wconf 81' lang='lat' dir='ltr'>Misericordia</span> 
     </span>
     <span class='ocr_line' id='line_1_16' title="bbox 83 1332 1464 1394; baseline -0.005 -12"><span class='ocrx_word' id='word_1_150' title='bbox 83 1356 106 1379; x_wconf 62' lang='lat'>³)</span> <span class='ocrx_word' id='word_1_151' title='bbox 142 1339 271 1382; x_wconf 79' lang='lat' dir='ltr'>mea?</span> <span class='ocrx_word' id='word_1_152' title='bbox 293 1357 312 1378; x_wconf 70' lang='lat' dir='ltr'>n</span> <span class='ocrx_word' id='word_1_153' title='bbox 337 1338 379 1382; x_wconf 89' lang='lat' dir='ltr'>Si</span> <span class='ocrx_word' id='word_1_154' title='bbox 395 1337 532 1381; x_wconf 83' lang='lat' dir='ltr'>dieas:</span> <span class='ocrx_word' id='word_1_155' title='bbox 552 1336 672 1381; x_wconf 87' lang='lat' dir='ltr'>Salus</span> <span class='ocrx_word' id='word_1_156' title='bbox 695 1351 806 1387; x_wconf 70' lang='lat' dir='ltr'>mea,</span> <span class='ocrx_word' id='word_1_157' title='bbox 828 1333 1025 1392; x_wconf 81' lang='lat' dir='ltr'>intelligo</span> <span class='ocrx_word' id='word_1_158' title='bbox 1043 1334 1143 1394; x_wconf 82' lang='lat' dir='ltr'>quia</span> <span class='ocrx_word' id='word_1_159' title='bbox 1167 1332 1241 1376; x_wconf 87' lang='lat' dir='ltr'>dat</span> <span class='ocrx_word' id='word_1_160' title='bbox 1258 1332 1464 1389; x_wconf 80' lang='lat' dir='ltr'>salutem3</span> 
     </span>
     <span class='ocr_line' id='line_1_17' title="bbox 83 1401 1467 1464; baseline -0.005 -12"><span class='ocrx_word' id='word_1_161' title='bbox 83 1406 117 1452; x_wconf 83' lang='lat' dir='ltr'>Si</span> <span class='ocrx_word' id='word_1_162' title='bbox 151 1407 294 1452; x_wconf 85' lang='lat' dir='ltr'>dicas:</span> <span class='ocrx_word' id='word_1_163' title='bbox 330 1406 565 1464; x_wconf 79' lang='lat' dir='ltr'>Refugium</span> <span class='ocrx_word' id='word_1_164' title='bbox 596 1421 742 1449; x_wconf 90' lang='lat' dir='ltr'>meum</span> <span class='ocrx_word' id='word_1_165' title='bbox 758 1440 768 1460; x_wconf 81' lang='lat'>‚</span> <span class='ocrx_word' id='word_1_166' title='bbox 804 1402 1001 1462; x_wconf 79' lang='lat' dir='ltr'>intelligo</span> <span class='ocrx_word' id='word_1_167' title='bbox 1046 1403 1147 1462; x_wconf 88' lang='lat' dir='ltr'>quia</span> <span class='ocrx_word' id='word_1_168' title='bbox 1179 1401 1378 1461; x_wconf 79' lang='lat' dir='ltr'>confugis</span> <span class='ocrx_word' id='word_1_169' title='bbox 1412 1401 1467 1446; x_wconf 87' lang='lat' dir='ltr'>ad</span> 
     </span>
     <span class='ocr_line' id='line_1_18' title="bbox 83 1471 1467 1534; baseline -0.005 -13"><span class='ocrx_word' id='word_1_170' title='bbox 83 1478 184 1521; x_wconf 87' lang='lat' dir='ltr'>eum</span> <span class='ocrx_word' id='word_1_171' title='bbox 202 1498 213 1534; x_wconf 78' lang='lat'><em>3</em></span> <span class='ocrx_word' id='word_1_172' title='bbox 240 1477 274 1521; x_wconf 89' lang='lat' dir='ltr'>si</span> <span class='ocrx_word' id='word_1_173' title='bbox 303 1475 418 1520; x_wconf 77' lang='lat' dir='ltr'>dicus</span> <span class='ocrx_word' id='word_1_174' title='bbox 451 1496 458 1520; x_wconf 93' lang='lat'>:</span> <span class='ocrx_word' id='word_1_175' title='bbox 494 1474 724 1520; x_wconf 83' lang='lat' dir='ltr'>Fortitudo</span> <span class='ocrx_word' id='word_1_176' title='bbox 759 1489 874 1529; x_wconf 89' lang='lat' dir='ltr'>mea,</span> <span class='ocrx_word' id='word_1_177' title='bbox 913 1472 1110 1531; x_wconf 82' lang='lat' dir='ltr'>intelligo</span> <span class='ocrx_word' id='word_1_178' title='bbox 1142 1473 1243 1532; x_wconf 85' lang='lat' dir='ltr'>quia</span> <span class='ocrx_word' id='word_1_179' title='bbox 1278 1471 1354 1516; x_wconf 86' lang='lat' dir='ltr'>dat</span> <span class='ocrx_word' id='word_1_180' title='bbox 1386 1472 1467 1515; x_wconf 90' lang='lat' dir='ltr'>tibi</span> 
     </span>
     <span class='ocr_line' id='line_1_19' title="bbox 83 1542 1467 1603; baseline -0.004 -12"><span class='ocrx_word' id='word_1_181' title='bbox 83 1545 384 1592; x_wconf 85' lang='lat' dir='ltr'>fortitudinem</span> <span class='ocrx_word' id='word_1_182' title='bbox 411 1565 420 1590; x_wconf 75' lang='grc' dir='ltr'><strong><em>ι</em></strong></span> <span class='ocrx_word' id='word_1_183' title='bbox 453 1565 474 1588; x_wconf 88' lang='lat'>«</span> <span class='ocrx_word' id='word_1_184' title='bbox 507 1544 800 1590; x_wconf 83' lang='lat' dir='ltr'>Misericordia</span> <span class='ocrx_word' id='word_1_185' title='bbox 832 1559 955 1598; x_wconf 66' lang='lat' dir='ltr'>mea5</span> <span class='ocrx_word' id='word_1_186' title='bbox 983 1562 1002 1584; x_wconf 89' lang='lat'>»</span> <span class='ocrx_word' id='word_1_187' title='bbox 1041 1542 1150 1603; x_wconf 89' lang='lat' dir='ltr'>quid</span> <span class='ocrx_word' id='word_1_188' title='bbox 1180 1544 1276 1586; x_wconf 78' lang='lat' dir='ltr'>est?</span> <span class='ocrx_word' id='word_1_189' title='bbox 1308 1545 1467 1586; x_wconf 86' lang='lat' dir='ltr'>Totum</span> 
     </span>
     <span class='ocr_line' id='line_1_20' title="bbox 83 1613 1463 1676; baseline -0.004 -16"><span class='ocrx_word' id='word_1_190' title='bbox 83 1615 299 1676; x_wconf 88' lang='lat' dir='ltr'>quidquid</span> <span class='ocrx_word' id='word_1_191' title='bbox 321 1631 416 1659; x_wconf 90' lang='lat' dir='ltr'>sum</span> <span class='ocrx_word' id='word_1_192' title='bbox 431 1651 442 1669; x_wconf 82' lang='lat'><strong>‚</strong></span> <span class='ocrx_word' id='word_1_193' title='bbox 467 1614 520 1659; x_wconf 87' lang='lat' dir='ltr'>de</span> <span class='ocrx_word' id='word_1_194' title='bbox 541 1614 833 1658; x_wconf 86' lang='lat' dir='ltr'>misericordia</span> <span class='ocrx_word' id='word_1_195' title='bbox 856 1622 929 1657; x_wconf 89' lang='lat' dir='ltr'>tua</span> <span class='ocrx_word' id='word_1_196' title='bbox 948 1622 1024 1656; x_wconf 87' lang='lat' dir='ltr'>est.</span> <span class='ocrx_word' id='word_1_197' title='bbox 1054 1613 1139 1657; x_wconf 90' lang='lat' dir='ltr'>Sed</span> <span class='ocrx_word' id='word_1_198' title='bbox 1158 1613 1380 1671; x_wconf 87' lang='lat' dir='ltr'>promerui</span> <span class='ocrx_word' id='word_1_199' title='bbox 1399 1620 1463 1666; x_wconf 85' lang='lat' dir='ltr'>te,</span> 
     </span>
     <span class='ocr_line' id='line_1_21' title="bbox 82 1675 1469 1745; baseline -0.004 -14"><span class='ocrx_word' id='word_1_200' title='bbox 82 1685 326 1732; x_wconf 85' lang='lat' dir='ltr'>invocando</span> <span class='ocrx_word' id='word_1_201' title='bbox 348 1695 391 1730; x_wconf 89' lang='lat' dir='ltr'>te</span> <span class='ocrx_word' id='word_1_202' title='bbox 406 1688 424 1730; x_wconf 77' lang='grc' dir='ltr'><strong><em>Ρ</em></strong></span> <span class='ocrx_word' id='word_1_203' title='bbox 440 1689 498 1730; x_wconf 83' lang='lat' dir='ltr'>Ut</span> <span class='ocrx_word' id='word_1_204' title='bbox 527 1701 659 1729; x_wconf 87' lang='lat' dir='ltr'>essem</span> <span class='ocrx_word' id='word_1_205' title='bbox 677 1721 687 1739; x_wconf 85' lang='lat'>‚</span> <span class='ocrx_word' id='word_1_206' title='bbox 709 1685 816 1745; x_wconf 87' lang='lat' dir='ltr'>quid</span> <span class='ocrx_word' id='word_1_207' title='bbox 836 1683 947 1728; x_wconf 81' lang='lat' dir='ltr'>feci?</span> <span class='ocrx_word' id='word_1_208' title='bbox 971 1694 1021 1728; x_wconf 90' lang='lat' dir='ltr'>ut</span> <span class='ocrx_word' id='word_1_209' title='bbox 1038 1699 1172 1727; x_wconf 88' lang='lat' dir='ltr'>essem</span> <span class='ocrx_word' id='word_1_210' title='bbox 1191 1684 1268 1744; x_wconf 90' lang='lat' dir='ltr'>qui</span> <span class='ocrx_word' id='word_1_211' title='bbox 1282 1675 1332 1726; x_wconf 87' lang='lat' dir='ltr'>te</span> <span class='ocrx_word' id='word_1_212' title='bbox 1348 1683 1469 1727; x_wconf 91' lang='lat' dir='ltr'>invo-</span> 
     </span>
     <span class='ocr_line' id='line_1_22' title="bbox 84 1753 1468 1817; baseline -0.004 -16"><span class='ocrx_word' id='word_1_213' title='bbox 84 1772 222 1801; x_wconf 89' lang='lat' dir='ltr'>carem</span> <span class='ocrx_word' id='word_1_214' title='bbox 238 1793 247 1811; x_wconf 90' lang='lat'>,</span> <span class='ocrx_word' id='word_1_215' title='bbox 268 1756 375 1817; x_wconf 86' lang='lat' dir='ltr'>quid</span> <span class='ocrx_word' id='word_1_216' title='bbox 392 1756 489 1815; x_wconf 79' lang='lat' dir='ltr'>egi?</span> <span class='ocrx_word' id='word_1_217' title='bbox 513 1756 555 1800; x_wconf 91' lang='lat' dir='ltr'>Si</span> <span class='ocrx_word' id='word_1_218' title='bbox 579 1755 695 1799; x_wconf 89' lang='lat' dir='ltr'>enim</span> <span class='ocrx_word' id='word_1_219' title='bbox 716 1756 782 1813; x_wconf 84' lang='lat' dir='ltr'>egi</span> <span class='ocrx_word' id='word_1_220' title='bbox 805 1753 967 1814; x_wconf 87' lang='lat' dir='ltr'>aliquid</span> <span class='ocrx_word' id='word_1_221' title='bbox 986 1763 1036 1797; x_wconf 93' lang='lat' dir='ltr'>ut</span> <span class='ocrx_word' id='word_1_222' title='bbox 1058 1769 1194 1798; x_wconf 89' lang='lat' dir='ltr'>essem</span> <span class='ocrx_word' id='word_1_223' title='bbox 1208 1789 1219 1809; x_wconf 82' lang='lat'>‚</span> <span class='ocrx_word' id='word_1_224' title='bbox 1236 1755 1326 1813; x_wconf 84' lang='lat' dir='ltr'>jam</span> <span class='ocrx_word' id='word_1_225' title='bbox 1349 1767 1468 1796; x_wconf 87' lang='lat' dir='ltr'>eram</span> 
     </span>
     <span class='ocr_line' id='line_1_23' title="bbox 84 1823 1467 1888; baseline -0.004 -16"><span class='ocrx_word' id='word_1_226' title='bbox 84 1837 318 1888; x_wconf 78' lang='lat' dir='ltr'>antequam</span> <span class='ocrx_word' id='word_1_227' title='bbox 339 1842 489 1871; x_wconf 87' lang='lat' dir='ltr'>essem.</span> <span class='ocrx_word' id='word_1_228' title='bbox 515 1830 650 1870; x_wconf 88' lang='lat' dir='ltr'>Porro</span> <span class='ocrx_word' id='word_1_229' title='bbox 683 1826 717 1869; x_wconf 91' lang='lat' dir='ltr'>si</span> <span class='ocrx_word' id='word_1_230' title='bbox 739 1825 918 1869; x_wconf 89' lang='lat' dir='ltr'>omnino</span> <span class='ocrx_word' id='word_1_231' title='bbox 950 1823 1059 1868; x_wconf 89' lang='lat' dir='ltr'>nihil</span> <span class='ocrx_word' id='word_1_232' title='bbox 1081 1839 1200 1867; x_wconf 90' lang='lat' dir='ltr'>eram</span> <span class='ocrx_word' id='word_1_233' title='bbox 1231 1832 1467 1883; x_wconf 84' lang='lat' dir='ltr'>antequam</span> 
     </span>
     <span class='ocr_line' id='line_1_24' title="bbox 84 1895 1468 1956; baseline -0.004 -14"><span class='ocrx_word' id='word_1_234' title='bbox 84 1913 217 1942; x_wconf 88' lang='lat' dir='ltr'>essem</span> <span class='ocrx_word' id='word_1_235' title='bbox 234 1934 244 1953; x_wconf 85' lang='lat'>‚</span> <span class='ocrx_word' id='word_1_236' title='bbox 275 1897 384 1941; x_wconf 88' lang='lat' dir='ltr'>nihil</span> <span class='ocrx_word' id='word_1_237' title='bbox 403 1907 448 1941; x_wconf 87' lang='lat' dir='ltr'>te</span> <span class='ocrx_word' id='word_1_238' title='bbox 479 1896 698 1956; x_wconf 90' lang='lat' dir='ltr'>promerui</span> <span class='ocrx_word' id='word_1_239' title='bbox 724 1904 775 1939; x_wconf 90' lang='lat' dir='ltr'>ut</span> <span class='ocrx_word' id='word_1_240' title='bbox 796 1910 946 1939; x_wconf 86' lang='lat' dir='ltr'>essem.</span> <span class='ocrx_word' id='word_1_241' title='bbox 987 1895 1146 1939; x_wconf 87' lang='lat' dir='ltr'>Fecisti</span> <span class='ocrx_word' id='word_1_242' title='bbox 1166 1903 1217 1938; x_wconf 89' lang='lat' dir='ltr'>ut</span> <span class='ocrx_word' id='word_1_243' title='bbox 1237 1909 1372 1938; x_wconf 86' lang='lat' dir='ltr'>essem</span> <span class='ocrx_word' id='word_1_244' title='bbox 1389 1929 1399 1948; x_wconf 84' lang='lat'>,</span> <span class='ocrx_word' id='word_1_245' title='bbox 1425 1901 1468 1936; x_wconf 88' lang='lat' dir='ltr'>et</span> 
     </span>
     <span class='ocr_line' id='line_1_25' title="bbox 84 1966 1469 2024; baseline -0.003 -12"><span class='ocrx_word' id='word_1_246' title='bbox 84 1984 173 2013; x_wconf 89' lang='lat' dir='ltr'>non</span> <span class='ocrx_word' id='word_1_247' title='bbox 190 1978 239 2012; x_wconf 88' lang='lat' dir='ltr'>tu</span> <span class='ocrx_word' id='word_1_248' title='bbox 260 1966 399 2012; x_wconf 88' lang='lat' dir='ltr'>fecisti</span> <span class='ocrx_word' id='word_1_249' title='bbox 415 1971 470 2011; x_wconf 78' lang='lat' dir='ltr'>&#39;ut</span> <span class='ocrx_word' id='word_1_250' title='bbox 491 1967 633 2011; x_wconf 88' lang='lat' dir='ltr'>bonus</span> <span class='ocrx_word' id='word_1_251' title='bbox 656 1967 815 2010; x_wconf 81' lang='lat' dir='ltr'>essem?</span> <span class='ocrx_word' id='word_1_252' title='bbox 831 1966 989 2010; x_wconf 87' lang='lat' dir='ltr'>Dedisti</span> <span class='ocrx_word' id='word_1_253' title='bbox 1009 1966 1117 2009; x_wconf 83' lang='lat' dir='ltr'>mihi</span> <span class='ocrx_word' id='word_1_254' title='bbox 1139 1974 1189 2010; x_wconf 89' lang='lat' dir='ltr'>ut</span> <span class='ocrx_word' id='word_1_255' title='bbox 1208 1966 1304 2020; x_wconf 91' lang='lat' dir='ltr'>sim,</span> <span class='ocrx_word' id='word_1_256' title='bbox 1329 1973 1372 2008; x_wconf 90' lang='lat' dir='ltr'>et</span> <span class='ocrx_word' id='word_1_257' title='bbox 1393 1980 1469 2024; x_wconf 91' lang='lat' dir='ltr'>po-</span> 
     </span>
     <span class='ocr_line' id='line_1_26' title="bbox 85 2034 1468 2083; baseline -0.004 0"><span class='ocrx_word' id='word_1_258' title='bbox 85 2039 168 2083; x_wconf 85' lang='lat' dir='ltr'>tuit</span> <span class='ocrx_word' id='word_1_259' title='bbox 198 2039 305 2082; x_wconf 86' lang='lat' dir='ltr'>mihi</span> <span class='ocrx_word' id='word_1_260' title='bbox 342 2037 449 2082; x_wconf 90' lang='lat' dir='ltr'>alius</span> <span class='ocrx_word' id='word_1_261' title='bbox 471 2037 573 2081; x_wconf 88' lang='lat' dir='ltr'>dare</span> <span class='ocrx_word' id='word_1_262' title='bbox 594 2046 645 2081; x_wconf 89' lang='lat' dir='ltr'>ut</span> <span class='ocrx_word' id='word_1_263' title='bbox 664 2037 806 2081; x_wconf 89' lang='lat' dir='ltr'>bonus</span> <span class='ocrx_word' id='word_1_264' title='bbox 829 2037 938 2080; x_wconf 75' lang='lat' dir='ltr'>sim?</span> <span class='ocrx_word' id='word_1_265' title='bbox 964 2036 1006 2081; x_wconf 88' lang='lat' dir='ltr'>Si</span> <span class='ocrx_word' id='word_1_266' title='bbox 1027 2046 1077 2081; x_wconf 91' lang='lat' dir='ltr'>tu</span> <span class='ocrx_word' id='word_1_267' title='bbox 1098 2035 1205 2080; x_wconf 89' lang='lat' dir='ltr'>mihi</span> <span class='ocrx_word' id='word_1_268' title='bbox 1241 2034 1398 2080; x_wconf 89' lang='lat' dir='ltr'>dedisti</span> <span class='ocrx_word' id='word_1_269' title='bbox 1418 2044 1468 2079; x_wconf 88' lang='lat' dir='ltr'>ut</span> 
     </span>
     <span class='ocr_line' id='line_1_27' title="bbox 85 2105 1468 2165; baseline -0.002 -13"><span class='ocrx_word' id='word_1_270' title='bbox 85 2108 164 2152; x_wconf 87' lang='lat' dir='ltr'>sim</span> <span class='ocrx_word' id='word_1_271' title='bbox 182 2144 192 2162; x_wconf 89' lang='lat'>‚</span> <span class='ocrx_word' id='word_1_272' title='bbox 219 2118 261 2153; x_wconf 89' lang='lat' dir='ltr'>et</span> <span class='ocrx_word' id='word_1_273' title='bbox 279 2107 384 2152; x_wconf 84' lang='lat' dir='ltr'>alius</span> <span class='ocrx_word' id='word_1_274' title='bbox 404 2107 510 2150; x_wconf 88' lang='lat' dir='ltr'>mihi</span> <span class='ocrx_word' id='word_1_275' title='bbox 532 2106 654 2151; x_wconf 82' lang='lat' dir='ltr'>dedit</span> <span class='ocrx_word' id='word_1_276' title='bbox 669 2116 719 2151; x_wconf 90' lang='lat' dir='ltr'>ut</span> <span class='ocrx_word' id='word_1_277' title='bbox 739 2106 879 2151; x_wconf 87' lang='lat' dir='ltr'>bonus</span> <span class='ocrx_word' id='word_1_278' title='bbox 901 2107 1007 2163; x_wconf 79' lang='lat' dir='ltr'>sim3</span> <span class='ocrx_word' id='word_1_279' title='bbox 1036 2106 1190 2150; x_wconf 88' lang='lat' dir='ltr'>melior</span> <span class='ocrx_word' id='word_1_280' title='bbox 1211 2113 1275 2149; x_wconf 88' lang='lat' dir='ltr'>est</span> <span class='ocrx_word' id='word_1_281' title='bbox 1297 2105 1370 2149; x_wconf 92' lang='lat' dir='ltr'>ille</span> <span class='ocrx_word' id='word_1_282' title='bbox 1391 2105 1468 2165; x_wconf 89' lang='lat' dir='ltr'>qui</span> 
     </span>
     <span class='ocr_line' id='line_1_28' title="bbox 85 2176 1463 2238; baseline -0.001 -16"><span class='ocrx_word' id='word_1_283' title='bbox 85 2178 190 2222; x_wconf 83' lang='lat' dir='ltr'>mihi</span> <span class='ocrx_word' id='word_1_284' title='bbox 208 2178 328 2223; x_wconf 86' lang='lat' dir='ltr'>dedit</span> <span class='ocrx_word' id='word_1_285' title='bbox 345 2187 396 2222; x_wconf 89' lang='lat' dir='ltr'>ut</span> <span class='ocrx_word' id='word_1_286' title='bbox 414 2178 556 2223; x_wconf 75' lang='lat' dir='ltr'>bonus</span> <span class='ocrx_word' id='word_1_287' title='bbox 573 2178 673 2233; x_wconf 82' lang='lat' dir='ltr'>sim,</span> <span class='ocrx_word' id='word_1_288' title='bbox 693 2194 825 2238; x_wconf 87' lang='lat' dir='ltr'>quam</span> <span class='ocrx_word' id='word_1_289' title='bbox 846 2177 919 2221; x_wconf 91' lang='lat' dir='ltr'>ille</span> <span class='ocrx_word' id='word_1_290' title='bbox 936 2179 1011 2238; x_wconf 86' lang='lat' dir='ltr'>qui</span> <span class='ocrx_word' id='word_1_291' title='bbox 1032 2178 1138 2221; x_wconf 87' lang='lat' dir='ltr'>mihi</span> <span class='ocrx_word' id='word_1_292' title='bbox 1157 2176 1280 2221; x_wconf 88' lang='lat' dir='ltr'>dedit</span> <span class='ocrx_word' id='word_1_293' title='bbox 1296 2183 1346 2221; x_wconf 70' lang='lat' dir='ltr'>u&#39;t</span> <span class='ocrx_word' id='word_1_294' title='bbox 1368 2176 1463 2220; x_wconf 89' lang='lat' dir='ltr'>sim.</span> 
     </span>
     <span class='ocr_line' id='line_1_29' title="bbox 86 2242 1468 2308; baseline -0.002 -15"><span class='ocrx_word' id='word_1_295' title='bbox 86 2249 219 2293; x_wconf 76' lang='lat' dir='ltr'>Porro</span> <span class='ocrx_word' id='word_1_296' title='bbox 234 2242 344 2308; x_wconf 65' lang='lat' dir='ltr'>3q&#39;uia</span> <span class='ocrx_word' id='word_1_297' title='bbox 367 2248 407 2292; x_wconf 85' lang='lat' dir='ltr'>te</span> <span class='ocrx_word' id='word_1_298' title='bbox 429 2264 556 2292; x_wconf 88' lang='lat' dir='ltr'>nemo</span> <span class='ocrx_word' id='word_1_299' title='bbox 578 2247 730 2293; x_wconf 89' lang='lat' dir='ltr'>melior</span> <span class='ocrx_word' id='word_1_300' title='bbox 746 2284 756 2303; x_wconf 85' lang='lat'>‚</span> <span class='ocrx_word' id='word_1_301' title='bbox 788 2263 916 2291; x_wconf 87' lang='lat' dir='ltr'>nemo</span> <span class='ocrx_word' id='word_1_302' title='bbox 944 2257 987 2293; x_wconf 87' lang='lat' dir='ltr'>te</span> <span class='ocrx_word' id='word_1_303' title='bbox 1010 2248 1248 2307; x_wconf 81' lang='lat' dir='ltr'>potentior,</span> <span class='ocrx_word' id='word_1_304' title='bbox 1274 2262 1404 2291; x_wconf 92' lang='lat' dir='ltr'>nemo</span> <span class='ocrx_word' id='word_1_305' title='bbox 1423 2255 1468 2290; x_wconf 88' lang='lat' dir='ltr'>te</span> 
     </span>
     <span class='ocr_line' id='line_1_30' title="bbox 86 2310 1467 2379; baseline -0.001 -18"><span class='ocrx_word' id='word_1_306' title='bbox 86 2318 131 2362; x_wconf 80' lang='lat' dir='ltr'>in</span> <span class='ocrx_word' id='word_1_307' title='bbox 152 2317 445 2362; x_wconf 76' lang='lat' dir='ltr'>misericordia</span> <span class='ocrx_word' id='word_1_308' title='bbox 462 2318 647 2377; x_wconf 66' lang='lat' dir='ltr'>largioz&#39;3</span> <span class='ocrx_word' id='word_1_309' title='bbox 683 2335 705 2362; x_wconf 89' lang='lat' dir='ltr'>a</span> <span class='ocrx_word' id='word_1_310' title='bbox 741 2310 829 2379; x_wconf 75' lang='lat' dir='ltr'>⁵quo</span> <span class='ocrx_word' id='word_1_311' title='bbox 867 2319 1011 2378; x_wconf 86' lang='lat' dir='ltr'>accepi</span> <span class='ocrx_word' id='word_1_312' title='bbox 1032 2326 1082 2361; x_wconf 88' lang='lat' dir='ltr'>ut</span> <span class='ocrx_word' id='word_1_313' title='bbox 1118 2333 1278 2372; x_wconf 71' lang='lat' dir='ltr'>essem,</span> <span class='ocrx_word' id='word_1_314' title='bbox 1304 2317 1358 2360; x_wconf 86' lang='lat' dir='ltr'>ab</span> <span class='ocrx_word' id='word_1_315' title='bbox 1390 2316 1467 2361; x_wconf 82' lang='lat' dir='ltr'>illo</span> 
     </span>
     <span class='ocr_line' id='line_1_31' title="bbox 87 2385 1495 2449; baseline -0.004 -16"><span class='ocrx_word' id='word_1_316' title='bbox 87 2389 229 2449; x_wconf 79' lang='lat' dir='ltr'>accepi</span> <span class='ocrx_word' id='word_1_317' title='bbox 247 2398 296 2433; x_wconf 90' lang='lat' dir='ltr'>ut</span> <span class='ocrx_word' id='word_1_318' title='bbox 307 2385 451 2434; x_wconf 69' lang='lat' dir='ltr'>bonus</span> <span class='ocrx_word' id='word_1_319' title='bbox 469 2403 619 2434; x_wconf 87' lang='lat' dir='ltr'>essem.</span> <span class='ocrx_word' id='word_1_320' title='bbox 650 2408 670 2431; x_wconf 91' lang='lat'>«</span> <span class='ocrx_word' id='word_1_321' title='bbox 696 2395 804 2434; x_wconf 88' lang='lat' dir='ltr'>Deus</span> <span class='ocrx_word' id='word_1_322' title='bbox 819 2405 940 2433; x_wconf 90' lang='lat' dir='ltr'>meus</span> <span class='ocrx_word' id='word_1_323' title='bbox 964 2388 1252 2434; x_wconf 83' lang='lat' dir='ltr'>misericordia</span> <span class='ocrx_word' id='word_1_324' title='bbox 1271 2403 1380 2432; x_wconf 87' lang='lat' dir='ltr'>mea.</span> <span class='ocrx_word' id='word_1_325' title='bbox 1410 2406 1430 2428; x_wconf 88' lang='lat'>»</span> <span class='ocrx_word' id='word_1_326' title='bbox 1492 2386 1495 2389; x_wconf 76' lang='grc'><strong>’</strong></span> 
     </span>
    </p>
   </div>
   <div class='ocr_carea' id='block_1_3' title="bbox 134 2487 395 2527">
    <p class='ocr_par' dir='ltr' id='par_1_3' title="bbox 134 2487 395 2527">
     <span class='ocr_line' id='line_1_32' title="bbox 134 2487 395 2527; baseline -0.008 -9"><span class='ocrx_word' id='word_1_327' title='bbox 134 2491 143 2507; x_wconf 84' lang='lat'>¹</span> <span class='ocrx_word' id='word_1_328' title='bbox 168 2497 179 2517; x_wconf 92' lang='lat'>1</span> <span class='ocrx_word' id='word_1_329' title='bbox 209 2487 280 2518; x_wconf 88' lang='lat' dir='ltr'>Cor.</span> <span class='ocrx_word' id='word_1_330' title='bbox 299 2497 342 2527; x_wconf 79' lang='lat' dir='ltr'>lv,</span> <span class='ocrx_word' id='word_1_331' title='bbox 363 2497 395 2527; x_wconf 88' lang='lat'>7.</span> 
     </span>
    </p>
   </div>
  </div>
 </body>
</html>
