1889 3285
415 253 499 293 158
850 261 884 290 s.
920 261 1151 291 Anaus‘nm
1184 265 1365 292 Emscom

410 340 496 375 tam
519 328 815 389 multipliciter
831 328 920 372 sitit
936 327 1054 372 illam
1071 328 1388 388 infatigabilem
1406 329 1791 388 incorruptionem.

469 403 569 444 VII.
607 404 863 460 Quanquam
880 435 891 454 ‚
912 397 1064 443 fratres
1086 401 1171 443 mei
1192 435 1203 455 ,
1229 401 1334 445 boni
1347 400 1581 445 Christiani
1598 408 1641 443 et
1655 397 1796 442 fidelis

410 470 539 514 etiam
560 470 606 513 in
626 470 711 514 hoc
727 469 888 514 saeculo
909 485 1008 514 caro
1031 471 1120 513 Deo
1143 470 1233 514 sitit
1261 489 1270 514 ;
1296 470 1396 530 quia
1411 470 1445 514 si
1469 484 1579 530 opus
1596 477 1660 513 est
1676 468 1797 513 carni

409 555 522 601 pane
538 575 549 595 ,
573 540 610 584 si
631 555 739 600 opus
761 547 825 584 est
838 555 949 599 aqua
965 574 976 593 ,
997 539 1032 583 si
1055 554 1164 599 opus
1185 549 1249 584 est
1266 541 1390 594 vino,
1411 540 1444 584 si
1467 555 1576 600 opus
1588 549 1652 583 est
1673 541 1800 582 num-

410 627 505 667 mo,
530 611 564 656 Si
585 627 693 671 opus
716 620 779 655 est
790 611 990 671 jumento
1012 611 1130 655 carni
1152 611 1255 656 huic
1270 646 1280 666 ,
1308 627 1331 655 a
1354 614 1444 656 Deo
1466 620 1614 671 petere
1637 610 1769 654 debet
1784 644 1797 665 ,

410 696 501 726 non
525 698 549 726 a
577 681 801 726 daemoniis
833 691 876 725 et
903 680 1029 725 idolis
1054 690 1096 726 et
1119 698 1143 726 a
1164 683 1310 726 nescio
1331 682 1491 742 quibus
1514 676 1803 741 potestatibus

411 752 542 812 hujus
562 751 722 796 saeculi.
764 754 874 796 Sunt
896 751 1010 795 enim
1033 752 1110 812 qui
1131 752 1310 812 quando
1326 752 1489 797 famem
1504 750 1802 811 patiuntur‘in

413 823 496 866 isto
512 822 672 867 saeculo
687 857 698 878 ,
724 822 953 866 dimittunt
974 825 1114 866 Deum
1135 857 1146 878 ,
1172 832 1216 867 et
1235 832 1391 882 rogant
1412 823 1678 868 Mercurium
1693 857 1704 877 ,
1728 830 1804 866 aut
1840 838 1843 839 ⁷

413 903 568 951 rogant
583 896 608 938 J
612 908 738 938 ovem
755 902 806 937 ut
829 893 904 937 det
919 892 1002 938 illis
1016 929 1027 948 ,
1054 903 1129 938 aut
1146 909 1279 954 quam
1300 894 1454 939 dicunt
1470 893 1703 939 Coelestem
1715 894 1800 951 (1),

415 973 490 1009 aut
509 963 654 1025 aliqua
681 964 899 1009 daemonia
920 964 1072 1009 similia
1099 985 1108 1010 ε
1132 981 1222 1010 non
1250 969 1340 1010 Deo
1363 965 1451 1010 sitit
1470 980 1569 1009 caro
1590 965 1800 1024 ipsorum.
1864 967 1865 970 ’

415 1036 496 1089 Qui
520 1045 668 1079 autem
687 1038 778 1080 Deo
800 1036 980 1092 sitiunt,
1005 1035 1203 1097 undique
1226 1035 1390 1081 debent
1414 1036 1530 1080 sitire
1544 1071 1555 1091 ,
1590 1045 1634 1080 et
1662 1035 1805 1080 anima

415 1115 459 1150 et
479 1121 608 1150 earne
635 1125 644 1150 :
667 1106 770 1166 quia
791 1115 835 1150 et
855 1105 1010 1150 animae
1033 1109 1148 1150 Deus
1176 1106 1251 1150 dat
1272 1121 1432 1165 panem
1453 1121 1581 1149 suum
1597 1140 1608 1160 ,
1639 1105 1686 1149 id
1712 1114 1776 1149 est
1791 1140 1802 1160 ,

413 1177 596 1222 verbum
618 1176 838 1234 veritatis,
863 1185 906 1220 et
927 1177 1045 1220 carni
1061 1180 1175 1222 Deus
1202 1176 1277 1221 dat
1302 1192 1402 1236 quae
1418 1176 1654 1221 necessaria
1676 1184 1778 1220 sunt
1792 1211 1803 1231 ,

414 1247 516 1307 quia
536 1249 650 1291 Deus
679 1245 783 1290 fecit
814 1255 858 1290 et
891 1248 1080 1292 animam
1113 1257 1156 1292 et
1190 1262 1381 1292 earnem.
1419 1250 1600 1306 Propter
1632 1261 1808 1291 carnem

415 1326 537 1361 tuam
562 1331 687 1375 rogas
720 1316 935 1361 daemonia
963 1336 971 1362 :
996 1317 1234 1378 numquid·
1249 1318 1436 1362 animam
1468 1320 1582 1361 Deus
1604 1315 1708 1360 fecit
1723 1350 1734 1370 ,
1765 1324 1809 1359 et

417 1401 592 1430 carnem
615 1395 737 1430 tuam
755 1386 970 1429 daemonia
992 1386 1219 1429 fecerunt?
1233 1385 1315 1437 Qui
1346 1383 1450 1429 fecit
1471 1385 1660 1429 animam
1677 1420 1688 1440 ,
1718 1385 1811 1445 ipse

415 1456 520 1502 feeit
541 1466 584 1502 et
601 1472 776 1502 carnem
801 1476 809 1501 :
829 1456 904 1517 qui
927 1455 1030 1500 feeit
1047 1456 1196 1500 ambas
1210 1472 1291 1511 res,
1310 1456 1401 1515 ipse
1413 1456 1549 1516 pascit
1564 1457 1711 1501 ambas
1722 1471 1804 1501 res.

418 1531 664 1587 Utrumque
685 1535 884 1571 nostrum
900 1530 992 1572 Deo
1010 1525 1146 1581 sitiat,
1161 1535 1205 1570 et
1217 1541 1267 1570 ex
1287 1525 1437 1571 labore
1458 1525 1690 1586 multiplici
1703 1527 1808 1571 sim-

418 1597 591 1657 pliciter
607 1596 801 1640 satietur,
1575 1650 1579 1653 ι

476 1669 597 1711 VIII.
634 1666 719 1711 Ubi
750 1674 897 1710 autem
934 1666 1022 1710 sitit
1050 1667 1192 1711 anima
1227 1675 1400 1722 nostra,
1441 1675 1483 1711 et
1510 1666 1810 1727 multipliciter

418 1754 517 1784 caro
530 1746 693 1793 nostra,
709 1753 799 1782 non
821 1738 1098 1798 cuicumque,
1111 1737 1187 1782 sed
1208 1738 1304 1794 tibi,
1330 1738 1536 1793 Domine,
1554 1738 1601 1783 id
1622 1747 1700 1795 est,
1718 1742 1812 1784 Deo

419 1819 595 1867 nostro,
625 1809 704 1853 ubi
742 1809 829 1853 sitit
847 1811 865 1852 Ξ)
887 1827 907 1850 «
931 1811 983 1852 In
1005 1818 1118 1853 terra
1140 1808 1308 1854 deserta
1323 1844 1333 1864 ‚
1360 1818 1403 1853 et
1424 1809 1516 1853 sine
1537 1809 1628 1865 via,
1652 1819 1697 1854 et
1717 1810 1810 1854 sine

421 1900 441 1923 »
477 1882 629 1941 aqua¹.
653 1898 673 1921 »
703 1880 920 1925 Saeculum
935 1880 1052 1924 istud
1069 1880 1272 1935 diximus,
1290 1881 1381 1940 ipsa
1405 1889 1468 1924 est
1488 1881 1697 1936 Idumaea,
1724 1881 1810 1926 hoc

420 1961 483 1995 est
517 1950 737 1995 desertum
770 1950 1001 2005 Idumaeae,
1039 1949 1158 1994 unde
1190 1950 1370 1994 titulum
1397 1949 1593 1994 Psalmus
1623 1951 1804 2011 accepit.

424 2039 443 2061 «
479 2024 532 2065 In
553 2030 665 2065 terra
699 2019 882 2065 deserta.
918 2024 1077 2064 Parum
1106 2030 1169 2064 est
1196 2018 1386 2074 deserta,
1409 2037 1430 2060 »
1456 2020 1533 2063 ubi
1557 2020 1706 2066 nullus
1727 2022 1809 2066 ho·-

418 2092 587 2135 minum
615 2091 814 2150 habitat,
853 2092 1031 2151 insuper
1056 2110 1065 2136 :
1097 2093 1194 2134 «Et
1228 2090 1318 2134 sine
1341 2090 1410 2135 via
1437 2099 1480 2134 et
1510 2091 1601 2134 sine
1630 2107 1758 2152 aqua.
1783 2111 1806 2133 »⁴

420 2161 595 2206 Utinam
617 2161 688 2206 vel
709 2161 822 2206 viam
850 2162 1031 2206 haberet
1052 2161 1194 2220 ipsum
1218 2159 1438 2204 desertum
1471 2180 1480 2205 z
1509 2161 1678 2205 utinam
1702 2161 1810 2206 illuc

1859 2163 1874 2207 4

417 2232 550 2276 homo
567 2233 789 2276 incurrens
801 2267 812 2287 ,
837 2231 907 2275 vel
925 2240 1070 2275 nosset
1092 2246 1177 2290 qua
1195 2229 1298 2274 inde
1312 2231 1461 2275 exiret.
1482 2232 1579 2277 Non
1594 2231 1715 2276 videt
1730 2232 1808 2277 ho·
1862 2245 1877 2278 2

418 2302 581 2346 minem
614 2302 668 2346 ad
701 2301 902 2346 solatium
919 2338 929 2357 ,
955 2317 1046 2346 non
1062 2301 1182 2345 videt
1203 2301 1318 2345 viam
1340 2317 1426 2362 qua
1449 2311 1592 2346 careat
1613 2302 1799 2347 deserto.
1861 2317 1870 2343 τ

419 2375 536 2431 Ergo
558 2372 620 2415 ibi
642 2371 831 2416 divertit.
848 2373 1022 2417 Utinam
1038 2381 1145 2416 esset
1162 2371 1231 2416 vel
1249 2387 1360 2432 aqua
1372 2407 1382 2427 ,
1398 2371 1516 2416 uncle
1532 2373 1804 2428 reficeretur,
1860 2388 1869 2395 ·

413 2444 495 2503 qui
516 2442 618 2486 inde
640 2457 728 2487 non
759 2452 901 2502 potest
921 2443 1049 2486 exire.
1075 2442 1240 2487 Malum
1263 2441 1482 2487 desertum
1497 2478 1508 2499 ,
1533 2443 1741 2488 horribile
1762 2453 1806 2488 et

420 2511 663 2558 timendum
695 2531 705 2558 ε
735 2521 779 2557 et
814 2521 962 2558 tamen
992 2515 1108 2558 Deus
1138 2512 1337 2557 misertus
1364 2522 1428 2557 est
1447 2513 1605 2570 nostri,
1630 2521 1674 2558 et
1701 2511 1806 2558 feeit

469 2605 478 2622 ¹
508 2596 523 2627 1*
600 2608 683 2640 mxu,
696 2598 726 2630 3.

1831 2655 1838 2907 ἕ

1829 2912 1834 3095 ι

1824 3097 1854 3285 s,

1887 2449 1889 2471 1

1872 2550 1875 2554 Α
1886 2525 1889 2551 1
