1889 3285
424 218 508 258 126
851 225 884 255 s.
920 225 1151 256 AUGUSTINI
1182 229 1365 256 Emscom

422 310 524 354 gens
537 293 775 338 multitudo
789 328 799 348 ,
822 293 1113 349 annuntiasti,
1130 294 1303 338 loeutus
1322 310 1387 349 es,
1405 293 1680 354 multiplicati
1701 303 1803 339 sunt

419 381 547 425 super
568 379 801 408 numerum
834 366 847 389 ¹
862 399 873 419 ,
898 363 1089 423 impletae
1112 375 1212 409 sunt
1241 366 1405 425 nuptiae
1428 365 1799 421 recumbentium,

420 436 636 496 projeetus
658 444 720 478 est
738 433 840 478 inde
857 433 972 478 solus
990 450 1125 489 unus,
1150 444 1194 478 et
1211 434 1338 490 dieis,
1368 455 1388 478 «
1412 436 1541 480 Multi
1564 436 1679 479 enim
1703 444 1805 480 sunt

425 524 446 548 >⁹
481 506 644 560 vocati,
668 505 795 565 pauci
813 520 914 549 vero
937 504 1077 548 electi.
1100 521 1120 546 n
1143 507 1232 549 Cur
1250 522 1338 550 non
1355 507 1522 565 potius,
1546 508 1707 550 Omnes
1723 522 1804 551 vo-

421 577 525 631 cati,
550 575 677 620 multi
697 576 844 630 electi,
866 572 1243 634 unus'projectus?
1264 576 1306 620 Si
1328 575 1490 620 diceret
1504 613 1514 631 ,
1539 576 1666 620 multi
1688 577 1805 620 enim
1863 610 1866 612 v

421 656 523 691 sunt
541 647 706 702 vocati,
732 656 775 690 et
795 646 941 705 plures
961 645 1084 690 electi
1103 681 1113 700 ,
1136 646 1264 704 pauci
1289 661 1390 690 vero
1405 647 1579 706 reprobi
1600 666 1608 691 z
1630 647 1676 690 in
1697 662 1807 706 pau-

422 718 480 762 cis
513 716 625 761 forte
655 717 927 762 verisimilius
960 715 1297 774 intelligeremus
1334 733 1473 761 unum
1503 716 1644 761 illum.
1679 720 1806 762 Nunc

422 803 524 832 vero
547 787 651 832 dicit
668 786 789 848 quod
808 785 1036 831 unusinde
1048 788 1265 846 projectus
1287 795 1372 842 est,
1393 797 1437 831 et
1459 787 1626 842 subdit,
1647 787 1808 831 «Multi

425 876 446 899 n
481 858 597 902 enim
621 867 722 902 sunt
743 858 910 912 vocati,
932 857 1060 916 pauci
1083 872 1186 901 vero
1208 856 1349 901 electi.
1382 876 1401 899 »
1424 857 1510 910 Qui
1532 867 1634 901 sunt
1655 857 1804 913 electi,

422 928 503 972 nisi
525 929 600 989 qui
630 930 958 972 remanserunt?
982 928 1177 988 Projecto
1203 943 1314 983 uno,
1341 927 1465 972 electi
1489 935 1803 972 remanserunt.

422 999 654 1051 Quomodo
675 1000 867 1059 projecto
889 1014 976 1043 uno
991 998 1045 1041 de
1060 998 1208 1042 multis
1234 998 1360 1058 pauci
1377 998 1524 1052 electi,
1545 999 1625 1042 nisi
1639 999 1742 1059 quia
1763 999 1809 1042 in

422 1068 499 1113 illo
543 1085 633 1114 uno
678 1069 831 1113 multi?
874 1071 1035 1113 Omnes
1082 1069 1159 1129 qui
1202 1078 1372 1113 terrena
1415 1070 1589 1128 sapiunt
1603 1105 1613 1124 ,
1659 1085 1808 1114 omnes

423 1140 500 1200 qui
520 1139 771 1184 felicitatem
795 1150 1011 1184 terrenam
1034 1143 1124 1184 Deo
1156 1138 1420 1199 praeferunt,
1451 1155 1599 1184 omnes
1631 1141 1706 1200 qui
1734 1156 1810 1184 sua

423 1220 651 1270 quaerunt,
672 1227 762 1255 non
784 1227 882 1270 quae
902 1214 1005 1255 Jesn
1026 1208 1186 1255 Christi
1202 1215 1241 1266 ἵ.
1268 1210 1323 1254 ad
1350 1226 1483 1254 unam
1510 1210 1631 1254 illam
1659 1211 1810 1256 civita-

424 1290 512 1325 tem
539 1281 779 1345 pertinent,
805 1297 903 1340 quae
931 1280 1092 1325 dieitur
1113 1281 1353 1339 Babylonia
1376 1283 1580 1338 mystice,
1613 1291 1656 1325 et
1677 1282 1812 1325 habet

423 1366 571 1410 regem
593 1351 828 1395 diabolum.
857 1352 1017 1395 Omnes
1039 1360 1183 1394 autem
1216 1353 1292 1411 qui
1319 1367 1369 1395 ea
1397 1368 1496 1412 quae
1518 1367 1689 1396 sursum
1711 1361 1812 1397 sunt
1860 1362 1864 1368 ⁴

424 1422 598 1482 sapiunt
612 1457 623 1477 ,
663 1422 739 1482 qui
765 1421 955 1466 coelestia
984 1421 1250 1465 meditantur
1266 1457 1276 1477 ,
1302 1422 1379 1482 qui
1400 1438 1501 1466 cum
1522 1421 1812 1467 sollicitudine

424 1493 470 1536 in
490 1492 647 1537 saeculo
663 1494 832 1547 vivunt,
855 1507 909 1535 ne
932 1495 1070 1536 Deum
1091 1491 1335 1547 offendant,
1354 1493 1429 1553 qui
1441 1503 1596 1538 cavent
1614 1509 1808 1554 peccare,

421 1578 534 1623 quos
549 1572 776 1622 peccantes
790 1578 878 1607 non
898 1561 1035 1621 pudet
1046 1562 1259 1617 confiteri,
1278 1562 1480 1617 humiles,
1497 1563 1636 1619 mites,
1656 1564 1808 1620 sancti,

418 1633 551 1701 justi,
586 1634 671 1693 pii,
707 1633 811 1677 boni
826 1668 836 1688 ,
871 1649 1019 1677 omnes
1050 1633 1105 1677 ad
1140 1649 1273 1677 unam
1311 1634 1528 1678 civitatem
1568 1635 1808 1693 pertinent,

423 1720 523 1764 quae
546 1719 692 1763 regem
717 1704 850 1748 habet
871 1704 1107 1748 Christum.
1136 1703 1214 1747 llla
1236 1704 1351 1747 enim
1373 1705 1418 1747 in
1442 1714 1554 1748 terra
1576 1705 1698 1764 quasi
1716 1720 1810 1749 ma—
1859 1733 1879 1771 3„

419 1774 490 1833 jor
521 1784 585 1818 est
614 1783 830 1833 tempore,
864 1790 953 1818 non
983 1772 1271 1830 sublimitate,
1304 1790 1396 1818 non
1426 1775 1608 1818 honore.
1650 1775 1811 1820 Civitas
1864 1778 1889 1827 fl

422 1845 495 1890 illa
509 1846 625 1905 prior
642 1855 757 1900 nata,
774 1846 920 1890 civitas
938 1846 1016 1890 ista
1030 1846 1240 1905 posterior
1258 1855 1373 1889 nata.
1397 1844 1477 1889 Illa
1494 1846 1609 1888 enim
1630 1846 1812 1906 incoepit
1863 1845 1871 1855 '

423 1932 447 1960 a
468 1919 599 1972 Ca'i'n,
625 1918 718 1961 haec
739 1917 794 1961 ab
817 1916 942 1961 Abel.
972 1920 1074 1961 Haec
1107 1917 1198 1961 duo
1226 1932 1407 1976 corpora
1439 1916 1520 1960 sub
1543 1915 1716 1961 duobus
1743 1932 1812 1961 re-
1872 1939 1875 1951 =

423 1987 549 2044 gibus
578 1988 773 2046 agentia,
809 1986 864 2030 ad
895 1985 1081 2044 singulas
1114 1986 1306 2030 civitates
1337 1987 1621 2045 pertinentia,
1657 1986 1810 2031 adver·
1867 2019 1869 2029 ,

422 2067 572 2101 santur
593 2059 674 2102 sibi
696 2073 834 2118 usque
855 2058 899 2101 in
918 2054 1049 2101 finem
1071 2057 1219 2102 saeculi
1234 2093 1244 2112 ,
1266 2057 1405 2101 donec
1426 2057 1506 2100 fiat
1527 2072 1579 2101 ex
1601 2059 1810 2102 commix-
1866 2076 1874 2085 ·

422 2129 540 2172 tione
573 2130 805 2189 separatio,
843 2138 886 2172 et
920 2128 991 2172 alii
1022 2138 1241 2188 ponantur
1281 2127 1337 2171 ad
1368 2126 1620 2181 dexteram,
1655 2127 1726 2172 alii
1754 2128 1812 2174 ad
1874 2142 1889 2169 ,1

421 2199 632 2243 sinistram
650 2235 660 2253 ,
681 2199 939 2259 dicaturque
956 2198 1061 2254 illis,
1091 2219 1111 2241 «
1131 2201 1286 2243 Venite
1310 2197 1532 2242 benedieti
1553 2199 1688 2242 Patris
1706 2200 1806 2254 mei,

424 2287 445 2311 »
481 2271 688 2330 percipite
708 2286 889 2328 regnum
921 2271 1042 2331 quod
1066 2271 1189 2315 vobis
1219 2279 1419 2330 paratum
1451 2279 1516 2313 est
1545 2269 1600 2313 ab
1633 2270 1809 2315 exordio
1844 2298 1848 2300 ἡ
1887 2255 1889 2307 s

425 2358 446 2382 »
482 2341 635 2385 mundi
654 2361 662 2385 ε
684 2360 704 2383 »
725 2342 806 2385 illis
824 2352 965 2386 autem
980 2379 990 2398 ,
1020 2362 1039 2385 «
1063 2346 1128 2386 Ite
1145 2343 1189 2386 in
1207 2343 1348 2400 ignem
1371 2351 1588 2385 aeternum
1603 2376 1613 2396 ,
1639 2335 1716 2401 qui
1733 2358 1811 2402 pa-
1875 2340 1889 2374 -’

424 2428 446 2452 »
481 2421 598 2456 ratus
620 2421 684 2455 est
705 2411 877 2456 diabolo
906 2422 948 2456 et
980 2413 1140 2471 angelis
1161 2414 1266 2472 ejus.
1295 2431 1316 2454 »
1348 2412 1548 2457 Christus
1575 2411 1689 2454 enim
1725 2413 1808 2457 hoc

420 2481 548 2539 dicit,
585 2502 605 2525 «
642 2483 796 2527 Venite
824 2484 1040 2529 benedieti
1075 2484 1211 2529 Patris
1238 2484 1344 2540 mei,
1377 2483 1591 2544 percipite
1623 2497 1807 2541 regnum

467 2576 475 2592 ¹
499 2568 579 2601 Psal.
595 2580 700 2610 xxmx,
714 2568 746 2601 6,
768 2585 809 2591 -
827 2575 839 2591 ²
858 2568 968 2610 Philip.
988 2580 1023 2610 n,
1044 2577 1098 2600 21.

1830 2650 1837 2903 i

1828 2934 1833 3076 ἕ

1886 2387 1889 2414 ³,
