1889 3285
413 265 497 307 186
854 276 891 304 s.
926 271 1158 305 Aucus-rim
1188 275 1371 306 Ensco‘rt

409 356 566 402 corpus
585 350 630 386 et
653 341 842 386 animam
868 341 1040 385 mittere
1059 342 1105 385 in
1126 342 1416 401 gehennam1.
1441 339 1794 385 Praedicaverunt
1855 332 1862 371 ‘s

407 413 664 458 Dominum:
680 427 782 457 nam
798 413 938 472 primo
961 416 1113 456 Petrus
1134 413 1294 468 timuit,
1308 421 1353 456 et
1371 412 1599 456 inimicum
1619 411 1764 456 timuit
1776 445 1789 467 ,
1855 426 1858 438 ·

406 483 605 529 nondum
636 493 728 528 erat
754 484 897 528 anima
917 484 1008 544 ejus
1035 492 1158 527 eruta
1187 484 1241 527 ab
1268 483 1460 527 inimico.
1496 485 1793 540 Interrogatus
1856 527 1857 530 ,

406 555 461 600 ab
482 554 659 609 ancilla,
690 553 812 614 quod
841 555 955 599 inter
978 553 1216 614 Discipulos
1236 555 1327 614 ejus
1355 562 1489 608 esset,
1514 553 1688 612 negavit
1706 556 1794 598 Do—
1856 553 1863 562 ”

404 627 575 672 minum
593 627 696 669 ter2.
711 624 959 669 Resurrexit
973 625 1197 681 Dominus,
1213 626 1402 669 firmavit
1412 624 1661 669 columnam
1680 642 1689 669 ε
1701 625 1792 684 Jam
1856 627 1859 634 ‘

405 700 558 741 Petrus
580 696 788 755 praedicat
807 695 900 740 sine
917 695 1094 750 timore,
1124 705 1168 739 et
1190 710 1291 740 cum
1312 694 1494 753 timore,
1524 695 1618 739 sine
1638 695 1794 738 timore
1855 682 1858 717 Ῐ

404 781 557 812 eorum
588 766 665 826 qui
691 780 850 825 corpus
881 765 1112 820 occidunt,
1140 781 1240 810 cum
1272 767 1429 811 timore
1452 767 1544 826 ejus
1565 765 1643 826 qui
1662 765 1796 809 habet
1855 786 1857 792 ¹

402 845 664 897 potestatem
697 845 740 880 et
772 851 931 896 corpus
965 845 1010 880 et
1037 836 1225 880 animam
1257 834 1487 881 occidendi
1518 836 1566 879 in
1595 835 1795 894 gehenna

402 908 529 968 ignis.
556 926 579 949 «
605 907 768 951 Timuit
801 907 939 952 omnis
982 907 1116 951 homo
1137 926 1153 951 :v
1181 916 1226 951 et
1255 906 1629 950 annuntiaverunt
1661 920 1795 964 opera
1855 947 1857 957 ,

405 998 426 1021 »
463 979 556 1024 Dei.
586 994 607 1019 »
631 981 830 1038 Namque
851 978 1160 1022 annuntiantes
1182 977 1284 1021 istos
1302 975 1534 1036 Apostolos
1551 990 1680 1035 opera
1697 975 1791 1030 Dei,

403 1049 696 1094 exhibuerunt
711 1048 791 1092 sibi
808 1048 1022 1108 principes
1039 1046 1314 1092 sacerdotum
1330 1082 1342 1102 ,
1363 1056 1407 1091 et
1421 1046 1672 1091 comminati
1693 1054 1795 1090 sunt
1854 1056 1856 1089 ζ

402 1119 596 1164 dicentes
619 1136 628 1163 :
654 1136 677 1160 α
700 1121 764 1163 Ne
782 1119 829 1163 in
847 1118 1024 1162 nomine
1045 1120 1149 1162 Jesu
1171 1118 1474 1178 praedicarent.
1504 1119 1563 1162 Et
1589 1115 1654 1160 illi
1675 1115 1795 1160 dixe-
1854 1115 1856 1126 ¹
1875 1103 1877 1109 X

404 1207 427 1231 2)
460 1197 566 1233 runt
590 1207 601 1234 :
624 1188 764 1233 Dicite
790 1188 918 1233 nobis
935 1223 946 1242 ‚
984 1189 1055 1232 cui
1083 1188 1216 1246 magis
1244 1189 1547 1247 obtemperare
1569 1195 1792 1246 oporteat,

403 1278 425 1301 »
459 1262 552 1304 Deo
580 1275 638 1303 an
659 1259 967 1303 hominibus3‘?
993 1275 1014 1298 »
1035 1257 1154 1311 Quid
1179 1257 1242 1301 illi
1274 1258 1499 1301 dicerent?
1530 1256 1791 1301 Hominibus

400 1329 545 1389 potius
576 1344 709 1389 quam
738 1330 859 1373 Deo?
889 1328 990 1373 Sine
1016 1328 1154 1372 dubio
1185 1343 1276 1372 non
1309 1326 1653 1387 responderent,
1682 1327 1788 1382 nisi,

400 1403 492 1445 Deo
519 1400 678 1460 potiuS.
711 1398 780 1444 Illi
807 1408 957 1443 autem
989 1398 1181 1443 sciebant
1198 1432 1210 1452 ,
1244 1411 1344 1458 quae
1368 1398 1545 1458 juberet
1576 1400 1718 1452 Deus,
1746 1406 1792 1442 et

400 1479 759 1530 contempserunt
778 1469 993 1513 minantes
1025 1466 1284 1513 sacerdotes.
1314 1468 1422 1522 Quia
1450 1483 1554 1527 ergo
1582 1487 1602 1510 «
1629 1467 1792 1512 Timuit

403 1559 426 1583 »
459 1540 599 1586 omnis
620 1540 769 1595 homo,
790 1554 921 1583 »non
941 1539 1099 1583 terruit
1117 1539 1252 1584 homo
1270 1557 1280 1584 ε
1301 1558 1322 1581 «
1341 1542 1399 1583 Et
1419 1539 1792 1584 annuntiaverunt

402 1629 426 1654 »
457 1626 591 1671 opera
621 1610 715 1655 Dei.
742 1627 763 1652 n
795 1610 840 1655 Si
860 1610 986 1653 timet
1004 1609 1160 1663 homo,
1192 1624 1284 1654 non
1308 1614 1468 1652 terreat
1499 1609 1633 1652 homo
1653 1621 1664 1652 t
1686 1622 1792 1652 eum

399 1683 514 1726 enim
536 1681 689 1725 timere
713 1680 846 1725 debet
870 1680 1027 1733 homo,
1053 1695 1076 1722 a
1098 1693 1187 1738 quo
1220 1676 1363 1722 factus
1384 1686 1448 1721 est
1479 1678 1630 1722 homo.
1657 1677 1792 1731 Quod

399 1764 529 1811 supra
545 1751 743 1796 homines
761 1759 825 1794 est
841 1750 961 1804 time,
977 1757 1020 1791 et
1031 1748 1229 1792 homines
1248 1757 1288 1791 te
1301 1762 1392 1792 non
1411 1748 1656 1792 terrebunt.
1674 1750 1790 1792 Mor·
1852 1794 1854 1798 ,
1874 1759 1889 1787 -ῑ

398 1830 487 1866 tem
515 1820 821 1880 sempiternam
841 1819 972 1874 time,
997 1827 1041 1862 et
1062 1827 1321 1877 praesentem
1348 1833 1439 1862 non
1467 1818 1655 1862 curabis.
1695 1820 1788 1863 Vo-

396 1892 612 1951 luptatem
632 1889 753 1934 issam
771 1891 1092 1949 incorruptam,
1117 1897 1160 1932 et
1182 1889 1376 1949 quietem
1396 1888 1489 1932 sine
1509 1888 1606 1933 labe
1627 1904 1789 1933 conen-

397 1962 539 2021 pisce3
575 1969 619 2004 et
655 1959 984 2019 promittentem
1013 1959 1128 2003 dona
1163 1960 1242 2003 ista
1274 1959 1530 2018 temporalia
1568 1968 1611 2003 et
1644 1968 1788 2004 totum

397 2030 615 2075 mundum
633 2028 870 2074 deridebis.
902 2032 1011 2073 Ama
1034 2043 1162 2088 ergo,
1196 2028 1240 2073 et
1267 2030 1370 2073 time
1391 2047 1401 2073 :
1426 2045 1523 2074 ama
1549 2029 1671 2089 quod
1688 2045 1788 2089 pro·
1850 2076 1852 2080 ,
1883 2042 1888 2083 ξ

397 2101 533 2145 mittit
553 2102 693 2154 Deus,
728 2099 834 2143 time
861 2099 983 2160 quod
1009 2099 1201 2143 minatur
1231 2102 1367 2158 Deus3
1392 2115 1473 2144 nec
1497 2101 1787 2160 corrumperis
1875 2110 1889 2141 τὲ

398 2187 451 2216 ex
466 2187 517 2215 eo
533 2170 655 2231 quod
675 2170 914 2230 promittit,
943 2184 1024 2215 nec
1045 2170 1273 2214 terreberis
1295 2185 1348 2214 ex
1372 2186 1424 2215 eo
1445 2171 1566 2231 quod
1593 2171 1787 2216 minatur
1850 2163 1852 2190 ‘
1875 2186 1886 2203 ¹⁵

396 2242 546 2286 homo.
570 2258 592 2284 (ι
611 2244 669 2285 Et
688 2241 834 2285 timuit
854 2241 994 2285 omnis
1010 2241 1143 2284 homo
1162 2256 1174 2284 .·
1199 2250 1243 2285 et
1264 2242 1635 2285 annuntiaverunt
1654 2255 1786 2301 opera

400 2330 423 2355 n
457 2313 559 2367 Dei,
592 2320 637 2356 et
659 2311 773 2355 facta
802 2312 892 2371 ejus
924 2311 1259 2355 intellexerunt?
1283 2329 1303 2352 »
1330 2310 1447 2364 Quid
1475 2320 1565 2365 est,
1607 2329 1629 2353 (ι
1652 2314 1786 2356 Facta

399 2401 422 2425 »
454 2383 545 2442 ejus
571 2381 911 2426 intellexerunt?
936 2398 956 2422 »
983 2383 1076 2426 Hoc
1106 2389 1198 2424 erat
1228 2379 1340 2424 illud
1358 2415 1368 2434 ,
1395 2382 1432 2424 Ο
1465 2381 1648 2424 Domine
1681 2383 1786 2426 Jesu

397 2454 568 2500 Christe
584 2488 595 2508 ,
621 2452 742 2513 quod
767 2453 966 2507 tacebas,
993 2462 1037 2496 et
1057 2451 1168 2496 sicut
1196 2451 1287 2496 ovis
1314 2451 1369 2495 ad
1399 2451 1618 2495 victimam
1647 2450 1784 2496 duce·
1848 2476 1850 2511 ς
1873 2465 1887 2490 ’ἑ

396 2524 508 2569 baris
524 2557 535 2579 ,
554 2533 598 2568 et
614 2538 705 2569 non
729 2523 949 2583 aperiebas
966 2537 1114 2568 coram
1137 2520 1347 2566 tondente
1367 2536 1414 2566 os
1441 2530 1570 2565 tuum
1582 2523 1615 2577 4,
1639 2531 1683 2566 et
1705 2537 1784 2567 nos
1848 2541 1849 2547 ¹

446 2616 455 2633 ¹
481 2610 592 2643 matth.
620 2621 652 2651 x,
672 2609 724 2643 28.
746 2626 787 2634 -·
813 2617 826 2633 ²
846 2610 893 2643 Id.
920 2619 1006 2648 xxvi,
1024 2608 1079 2651 69.
1101 2624 1142 2633 —-
1162 2606 1175 2630 3
1194 2608 1273 2641 Act.
1290 2619 1322 2647 v,
1343 2617 1457 2650 27-529.
1484 2606 1637 2640 —4Isn'1'.
1660 2618 1727 2647 tur,
1748 2618 1779 2649 7.
1847 2606 1850 2618 ³
1874 2630 1876 2634 .
