1889 3285
400 291 485 331 334
823 298 857 327 s.
894 298 1127 329 AUGusnm
1158 302 1342 330 Emscom

398 364 513 410 cabit
535 364 581 408 in
604 363 727 409 vohis
749 363 825 424 qui
846 363 1018 408 habitat
1038 364 1084 407 in
1105 365 1241 409 vobis.
1263 368 1340 409 Est
1361 364 1564 425 quaedam
1584 363 1784 409 liberatio
1846 375 1847 379 ’

396 443 644 495 sanctorum
668 433 838 478 occulta
859 452 869 477 z
886 434 980 477 haee
997 443 1175 493 propter
1196 434 1310 493 ipsos
1332 436 1397 480 fit.
1413 438 1470 479 Et
1487 433 1690 494 quaedam
1705 448 1786 493 pu-

396 503 511 548 blica
532 513 575 548 et
601 502 828 563 manifesta
851 522 860 548 z
887 502 981 547 h'aec
1003 513 1180 563 propter
1200 504 1396 549 inimicos
1421 519 1571 549 eorum
1594 504 1645 547 fit
1659 538 1671 558 ‚
1696 503 1785 548 sive

396 572 640 634 puniendos
655 608 667 629 ,
698 573 786 617 sive
806 573 1070 628 liberandos.
1095 576 1204 619 Nam
1227 574 1379 634 utique
1400 577 1515 618 Deus
1539 574 1593 617 de
1609 573 1785 632 ignibus

396 643 680 704 persecutoris
701 658 791 687 non
806 642 1006 687 liberavit
1028 643 1180 687 fratres
1192 645 1506 699 Machabaeos1,
1524 643 1682 704 quibus
1697 645 1786 687 An-

396 714 565 759 tiochus
587 714 765 758 saeviens
780 713 910 756 etiam
925 722 1107 757 matrem
1125 713 1344 769 adhibuit,
1356 715 1478 774 cujus
1495 712 1716 757 blanditiis
1729 713 1787 758 ad

397 799 588 845 amorem
599 783 701 829 vitae
714 792 1086 838 converterentur,
1103 793 1146 828 et
1159 783 1346 829 amando
1358 785 1502 829 vivere
1514 782 1782 838 hominibus,
1848 825 1850 830 .

396 858 486 899 Deo
503 863 792 898 morerentur.
804 856 861 897 At
878 853 951 897 illa
964 862 1116 909 mater,
1130 854 1221 913 jam
1242 870 1333 899 non
1346 857 1466 910 Evae,
1481 853 1556 899 sed
1569 853 1696 898 matri
1706 855 1786 897 Ec·
1848 898 1850 918 Σ

397 924 538 969 clesiae
555 923 722 979 similis,
742 939 852 984 quos
866 939 967 968 cum
985 922 1135 968 dolore
1151 935 1378 984 pepererat
1391 935 1439 969 ut
1450 925 1570 970 vivos
1584 938 1787 983 agnosce-
1814 948 1821 952 »
1848 927 1851 962 ’ἰ

397 1005 599 1050 ret,cum
622 994 780 1052 gaudio
803 994 910 1038 vidit
927 995 1185 1051 morientes3
1207 1004 1248 1038 et
1266 995 1320 1039 ad
1342 996 1425 1040 hoc
1442 996 1613 1039 hortata
1636 1003 1714 1049 est,
1734 1002 1785 1038 ut
1850 1011 1851 1017 ¹

397 1065 607 1124 eligerent
623 1065 766 1124 potius
784 1064 893 1108 mori
917 1079 995 1123 pro
1017 1065 1206 1123 paternis
1227 1064 1398 1123 legibus
1413 1066 1587 1110 Domini
1600 1065 1678 1109 Dei
1698 1065 1781 1119 sui,

396 1152 529 1196 quam
550 1136 693 1180 vivere
725 1144 876 1179 contra
898 1151 981 1179 eas.
1009 1135 1127 1188 Quid
1158 1136 1228 1180 hic
1257 1136 1463 1180 credituri
1496 1152 1668 1189 sumus,
1693 1135 1784 1179 fra-
1850 1133 1852 1176 ἐ

396 1216 496 1261 tres,
510 1206 592 1249 nisi
609 1206 710 1266 quia
731 1205 903 1250 liberati
920 1208 1054 1250 sunt?
1071 1206 1157 1251 Sed
1178 1207 1349 1251 occulta
1374 1206 1459 1252 fuit
1478 1206 1653 1252 illorum
1675 1205 1786 1250 libe-
1850 1220 1854 1246 ε

395 1276 504 1320 ratio
527 1295 536 1320 ε
562 1275 752 1335 denique
789 1277 880 1334 ipse
902 1276 1143 1320 Antiochus
1161 1311 1172 1331 ‚
1204 1292 1228 1319 a
1252 1292 1340 1336 quo
1361 1277 1490 1321 occisi
1517 1285 1619 1320 sunt
1634 1311 1645 1331 ,
1670 1276 1785 1320 visus

395 1356 460 1391 est
477 1346 559 1389 sibi
577 1345 743 1405 aliquid
762 1343 909 1389 secisse
925 1380 936 1400 ,
962 1345 1084 1405 quod
1105 1347 1195 1405 ejus
1217 1346 1448 1391 crudelitas
1470 1346 1665 1390 dictabat
1680 1381 1692 1401 ,
1715 1345 1787 1390 vel

394 1417 539 1476 potius
560 1416 786 1460 incitabat.
804 1420 861 1459 At
882 1432 984 1461 vero
1006 1426 1090 1461 tres
1111 1417 1237 1476 pueri
1254 1417 1309 1461 de
1330 1419 1499 1462 camino
1513 1417 1623 1476 ignis
1639 1425 1786 1476 aperte

393 1487 564 1532 liberati
587 1490 742 1544 sunt23
768 1486 870 1546 quia
904 1497 948 1531 et
969 1502 1126 1545 corpus
1162 1503 1313 1532 eorum
1345 1498 1520 1532 erutum
1551 1497 1643 1542 est,
1673 1485 1786 1531 salus

397 1554 550 1602 eorum
584 1555 762 1616 publica
798 1556 896 1600 suit.
923 1555 992 1600 Illi
1014 1572 1116 1615 ergo
1139 1566 1239 1601 sunt
1275 1558 1321 1601 in
1355 1557 1528 1602 occulto
1562 1557 1783 1612 coronati,

394 1628 463 1671 isti
484 1628 530 1671 in
559 1635 709 1685 aperto
734 1625 909 1669 liberati
942 1645 950 1670 :
977 1641 1127 1669 omnes
1155 1635 1302 1670 tamen
1319 1627 1485 1671 salvati.
1512 1627 1617 1680 Quis
1640 1635 1787 1670 autem

395 1697 565 1742 fructus
585 1696 854 1753 liberationis
872 1696 1006 1739 trium
1020 1699 1435 1755 puerorumPQuare
1454 1712 1605 1741 eorum
1626 1712 1786 1741 corona

395 1768 530 1812 dilata
553 1769 649 1812 est?
674 1771 770 1827 Ipse
793 1767 1198 1812 Nabuchodonosor
1230 1783 1461 1812 conversus
1484 1777 1548 1812 est
1568 1767 1624 1811 ad
1645 1771 1787 1812 Deum

394 1838 617 1897 ipsorum⁷
655 1853 844 1898 eumque
884 1837 1164 1897 praedicavit,
1199 1838 1303 1897 quia
1335 1838 1449 1881 eruit
1483 1853 1628 1882 servos
1657 1853 1782 1896 suos3

395 1923 527 1967 quem
560 1915 904 1967 contempserat,
942 1922 1043 1951 cum
1081 1923 1151 1951 eos
1185 1907 1359 1952 miserat
1378 1907 1424 1951 in
1447 1908 1682 1952 caminum.
1707 1910 1785 1952 Est

395 1993 498 2036 ergo
525 1976 726 2021 liberatio
750 1975 944 2031 occulta,
977 1985 1041 2020 est
1070 1976 1269 2021 liberatio
1296 1977 1538 2022 manifesta.
1564 1977 1784 2022 Liberatio

395 2047 565 2092 occulta
589 2048 643 2092 ad
665 2044 879 2103 animam,
911 2047 1112 2092 liberatio
1146 2047 1374 2092 manifesta
1396 2048 1526 2092 etiam
1549 2048 1605 2092 ad
1626 2063 1784 2107 corpus

394 2118 598 2177 pertinet.
626 2122 677 2162 In
705 2117 877 2162 occulto
900 2117 1016 2160 enim
1041 2117 1183 2161 anima
1217 2117 1427 2161 liberatur
1443 2153 1454 2173 ‚
1485 2118 1532 2162 in
1553 2118 1784 2163 manifesto

396 2204 567 2247 corpus.
606 2191 740 2232 Porro
774 2189 806 2232 si
844 2188 904 2232 ita
939 2197 1029 2243 est,
1063 2188 1109 2231 in
1139 2188 1224 2232 hoc
1247 2188 1416 2232 Psalmo
1436 2204 1589 2233 vocem
1611 2188 1783 2233 Domini

396 2275 679 2318 agnoscamus
698 2279 707 2304 2
728 2259 779 2303 ad
804 2258 1019 2303 occultam
1044 2258 1345 2303 liberationem
1366 2260 1554 2318 pertinet
1575 2259 1695 2320 quod
1717 2276 1784 2304 su·

394 2345 473 2389 pra
494 2329 601 2373 dixit
624 2349 633 2374 2
652 2349 673 2371 «
690 2330 873 2373 Intende
892 2329 1046 2373 animae
1062 2344 1192 2385 meae,
1219 2338 1262 2372 et
1288 2329 1451 2373 redime
1472 2345 1585 2374 eam.
1601 2333 1784 2374 »Restat

395 2399 587 2460 corporis
607 2399 804 2444 liberatio
826 2419 834 2444 ;
861 2400 963 2459 quia
985 2414 1035 2443 eo
1057 2408 1324 2457 resurgente,
1349 2409 1391 2443 et
1412 2400 1458 2443 in
1479 2399 1613 2444 coelos
1635 2415 1783 2444 ascen-

396 2470 526 2515 dente
544 2504 555 2525 ,
580 2479 623 2514 et
647 2470 857 2530 Spiritum
881 2479 1079 2514 sanctum
1102 2470 1289 2529 desuper
1309 2471 1509 2514 mittente
1524 2471 1556 2526 ³,
1585 2470 1781 2515 conversi

396 2550 499 2584 sunt
537 2540 593 2584 ad
623 2541 713 2600 ejus
746 2539 879 2584 fidem
901 2540 977 2599 qui
1004 2539 1050 2583 in
1082 2540 1174 2599 ejus
1204 2548 1343 2584 morte
1369 2540 1626 2596 saevierunt,
1650 2549 1694 2585 et
1729 2555 1781 2584 ex

445 2630 455 2648 ¹
476 2633 495 2657 2
517 2624 665 2658 Machab.
688 2636 742 2658 vu.
761 2642 801 2648 —
822 2632 834 2648 ²
854 2627 923 2657 Dan
951 2635 996 2666 m,
1017 2623 1129 2676 493-—
1157 2622 1170 2647 3
1188 2606 1260 2657 Act.
1281 2636 1307 2666 1,
1327 2635 1361 2667 9,
1381 2627 1414 2657 et
1431 2623 1512 2666 11,4.

1856 2529 1859 2569 Ι
1885 2538 1889 2566 1
