1889 3285
394 252 475 294 184
819 257 851 285 s.
887 257 1118 286 AUGUSTINI
1149 259 1331 286 Emscom

394 347 413 369 η
449 327 558 370 tium
582 322 708 368 factae
731 331 834 366 sunt
849 320 990 381 plagae
1012 336 1160 366 eorum
1178 357 1189 375 ,
1215 331 1258 366 et
1273 321 1502 367 infirmatae
1519 330 1622 366 sunt
1641 336 1771 381 super

392 417 411 439 »
447 411 519 440 eos
541 394 704 453 linguae
726 407 891 437 eorum.
921 410 941 432 »
968 395 1061 445 Quo
1074 391 1371 451 perduxerunt
1382 392 1476 437 illas
1488 392 1771 437 scrutationes

390 482 503 521 suas,
528 481 634 526 quas
651 471 971 524 perscrutantes
999 460 1270 518 defecerunt,
1285 472 1336 508 ut
1351 463 1482 508 etiam
1499 471 1673 507 mortuo
1689 466 1775 508 Do-

389 539 509 583 mino
530 546 573 581 et
595 535 766 596 sepulto
781 570 792 590 ‚
817 532 1016 578 custodes
1036 542 1250 592 ponerent
1266 533 1322 578 ad
1342 533 1622 594 sepulcrum?
1643 534 1773 578 Dixe-

390 617 494 652 runt
524 607 642 651 enim
675 604 814 649 Pilato
836 639 847 659 ,
874 623 893 645 «
928 602 1138 648 Seductor
1167 602 1241 648 ille
1265 625 1277 662 3
1310 621 1330 646 n
1356 605 1440 648 hoc
1475 602 1775 664 appellabatur

389 679 567 724 nomine
601 677 810 722 Dominus
836 677 959 719 Jesus
979 675 1200 730 Christus,
1239 674 1294 720 ad
1323 675 1525 720 solatium
1553 689 1776 720 servorum

390 764 568 795 suorum
605 746 782 808 quando
805 745 1013 790 dicuntur
1043 745 1290 790 seductores
1326 765 1335 790 :
1371 760 1472 803 ergo
1499 744 1561 789 illi
1590 744 1729 790 Pilato
1762 764 1772 790 ;

395 840 416 862 «
453 818 664 865 Seductor
691 816 786 871 ille,
812 815 1020 876 inquiunt
1037 851 1048 871 ‚
1073 814 1182 859 dixit
1203 814 1346 860 adhuc
1368 815 1541 860 vivens:
1568 818 1671 860 Post
1693 823 1776 858 tres

393 909 415 932 »
449 890 542 933 dies
563 902 784 946 resurgam
809 906 818 931 z
839 886 946 946 jube
965 886 1113 946 itaque
1135 885 1342 931 custodiri
1370 884 1618 945 sepulcrum
1640 899 1778 944 usque

393 980 414 1004 »
450 961 497 1004 in
519 959 634 1004 diem
656 958 850 1012 tertium,
876 972 932 1001 ne
948 955 1060 1002 forte
1076 957 1255 1001 veniant
1269 956 1479 1016 Discipuli
1497 957 1609 1016 ejus,
1641 965 1684 1000 et
1709 954 1779 999 fu-

396 1051 414 1072 »
449 1038 600 1074 rentur
618 1044 718 1072 eum
731 1063 742 1083 ,
760 1036 802 1072 et
824 1027 970 1071 dicant
990 1026 1136 1087 plebi3
1159 1027 1353 1071 Surrexit
1370 1042 1393 1070 a
1414 1026 1596 1071 mortuis
1613 1046 1624 1083 3
1644 1024 1780 1070 eterit

394 1118 416 1143 »
451 1100 706 1144 novissimus
734 1114 852 1143 error
867 1098 988 1157 pejor
1008 1098 1165 1158 priore.
1198 1097 1271 1142 Ait
1284 1096 1366 1141 illis
1387 1096 1549 1141 Pilatus
1572 1115 1580 1141 ε
1603 1095 1778 1140 Habetis

395 1189 416 1214 »
452 1170 710 1224 custodiam,
734 1169 793 1213 ite
813 1167 1027 1212 custodite
1050 1169 1161 1213 sicut
1178 1169 1306 1213 scitis.
1331 1167 1401 1212 Illi
1417 1176 1563 1212 autem
1575 1167 1780 1211 abeuntes

395 1259 417 1283 »
451 1241 706 1285 munierunt
726 1238 976 1299 sepulcrum
991 1273 1003 1293 ,
1028 1239 1245 1297 signantes
1263 1238 1453 1297 lapidem
1465 1252 1567 1283 cum
1587 1235 1781 1282 custodi-

395 1331 416 1354 »
451 1312 534 1356 bus
547 1314 578 1356 1.
600 1329 620 1353 »
638 1315 884 1356 Posuerunt
905 1309 1106 1354 custodes
1126 1309 1284 1353 milites
1314 1310 1370 1353 ad
1387 1309 1781 1369 sepulcrum.Con-

393 1398 516 1428 cussa
537 1392 650 1427 terra
669 1382 879 1426 Dominus
900 1380 1132 1425 resurrexit
1157 1399 1166 1425 :
1192 1379 1397 1425 miracula
1419 1379 1535 1425 facta
1555 1388 1657 1424 sunt
1679 1378 1783 1424 talia

394 1454 507 1498 circa
534 1451 804 1511 sepulcrum,
834 1460 886 1495 ut
917 1460 961 1495 et
984 1450 1065 1510 ipsi
1099 1449 1255 1494 milites
1276 1450 1355 1510 qui
1376 1449 1577 1496 custodes
1598 1449 1784 1494 advene·
1852 1449 1854 1470 ³

394 1532 494 1568 rant
512 1558 524 1578 ‚
547 1531 678 1566 testes
689 1524 846 1566 fierent
862 1557 873 1575 ‚
899 1521 933 1565 si
953 1521 1119 1565 vellent
1139 1536 1241 1566 vera
1253 1521 1455 1565 nuntiare
1480 1540 1489 1567 :
1515 1521 1592 1566 sed
1606 1520 1784 1566 avaritia
1852 1512 1855 1567 f
1875 1542 1878 1567 ³

393 1593 469 1639 illa
486 1608 585 1654 quae
606 1591 840 1652 captivavit
853 1590 1123 1651 Discipulum
1143 1591 1346 1636 comitem
1359 1591 1534 1644 Christi,
1549 1590 1786 1649 captivavit
1853 1597 1855 1611 ³

396 1674 440 1709 et
459 1662 642 1708 militem
673 1660 899 1706 custodem
921 1660 1122 1721 sepulcri.
1153 1662 1350 1704 «Damus
1365 1695 1377 1715 ,
1403 1660 1636 1720 inquiunt,
1660 1659 1784 1705 vobis
1853 1705 1855 1711 ⁴
1877 1668 1878 1682 ³

400 1754 419 1776 »
454 1733 711 1793 pecuniam3
735 1740 778 1776 et
795 1731 946 1785 dicite,
970 1730 1072 1790 quia
1089 1729 1211 1774 vobis
1233 1728 1549 1774 dormientibus
1567 1739 1785 1775 venerunt

398 1823 419 1847 »
455 1803 665 1862 Discipuli
693 1803 805 1862 ejus,
846 1810 889 1845 et
919 1800 1195 1845 abstulerunt
1223 1803 1365 1845 eum‘2.
1383 1802 1495 1844 Vere
1527 1800 1785 1845 defecerunt

399 1893 421 1916 »
456 1881 695 1918 scrutantes
718 1871 1017 1916 scrutationes¹
1041 1888 1062 1911 »
1087 1869 1200 1923 Quid
1222 1880 1310 1926 est,
1333 1869 1456 1930 quod
1477 1869 1641 1925 dixisti,
1666 1886 1692 1916 o
1712 1870 1784 1915 in-

397 1943 502 1989 felix
530 1942 716 1987 astutia‘?
752 1944 939 1985 Tantum
975 1956 1032 1984 ne
1052 1939 1210 1984 deseris
1231 1940 1377 1985 lucem
1395 1940 1561 1986 consilii
1583 1941 1754 2001 pietatis
1768 1976 1781 1997 ‚

398 2024 442 2059 et
461 2014 506 2057 in
522 2011 741 2073 profunda
762 2011 964 2056 versutiae
987 2010 1246 2069 demergeris
1262 2045 1274 2065 ,
1309 2020 1360 2055 ut
1376 2012 1460 2056 hoc
1481 2010 1596 2056 dicas
1621 2031 1629 2056 :
1660 2030 1680 2053 «
1706 2011 1785 2056 Di-

401 2103 423 2127 »
458 2084 540 2129 cite
568 2083 669 2143 quia
689 2083 812 2127 vobis
848 2081 1165 2127 dormientibus
1192 2091 1410 2127 venerunt
1430 2082 1640 2141 Discipuli
1662 2083 1753 2142 ejus
1769 2117 1781 2138 ‚

401 2173 423 2197 »
457 2163 502 2198 et
524 2153 799 2198 abstulerunt
820 2154 946 2197 eum?
966 2171 985 2193 »
1007 2152 1277 2196 Dormientes
1299 2161 1426 2196 testes
1450 2151 1630 2197 adhibes
1656 2171 1665 2198 ;
1684 2167 1786 2196 vere

399 2235 449 2270 tu
467 2225 557 2284 ipse
579 2223 861 2278 obdormisti,
887 2223 962 2283 qui
979 2221 1213 2266 scrutando
1236 2221 1336 2266 talia
1351 2256 1362 2276 ‚
1388 2221 1599 2267 defecisti.
1619 2223 1662 2267 Si
1683 2222 1786 2267 dor-

400 2295 620 2348 miebant,
649 2293 756 2354 quid
777 2293 924 2337 videre
947 2294 1213 2352 potuerunt?
1235 2292 1269 2336 si
1291 2291 1402 2336 nihil
1418 2292 1646 2347 viderunt,
1673 2308 1787 2353 quo-

399 2364 531 2410 modo
548 2373 677 2408 testes
710 2365 837 2408 sunt?
861 2364 946 2409 Sed
967 2383 986 2405 «
1003 2363 1264 2407 Det'ecerunt
1288 2372 1527 2407 scrutantes
1553 2363 1785 2408 scrutatio-

403 2454 424 2477 »
459 2450 535 2479 nes
557 2454 566 2479 :
590 2452 610 2474 υ
637 2431 891 2477 defecerunt
906 2449 928 2477 a
949 2433 1046 2477 luce
1064 2432 1141 2476 Dei
1159 2467 1170 2487 ,
1194 2430 1448 2476 defecerunt
1462 2433 1611 2492 inipso
1624 2433 1786 2476 effectu

402 2504 682 2550 consiliorum
703 2519 881 2547 suorum
906 2523 914 2547 ε
942 2501 1119 2564 quando
1141 2502 1262 2562 quod
1283 2502 1543 2559 voluerunt,
1560 2502 1668 2547 nihil
1686 2517 1781 2562 per-

453 2596 460 2611 ¹
487 2588 600 2621 Matth.
618 2599 713 2623 xxvii,
734 2587 842 2620 63-66.
866 2606 905 2610 —
927 2594 938 2609 ²
965 2588 1009 2619 1-1.
1032 2598 1144 2628 xxviii,
1168 2596 1220 2628 τ’),
1243 2587 1293 2619 13.
