1889 3285
347 226 429 266 522
774 235 808 265 s.
844 236 1074 266 Ancus-nm
1105 238 1286 265 nmscom

344 303 619 349 meminimus
643 303 738 364 quis
761 302 813 347 ad
837 319 914 348 nos
935 304 1119 356 venerit,
1137 313 1180 347 ct
1200 302 1309 363 quid
1330 304 1452 348 nobis
1474 302 1723 360 donaverit3

345 391 395 418 ex
411 375 510 433 ipsis
533 373 722 434 reliquiis
737 375 1024 432 cogitationis,
1045 373 1090 419 id
1107 383 1184 428 est,
1205 390 1255 418 ex
1271 374 1360 433 ipsa
1379 374 1603 429 memoria,
1623 390 1727 434 quo-

345 445 450 489 tidie
485 444 611 488 nobis
643 446 702 489 sic
736 444 1014 499 immolatur,
1051 445 1172 504 quasi
1193 444 1387 505 quotidie
1412 460 1487 489 nos
1518 444 1725 500 innovet,

346 514 422 575 qui
443 515 582 574 prima
605 514 740 574 gratia
761 530 838 558 sua
870 531 948 559 nos
976 515 1214 559 innovavit.
1241 517 1337 559 Jam
1361 515 1476 558 enim
1505 515 1731 559 innovavit

344 601 424 631 nos
448 586 658 631 Dominus
679 587 724 630 in
746 586 986 646 baptismo,
1012 595 1055 630 et
1076 586 1178 630 facti
1206 601 1355 630 sumus
1374 586 1475 630 novi
1504 586 1700 630 homines
1715 604 1749 641 ,·

344 658 390 701 in
407 673 482 717 spe
504 657 680 718 quidem
700 656 952 715 gaudentes,
970 666 1020 701 ut
1036 658 1082 701 in
1104 656 1388 702 tribulatione
1409 658 1541 701 simus
1561 657 1733 716 patien-

345 737 409 773 tes
424 730 437 755 1
458 748 468 773 ε
489 738 636 773 tamen
659 744 748 772 non
771 728 903 772 debet
924 729 978 772 de
1001 729 1208 772 memoria
1232 738 1378 773 nostra
1401 729 1603 772 recedere
1625 726 1733 788 quid

346 798 472 843 nobis
491 798 734 858 praestitum
756 798 823 842 sit.
848 801 906 843 Et
921 797 955 842 si
972 797 1106 843 modo
1124 814 1214 842 non
1230 807 1293 842 est
1308 798 1513 857 cogitatio
1534 806 1610 842 tua
1633 813 1733 858 quae

344 867 430 913 fuit
464 885 475 912 .·
511 869 703 928 (etenim
743 869 878 928 prima
914 869 1120 927 cogitatio
1149 867 1235 914 fuit
1258 869 1460 913 recedere
1482 885 1506 913 a
1527 877 1730 928 peccat03

343 940 477 985 modo
496 949 643 985 autem
663 956 753 984 non
775 939 939 985 recedis
957 976 968 995 ‚
999 940 1080 984 sed
1097 950 1203 985 tunc
1221 941 1432 985 recessisti
1455 960 1463 985 :
1489 942 1506 999 )
1526 941 1610 984 sint
1632 939 1735 984 reli-

345 1011 459 1071 qujae
481 1011 768 1070 cogitationis,
794 1027 849 1055 ne
872 1010 1043 1055 excidat
1063 1028 1085 1055 a
1105 1011 1315 1055 memoria
1337 1011 1412 1071 qui
1435 1009 1736 1055 sanavit.Vul-

345 1097 428 1126 nus
446 1090 489 1126 te
516 1082 717 1126 habuisse
737 1082 771 1126 si
800 1081 964 1127 oblitus
992 1082 1147 1136 fueris,
1175 1097 1266 1126 non
1289 1081 1368 1125 tibi
1391 1090 1521 1125 erunt
1542 1080 1737 1141 reliquiae

347 1151 632 1210 cogitationis.
670 1151 788 1205 Quid
816 1152 932 1196 enim
965 1152 1126 1211 putatis
1154 1150 1308 1195 dixisse
1342 1150 1509 1196 David?
1541 1154 1654 1195 Ecce
1688 1166 1738 1195 ex

348 1223 544 1267 omnium
566 1238 748 1282 persona
769 1221 980 1282 loquitur.
1009 1222 1210 1267 Peccavit
1236 1221 1375 1266 David
1396 1230 1570 1266 sanctus
1594 1222 1739 1280 gravi-

348 1303 438 1348 ter,
471 1293 624 1337 missus
646 1302 710 1336 est
746 1292 802 1337 ad
828 1292 953 1337 illum
978 1293 1151 1338 Nathan
1185 1293 1422 1352 propheta,
1459 1302 1503 1336 et
1529 1292 1741 1352 corripuit

349 1362 473 1407 illum
494 1383 502 1408 :
527 1373 570 1407 et
595 1363 816 1408 confessus
839 1372 927 1419 est,
954 1373 998 1408 et
1019 1363 1126 1407 dixit
1147 1382 1156 1408 :
1187 1382 1203 1403 α
1232 1363 1456 1407 Peccavi2.
1483 1384 1500 1404 »
1528 1365 1632 1407 Haec
1654 1362 1740 1407 fuit

349 1435 486 1495 prima
510 1435 713 1493 cogitatio
731 1435 994 1480 confitentis.
1028 1454 1044 1475 «
1067 1435 1285 1495 Cogitatio
1303 1435 1490 1479 hominis
1507 1435 1740 1479 confitebi-

356 1527 373 1547 »
411 1515 482 1549 tur
504 1506 582 1550 ibi.
602 1509 740 1559 »Quae
761 1515 884 1550 erant
906 1505 1100 1566 reliquiae
1122 1506 1425 1561 cogitationis?
1447 1504 1634 1557 Quando
1652 1506 1738 1550 ait:

355 1594 372 1615 «
408 1577 466 1619 Et
496 1585 723 1634 peccatum
758 1589 907 1617 meum
929 1583 1029 1616 ante
1051 1588 1120 1616 me
1144 1582 1208 1616 est
1234 1589 1404 1632 semper
1421 1576 1452 1618 3.
1485 1594 1502 1615 »
1528 1577 1636 1629 Quae
1658 1573 1743 1618 suit

353 1662 457 1705 ergo
494 1646 633 1705 prima
656 1644 892 1702 cogitatio?
927 1646 983 1688 Ut
1004 1643 1225 1688 recederet
1247 1660 1269 1688 a
1305 1654 1496 1703 peccato.
1523 1647 1580 1689 Et
1601 1646 1635 1689 si
1652 1646 1744 1705 jam

353 1717 525 1763 recessit
547 1731 571 1759 a
598 1725 802 1775 peccato,
839 1715 1062 1775 quomodo
1095 1723 1321 1774 peccatum
1351 1715 1466 1759 illius
1496 1725 1597 1760 ante
1617 1716 1744 1760 illum

354 1796 419 1832 est
455 1801 646 1846 semper,
682 1785 763 1830 nisi
790 1785 894 1846 quia
915 1785 1121 1844 cogitatio
1144 1784 1215 1829 illa
1239 1786 1428 1841 transiit,
1453 1785 1528 1829 sed
1549 1785 1744 1845 reliquiae

353 1856 626 1916 cogitationis
651 1855 859 1900 solemnia
886 1855 1138 1900 celebrant?
1160 1856 1484 1901 Meminerimus
1507 1872 1630 1915 ergo,
1657 1856 1745 1901 fra-

355 1938 440 1973 tres
457 1927 709 1982 charissimi,
735 1942 937 1986 rogamus
959 1942 1035 1971 vos
1053 1927 1273 1987 :quisquis
1292 1926 1500 1971 liberatus
1519 1936 1581 1971 est
1603 1943 1627 1970 a
1645 1942 1744 1986 pec-

356 2008 453 2043 cato
468 2034 479 2053 ,
503 1998 749 2042 meminerit
771 1997 879 2058 quid
901 1995 1006 2055 fuit3
1027 1997 1112 2042 sint
1133 1998 1179 2041 in
1203 1997 1278 2042 illo
1302 1997 1496 2058 reliquiae
1512 1998 1744 2057 cogitatio-

355 2070 437 2113 nis.
470 2071 592 2115 Tunc
621 2068 737 2112 enim
760 2076 905 2128 portat
927 2067 1061 2111 alium
1084 2068 1326 2112 sanandum
1344 2103 1355 2122 ,
1377 2068 1410 2111 si
1432 2083 1476 2112 se
1498 2068 1745 2112 meminerit

357 2155 446 2184 esse
468 2148 680 2184 sanatum.
703 2141 816 2196 Ergo
843 2138 1142 2198 unusquisque
1165 2138 1416 2182 recordetur
1437 2138 1545 2198 quid
1562 2137 1646 2182 fuit
1666 2174 1677 2194 ‚
1702 2148 1745 2183 et

356 2220 507 2255 utrum
533 2210 625 2269 jam
652 2224 740 2252 non
771 2209 826 2252 sit
863 2228 871 2253 :
909 2218 952 2252 et
979 2218 1086 2252 tunc
1109 2209 1338 2253 subveniet
1361 2210 1399 2252 ei
1419 2210 1495 2269 qui
1516 2209 1660 2253 adhuc
1682 2218 1746 2253 est

359 2279 481 2342 quod
507 2278 580 2323 ille
603 2280 693 2339 jam
715 2295 805 2323 non
827 2288 904 2323 est.
934 2280 974 2324 Si
992 2288 1138 2323 autem
1155 2281 1290 2339 jactat
1307 2295 1350 2323 se
1368 2280 1491 2340 quasi
1509 2280 1564 2324 de
1582 2280 1745 2325 meritis

359 2352 444 2396 suis
461 2386 472 2406 ,
493 2359 536 2394 et
554 2349 724 2410 repellit
746 2359 952 2409 tanquam
973 2348 1175 2408 indignos
1197 2359 1442 2409 peccatores
1460 2385 1470 2405 ,
1496 2360 1539 2394 et
1555 2351 1646 2394 sine
1668 2351 1747 2394 mi-

359 2420 589 2466 sericordia
606 2420 750 2477 saevit,
765 2436 927 2481 equum
944 2420 1152 2475 ascendit,
1167 2420 1312 2464 videat
1327 2437 1380 2464 ne
1395 2421 1595 2465 dormiat.
1607 2440 1623 2460 «
1643 2424 1747 2466 Dor-

367 2514 385 2535 »
419 2493 684 2537 mitaverunt
720 2492 838 2553 enim
868 2492 945 2553 qui
971 2491 1261 2536 ascenderunt
1291 2508 1440 2552 equos.
1472 2514 1490 2535 »
1522 2495 1618 2538 Jam
1640 2502 1747 2537 tunc

413 2583 422 2600 ¹
450 2580 541 2609 Rom.
563 2585 756 2618 x11‚12.—
777 2583 789 2599 ²
807 2579 918 2617 2Reg.
943 2587 997 2618 xu,
1021 2576 1071 2608 13.
1093 2593 1134 2599 --
1156 2574 1167 2598 3
1191 2575 1269 2607 Psal.
1292 2588 1322 2616 L,
1349 2576 1378 2608 5.
