1889 3285
314 2386 326 2403 ἑ

378 231 463 271 342
825 243 859 268 S.
894 239 1125 270 AUGUSTINI
1155 243 1338 270 EPISCOPI

437 310 494 352 X.
519 325 536 346 «
558 306 656 350 Fiat
676 303 886 350 habitatio
917 320 1068 349 eorum
1090 305 1258 350 deserta
1272 308 1302 350 ¹.
1334 326 1352 348 »
1379 308 1473 350 Hoc
1489 308 1579 367 jam
1598 307 1643 351 in
1663 321 1761 351 ma-

377 375 550 422 nifesto.
571 375 802 428 Quomodo
819 375 934 419 enim
950 374 1252 419 liberationem
1272 391 1394 420 suam
1416 391 1506 420 non
1527 375 1667 421 solum
1684 391 1761 421 oc-

376 446 542 492 cultam
563 444 886 490 commendavit
915 444 1061 489 dicens
1086 464 1096 490 z
1125 464 1143 486 «
1172 445 1355 490 Intende
1387 446 1542 490 animae
1561 461 1693 502 meae,
1718 455 1763 490 et

381 538 402 561 »
436 517 599 562 redime
616 533 732 575 eam3
757 537 775 558 »
796 517 1080 560 verumetiam
1100 516 1373 561 manifestam
1393 516 1634 562 secundum
1662 532 1763 562 cor-

378 603 461 648 pus
477 623 488 642 ,
513 586 740 647 adjiciens:
767 604 786 627 «
813 589 996 645 Propter
1028 586 1225 630 inimicos
1255 601 1374 630 meos
1402 602 1505 630 erue
1527 602 1599 630 me
1621 606 1631 632 :
1659 606 1678 628 »
1704 587 1764 632 ita

378 668 423 703 et
443 658 509 702 his
532 656 700 701 futuras
723 656 935 716 quasdam
956 655 1222 701 calamitates
1246 655 1444 716 praedicit
1465 656 1656 701 occultas
1671 691 1683 712 ‚
1709 657 1765 701 de

379 729 540 790 quibus
568 728 699 787 paulo
728 737 828 771 ante
853 726 1132 787 loquebatur.
1157 730 1266 773 Nam
1300 728 1648 788 quotusquisque
1674 737 1763 783 est,

378 800 455 860 qui
472 798 684 857 intelligat
704 797 1005 842 infelicitatem
1023 798 1227 852 hominis,
1247 798 1370 857 cujus
1392 813 1467 842 cor
1485 799 1576 858 jam
1600 813 1766 842 caecum

379 872 471 916 est?
491 869 717 914 Tollantur
738 868 802 913 illi
819 868 935 913 oculi
952 869 1158 928 corporis,
1175 884 1324 913 omnes
1345 869 1544 912 homines
1559 869 1767 913 miserum

380 940 555 985 dicunt:
576 938 730 999 perdat
747 938 896 984 oculos
914 939 1085 994 mentis,
1099 938 1175 982 sed
1195 947 1340 983 tamen
1351 939 1626 983 circumfluat
1647 939 1767 983 omni

381 1011 649 1056 abundantia
678 1025 847 1064 rerum,
878 1009 1050 1054 felicem
1081 1009 1325 1069 appellant3
1363 1009 1439 1054 sed
1468 1010 1544 1070 qui
1571 1007 1768 1053 similiter

366 1082 538 1126 i'mentis
559 1079 708 1125 oculos
725 1080 1027 1140 perdiderunt.
1049 1083 1164 1138 Ergo
1179 1081 1270 1140 jam
1287 1079 1395 1139 quid
1420 1088 1568 1138 aperte
1584 1114 1595 1135 ‚
1619 1088 1670 1123 ut
1688 1094 1767 1139 ap-

379 1159 528 1211 pareat
549 1151 753 1195 omnibus
775 1150 876 1210 quia
896 1149 1167 1194 vindicatum
1195 1158 1258 1193 est
1286 1149 1332 1192 in
1359 1149 1445 1192 eis?
1467 1152 1576 1193 Nam
1600 1149 1768 1193 caecitas

379 1219 663 1274 Judaeorum‚
690 1218 862 1264 occulta
894 1218 1088 1263 vindicta
1110 1227 1174 1262 est
1203 1238 1212 1263 :
1242 1217 1471 1262 manifesta
1504 1233 1608 1262 vero
1640 1220 1769 1278 quae?

384 1310 403 1331 «
441 1290 538 1334 Fiat
559 1290 771 1334 habitatio
791 1304 944 1333 eorum
964 1288 1155 1342 deserta,
1173 1297 1217 1332 et
1232 1288 1279 1331 in
1301 1287 1592 1332 tabernaculis
1617 1304 1769 1332 eorum

385 1379 404 1402 »
439 1375 528 1404 non
545 1360 600 1404 sit
620 1360 697 1419 qui
717 1359 948 1402 inhabitet.
975 1378 992 1399 »
1015 1361 1200 1402 Factum
1222 1367 1286 1402 est
1304 1359 1389 1402 hoc
1410 1358 1455 1401 in
1479 1358 1571 1417 ipsa
1597 1358 1770 1402 civitate

382 1430 645 1485 Jerusalem,
680 1431 726 1474 in
747 1445 835 1490 qua
868 1430 949 1473 sibi
970 1429 1048 1473 visi
1071 1438 1175 1473 sunt
1203 1438 1402 1488 potentes
1430 1428 1660 1473 clamando
1689 1428 1770 1473 ad-

381 1517 528 1546 versus
556 1500 717 1544 Filium
746 1500 853 1544 Dei:
883 1517 901 1539 <‹
929 1500 1171 1557 Crucifige,
1209 1500 1464 1558 crucifige²3
1493 1519 1510 1541 »
1541 1509 1584 1543 et
1604 1510 1771 1559 praeva-

380 1571 540 1626 lendo,
575 1571 677 1630 quia
698 1578 939 1629 potuerunt
962 1568 1159 1613 occidere
1187 1584 1287 1613 eum
1311 1570 1388 1629 qui
1415 1578 1612 1619 mortuos
1641 1570 1773 1614 susci-

382 1641 515 1686 tabat.
549 1643 689 1694 Quam
713 1639 795 1683 sibi
823 1648 1047 1698 potentes,
1074 1654 1208 1698 quam
1230 1639 1379 1697 magni
1399 1638 1478 1683 visi
1499 1640 1629 1682 sunt?
1650 1641 1770 1684 Con-

380 1721 528 1756 secuta
549 1720 613 1755 est
640 1719 790 1770 postea
809 1708 1002 1753 vindicta
1021 1709 1220 1766 Domini3
1249 1718 1495 1769 expugnata
1512 1717 1576 1753 est
1596 1710 1767 1766 civitas,

378 1780 586 1825 debellati
626 1783 650 1823 J
656 1779 770 1823 udaei
787 1814 798 1834 ,
842 1778 981 1823 occisa
1019 1779 1164 1823 nescio
1200 1788 1310 1839 quot
1345 1778 1575 1823 hominum
1615 1778 1767 1824 millia,

378 1850 534 1896 Nullus
558 1849 662 1893 illuc
693 1849 825 1893 modo
855 1849 1121 1908 permittitur
1149 1848 1354 1893 accedere
1377 1848 1633 1893 Judaeorum
1657 1869 1667 1894 ι
1692 1849 1771 1893 uhi

378 1929 619 1980 potuerunt
639 1920 843 1963 adversus
866 1919 1103 1963 Dominum
1124 1918 1332 1973 clamare,
1352 1919 1414 1962 ibi
1428 1935 1452 1963 a
1473 1920 1660 1964 Domino
1681 1934 1771 1965 non

379 1991 693 2051 permittuntur
726 1990 938 2033 habitare.
974 1989 1264 2033 Perdiderunt
1294 1988 1442 2033 locum
1474 1988 1632 2034 furoris
1666 1990 1766 2034 sui:

379 2070 511 2120 atque
527 2060 693 2102 utinam
707 2059 905 2102 velnunc
927 2067 1163 2117 agnoscant
1179 2057 1327 2102 locum
1348 2059 1505 2118 quietis
1527 2075 1632 2104 suae.
1652 2059 1771 2113 Quid

369 2128 543 2190 profuit
565 2129 646 2172 illis
672 2129 860 2188 Caiphas
882 2128 1069 2173 dicendo
1087 2148 1095 2173 ε
1125 2147 1143 2168 «
1169 2131 1256 2173 Nos
1272 2129 1306 2172 si
1327 2129 1459 2173 istum
1482 2128 1770 2174 dimiserimus

382 2220 400 2241 »
435 2200 494 2244 sic
510 2235 521 2254 ,
542 2200 717 2243 venient
739 2200 952 2255 Romani,
983 2209 1027 2243 et
1048 2199 1205 2244 tollent
1231 2199 1357 2244 nobis
1375 2209 1418 2243 et
1439 2199 1586 2244 locum
1606 2210 1650 2245 et
1671 2216 1769 2259 reg-

382 2289 401 2311 »
436 2271 597 2313 numss?
615 2272 757 2313 »Ecce
779 2278 822 2313 et
844 2285 934 2313 non
955 2285 1057 2314 eum
1077 2268 1337 2313 dimiserunt
1358 2270 1529 2324 vivum,
1551 2280 1594 2315 et
1615 2270 1689 2315 ille
1705 2272 1771 2315 vi-

375 2339 465 2397 vit3
499 2348 542 2383 et
567 2349 786 2384 venerunt
817 2336 1025 2394 Romani,
1065 2348 1107 2383 et
1136 2340 1335 2384 tulerunt
1371 2340 1431 2383 eis
1466 2349 1509 2384 et
1543 2340 1690 2385 locum
1726 2351 1771 2386 et

372 2423 573 2468 regnum.
596 2408 731 2454 Modo
753 2409 1035 2454 audiebamus
1053 2445 1064 2464 ‚
1085 2425 1186 2454 cum
1204 2409 1493 2470 Evangelium
1513 2410 1734 2471 legeretur
1755 2431 1765 2457 :

377 2499 395 2521 «
430 2479 692 2535 Jerusalem,
722 2481 986 2536 Jerusalem,
1022 2480 1190 2540 quoties
1221 2481 1341 2525 volui
1367 2496 1632 2541 congregare
1659 2483 1769 2528 filios

423 2571 431 2587 ¹
456 2564 537 2596 Psal.
556 2575 665 2605 vam,
685 2564 741 2605 26,
763 2570 794 2596 et
811 2566 886 2596 Act.
911 2576 936 2605 1,
957 2573 1011 2597 20.
1032 2581 1074 2587 —
1095 2571 1107 2587 ²
1126 2567 1219 2598 Joan.
1241 2576 1308 2606 mx,
1324 2565 1358 2598 6.
1374 2582 1417 2588 —
1432 2564 1445 2589 3
1463 2566 1512 2598 Id.
1534 2577 1579 2607 xi,
1600 2565 1654 2608 48.
