1889 3285
409 216 494 257 240
827 224 861 253 5.
898 223 1126 254 Auous'nm
1158 227 1339 254 1:121500121

403 291 561 337 Dilexit
578 305 662 334 me.
688 292 744 334 Et
765 289 927 333 homini
945 290 1020 349 qui
1036 299 1079 335 te
1095 290 1240 345 videt,
1265 301 1308 334 et
1322 305 1444 348 rogas
1467 305 1567 334 eum
1583 324 1594 345 ,
1616 289 1721 334 dicis
1738 299 1788 335 ut
1839 276 1844 342 i
1875 277 1887 295 '³

401 362 657 405 misereatur
678 359 742 403 tui
770 379 779 404 ε
804 359 985 418 Respice
1005 375 1090 403 me.
1118 360 1248 404 Videt
1271 370 1314 405 te
1332 395 1343 416 ‚
1379 370 1422 404 et
1443 360 1548 404 dicis
1570 379 1579 404 :
1607 360 1787 419 Respice
1842 384 1847 393 =

400 445 486 473 me.
508 428 624 482 Quid
647 437 724 483 est,
753 428 930 485 Respice
952 430 1050 471 me?
1073 428 1228 487 Dilige,
1249 429 1440 483 attende,
1460 429 1662 472 miserere
1683 428 1783 472 mei.

403 502 518 557 Ergo
532 515 621 544 non
638 499 737 543 ideo
754 497 880 542 dixit:
903 517 922 539 «
938 498 1220 558 Iniquitatem
1232 499 1267 543 si
1281 499 1426 558 aspexi
1441 499 1487 542 in
1499 498 1628 543 eorde
1640 514 1784 553 meo,»

401 570 503 630 quia
525 569 704 614 omnino
721 568 841 613 nulla
864 568 1068 628 iniquitas
1085 569 1330 628 suggeritur
1351 568 1471 613 cordi
1483 569 1692 613 humano.
1719 567 1788 612 Ibi

401 640 660 699 suggeritur,
694 655 783 684 non
814 647 950 682 cessat
977 640 1218 697 suggesti03
1242 638 1318 683 sed
1339 654 1430 684 non
1461 639 1537 683 fiat
1558 638 1782 698 respectio.

405 710 448 755 Si
463 710 579 754 enim
597 709 770 769 respicis
790 708 1063 768 iniquitatem
1076 744 1087 763 ,
1108 718 1222 753 retro
1245 709 1396 768 aspicis
1411 730 1422 767 3
1438 718 1479 752 et
1494 708 1677 753 incurris
1690 723 1789 752 sen-

402 781 582 825 tentiam
610 779 791 825 dicentis
825 780 997 824 Domini
1029 780 1076 823 in
1111 780 1377 838 Evangelio:
1407 800 1427 822 1(
1452 783 1589 825 Nemo
1623 793 1789 839 ponens

404 869 425 893 »
460 866 639 895 manum
669 866 799 910 super
834 859 1024 894 aratrum
1055 859 1098 894 et
1130 851 1358 910 respiciens
1393 859 1532 905 retro,
1564 859 1689 910 aptus
1726 858 1790 894 est

403 940 423 963 »
459 937 593 981 regno
617 922 735 965 Dei¹.
760 940 780 962 »
806 921 922 974 Quid
939 936 1042 980 ergo
1062 919 1201 964 debeo
1224 919 1390 965 facere?
1412 921 1539 974 Quod
1564 921 1624 964 ait
1645 923 1786 979 Apos-

400 991 537 1037 tolus:
554 995 692 1046 «Quae
711 1002 826 1036 retro
844 991 1021 1047 oblitus,
1036 991 1082 1036 in
1095 1007 1143 1035 ea
1156 1007 1255 1052 quae
1268 999 1368 1035 ante
1390 1000 1492 1035 sunt
1514 992 1784 1035 extentus2.»

401 1066 534 1107 Retro
557 1063 672 1107 enim
706 1072 852 1108 nostra
879 1063 1025 1107 omnia
1047 1079 1146 1123 quae
1176 1062 1439 1106 transierunt
1454 1097 1465 1118 ‚
1496 1062 1646 1121 iniqua
1668 1071 1784 1106 sunt.

399 1136 537 1177 Nemo
565 1149 616 1177 ex
645 1134 761 1178 bono
784 1134 902 1177 venit
923 1133 979 1177 ad
1000 1133 1223 1178 Christum
1245 1152 1254 1176 ε
1287 1148 1435 1176 omnes
1467 1141 1784 1192 peccaverunt,

399 1202 616 1247 credendo
640 1204 976 1263 justificantur-³.
1005 1201 1198 1247 Perfecta
1215 1203 1381 1263 justitia
1402 1219 1492 1248 non
1513 1203 1620 1258 erit,
1640 1203 1723 1246 nisi
1743 1203 1788 1246 in
1840 1212 1857 1250 ῃ

400 1272 474 1317 illa
492 1273 579 1317 vita
602 1293 610 1318 :
634 1283 780 1318 tamen
813 1273 868 1317 ad
888 1284 1144 1332 provectum
1172 1282 1215 1317 et
1240 1288 1379 1317 mores
1402 1273 1507 1317 boni
1530 1273 1584 1317 ab
1606 1273 1698 1332 ipso
1719 1273 1790 1317 in-

403 1344 638 1404 spirantur,
666 1345 720 1388 ab
755 1346 847 1404 ipso
871 1344 1106 1388 donantur.
1135 1343 1233 1388 Noli
1257 1359 1357 1401 ergo
1384 1352 1457 1387 tua
1479 1344 1630 1388 merita
1665 1360 1787 1388 com-

400 1424 580 1475 putare,
617 1415 722 1459 noli.
759 1418 816 1458 Et
848 1415 882 1458 si
919 1415 1111 1473 suggerit
1144 1414 1370 1474 iniquitas,
1404 1413 1495 1458 noli
1526 1415 1783 1458 consentire.

403 1485 516 1539 Quid
533 1486 648 1529 enim
667 1486 787 1541 aitP]
817 1505 836 1526 «
858 1485 1136 1545 Iniquitatem
1162 1485 1196 1529 si
1218 1485 1421 1545 conspexi
1447 1485 1492 1528 in
1509 1485 1640 1529 corde
1661 1500 1784 1541 meo,

404 1574 424 1597 »
461 1571 551 1600 non
569 1554 770 1599 exaudiat
791 1555 1018 1599 Dominus.
1047 1573 1066 1595 »

460 1629 630 1670 XXIII.
661 1630 932 1685 «Propterea
955 1624 1172 1668 exaudivit
1194 1639 1263 1667 me
1284 1628 1414 1668 Deus.
1444 1642 1464 1665 »
1490 1625 1602 1677 Quia
1622 1624 1786 1685 iniqui-

403 1705 535 1740 tatem
554 1712 642 1740 non
665 1695 867 1755 conspexi
881 1696 926 1739 in
950 1693 1080 1739 corde
1101 1709 1214 1740 meo.
1244 1714 1264 1737 «
1287 1698 1343 1739 Et
1363 1693 1552 1739 intendit
1572 1696 1668 1740 voci
1690 1711 1786 1740 ora-

404 1786 425 1809 »
461 1768 588 1811 tionis
612 1782 719 1810 meae
735 1768 766 1810 4.
791 1785 810 1806 »

459 1840 622 1882 XXIV.
658 1856 677 1879 «
703 1837 961 1881 Benedictus
989 1840 1103 1880 Deus
1130 1852 1277 1891 meus,
1307 1837 1384 1896 qui
1414 1852 1503 1880 non
1525 1837 1688 1882 amovit
1708 1836 1786 1882 de-

403 1928 424 1950 »
459 1908 754 1968 precationem
787 1922 926 1951 meam
955 1915 998 1950 et
1029 1906 1367 1950 misericordiam
1400 1922 1522 1951 suam
1555 1924 1577 1952 a
1607 1923 1676 1951 me
1695 1910 1726 1951 ⁵.
1759 1926 1780 1949 »

403 1982 537 2023 Tenet
567 1994 735 2022 sensum
761 1978 816 2021 ab
848 1993 898 2020 eo
922 1976 1041 2030 loco,
1066 1977 1143 2019 ubi
1166 1977 1225 2019 ait
1250 1993 1258 2017 ε
1290 1977 1486 2020 «Venite
1502 2012 1512 2032 ,
1548 1977 1716 2032 audite,
1741 1987 1784 2022 et

404 2068 423 2090 »
459 2049 644 2092 narrabo
673 2048 794 2092 vobis
811 2083 822 2103 ‚
848 2062 996 2091 omnes
1020 2046 1095 2106 qui
1127 2046 1283 2090 timetis
1307 2049 1445 2089 Deum
1461 2081 1471 2100 ‚
1498 2057 1660 2106 quanta
1684 2047 1784 2092 fecit

403 2137 423 2162 »
460 2121 613 2163 animae
636 2120 767 2163 meaeG
790 2138 798 2162 :
832 2137 851 2159 »
877 2127 918 2161 ct
941 2117 1049 2161 dixit
1067 2132 1166 2176 quae
1192 2116 1368 2160 audistis
1387 2151 1397 2171 ‚
1430 2126 1474 2160 et
1494 2117 1548 2159 ad
1571 2117 1702 2161 finem
1724 2118 1782 2162 ita

400 2190 613 2234 conclusit
637 2210 645 2234 2
676 2210 695 2231 «
722 2188 981 2233 Benedictus
1002 2191 1114 2231 Deus
1138 2203 1258 2231 meus
1275 2222 1286 2241 ‚
1308 2187 1383 2247 qui
1406 2203 1494 2231 non
1519 2188 1681 2232 amovit
1702 2187 1781 2232 de-

402 2278 422 2302 »
460 2261 750 2319 precationem
770 2274 909 2302 nicam
932 2267 976 2301 et
1002 2256 1336 2300 misericordiam
1365 2272 1487 2300 suam
1507 2273 1528 2300 a
1556 2273 1638 2300 me.
1664 2276 1683 2298 »
1714 2258 1782 2302 Sic

400 2331 514 2374 enirn
547 2330 744 2389 pervenit
776 2328 830 2372 ad
865 2328 1222 2372 resurrectionem
1253 2328 1332 2370 iste
1360 2328 1436 2386 qui
1467 2327 1679 2387 loquitur,
1702 2328 1779 2371 ubi

396 2401 485 2460 jam
508 2409 550 2443 et
572 2415 649 2444 nos
673 2414 746 2459 spe
768 2414 916 2442 sumus
938 2417 945 2442 z
972 2398 1057 2441 imo
1081 2406 1123 2440 et
1145 2412 1222 2440 nos
1243 2411 1419 2454 sumus3
1445 2406 1489 2441 et
1519 2406 1663 2441 nostra
1695 2413 1779 2442 vox

446 2502 454 2518 ¹
477 2497 553 2527 Luc.
574 2506 621 2535 1x‚
642 2494 697 2526 62.
724 2510 765 2515 —-
791 2500 802 2515 2
819 2493 932 2535 Philip.
952 2503 1001 2536 nr,
1024 2492 1074 2525 13.
1095 2508 1137 2515 -
1158 2490 1170 2515 3
1189 2494 1281 2525 Rom.
1297 2503 1348 2534 111,
1363 2501 1418 2524 22.
1438 2509 1479 2515 —
1497 2491 1511 2523 4
1527 2492 1606 2525 Psal.
1627 2503 1702 2534 mxv,
1724 2503 1775 2534 ¹9·

401 2568 441 2591 7-
461 2549 475 2574 5
491 2551 568 2584 lbid.
586 2562 639 2584 20.
665 2566 707 2573 —
726 2548 741 2572 6
759 2549 840 2582 Ibid.
865 2550 916 2581 16.
