1889 3285
418 251 501 288 456
857 264 889 289 s.
929 262 1154 289 AccnsTini
1191 265 1368 292 Episcom

474 328 637 370 XXXI.
663 329 719 370 Et
743 327 876 386 coepit
904 327 1094 385 cogitare
1119 326 1367 374 felicitatem
1392 331 1527 390 ipsam
1550 328 1795 383 coelestem,

415 407 458 443 et
491 414 670 456 arguere
705 413 769 453 se,
800 398 902 458 quia
945 414 1075 458 pecus
1106 398 1216 455 fuit,
1257 410 1299 446 et
1324 411 1492 446 terrena
1521 398 1795 444 desideravit.

419 488 438 510 «
473 467 588 521 Quid
611 468 725 511 enim
751 469 857 512 mihi
883 477 944 512 est
976 469 1021 512 in
1043 469 1182 525 coelo,
1208 480 1251 515 et
1279 487 1302 515 a
1330 480 1373 515 te
1395 471 1502 532 quid
1530 470 1649 515 volui
1671 484 1800 528 super

415 558 436 580 »
471 541 701 583 terram1‘?»
727 542 791 582 Ex
812 555 918 583 voce
941 549 1077 583 vestra
1110 541 1369 586 intellexisse
1399 558 1471 586 vos
1497 540 1638 586 video.
1669 542 1802 585 Com-

412 611 578 667 paravit
599 609 811 654 voluntati
827 625 916 653 suae
938 619 1121 654 terrenae
1139 613 1368 671 praemium
1385 612 1576 667 coeleste,
1600 610 1721 671 quod
1734 626 1802 655 ac-

411 690 615 740 cepturus
638 690 715 734 est,
740 680 850 724 vidit
873 680 979 740 quid
1002 681 1060 725 ibi
1083 682 1164 726 sibi
1186 693 1454 741 servaretur3
1479 693 1522 727 et
1543 683 1738 742 cogitans
1759 690 1802 725 et

411 761 598 795 aestuans
615 752 661 794 in
683 751 944 809 cogitatione
972 753 1197 812 eujusdam
1215 755 1277 797 rei
1293 754 1546 809 ineffabilis,
1569 768 1700 814 quam
1721 767 1802 796 nec

411 822 564 866 oculus
585 821 710 877 vidit,
741 837 821 866 nec
844 823 957 866 auris
985 823 1165 879 audivit,
1187 825 1329 869 necin
1352 841 1426 870 cor
1442 824 1631 870 hominis
1654 838 1804 868 ascen-

410 892 522 948 diff,
548 908 638 936 non
668 893 775 937 dixit
807 912 815 937 z
849 892 991 948 Illud,
1027 904 1102 939 aut
1128 894 1240 939 illud
1263 896 1370 939 mihi
1392 905 1456 940 est
1484 896 1530 939 in
1558 894 1698 951 coelo3
1729 893 1804 937 sed

415 984 436 1007 α
471 963 588 1018 Quid
611 965 716 1008 mihi
738 974 802 1009 est
822 966 866 1008 in
887 965 1029 1010 coelo?
1058 987 1074 1007 »
1101 966 1217 1019 Quid
1246 976 1311 1010 est
1327 966 1438 1010 illud
1457 965 1577 1027 quod
1598 965 1737 1008 habeo
1759 965 1804 1008 in

410 1034 557 1080 coelo?
578 1035 685 1095 quid
707 1038 796 1079 est?
823 1045 1039 1096 quantum
1067 1039 1160 1082 est?
1193 1037 1322 1097 quale
1349 1039 1443 1081 est?
1479 1040 1552 1091 Et,
1589 1051 1690 1080 eum
1714 1050 1804 1079 non

411 1106 563 1150 transit
584 1105 705 1166 quod
728 1105 869 1150 habeo
897 1107 942 1150 in
961 1106 1073 1151 coelo
1090 1143 1100 1163 ‚
1131 1127 1150 1150 «
1165 1111 1203 1151 A
1225 1117 1267 1151 te
1296 1108 1406 1168 quid
1423 1106 1542 1152 volui
1564 1121 1692 1166 super
1713 1115 1803 1149 ter-

414 1194 434 1217 »
466 1177 586 1220 ram?
608 1197 626 1216 »
650 1178 800 1220 Servas
821 1177 929 1219 mihi
951 1186 998 1220 tu
1023 1196 1031 1221 ;
1053 1179 1070 1235 (
1095 1178 1162 1222 Sic
1188 1177 1329 1222 dicam
1348 1187 1398 1221 ut
1410 1193 1600 1237 possum,
1617 1177 1692 1220 sed
1704 1176 1804 1220 date

413 1247 584 1289 veniam
611 1265 620 1290 z
642 1246 822 1305 accipite
847 1255 1054 1290 conatum
1074 1263 1222 1291 meum
1241 1283 1251 1303 ,
1299 1248 1576 1292 devotionem
1609 1245 1803 1304 nitendi3

411 1332 514 1360 nam
540 1316 784 1376 explicandi
808 1316 928 1361 nulla
957 1316 1139 1361 facultas
1163 1328 1241 1362 est.
1263 1323 1275 1374 )
1302 1321 1451 1363 Servas
1470 1354 1480 1373 ,
1502 1318 1670 1378 inquit,
1697 1317 1806 1360 mihi

413 1387 525 1430 tuin
547 1386 661 1431 coelo
684 1387 1149 1443 divitiasimmortales,
1175 1398 1218 1432 te
1237 1389 1405 1447 ipsum3
1429 1397 1472 1432 et
1491 1404 1571 1447 ego
1587 1387 1742 1432 voluia
1764 1396 1807 1431 te

412 1459 458 1502 in
480 1468 595 1502 terra
610 1458 731 1519 quod
752 1458 918 1503 habent
931 1468 975 1503 et
995 1459 1136 1518 impii,
1155 1459 1275 1520 quod
1293 1460 1459 1504 habent
1481 1469 1524 1504 et
1540 1457 1658 1514 mali,
1685 1457 1806 1519 quod

414 1528 580 1573 habent
603 1539 646 1573 et
668 1529 916 1583 facinorosi,
943 1530 1191 1588 pecuniam,
1219 1545 1390 1585 aurum,
1417 1539 1665 1589 argentum,
1691 1544 1806 1588 gem-

411 1615 518 1654 mas,
538 1598 742 1652 familias;
759 1598 880 1659 quod
895 1599 1060 1643 habent
1077 1609 1120 1643 et
1136 1600 1330 1644 scelerati
1347 1599 1489 1655 multi,
1507 1600 1628 1660 quod
1643 1600 1808 1643 habent

412 1671 563 1714 multae
583 1670 779 1714 foeminae
802 1680 965 1729 turpes,
991 1671 1120 1715 multi
1140 1671 1221 1715 viri
1244 1681 1390 1731 turpes
1411 1672 1530 1716 :haec
1553 1686 1631 1730 pro
1647 1685 1806 1728 magno

415 1741 657 1786 desideravi
686 1757 709 1785 a
734 1744 824 1785 Deo
846 1756 944 1785 meo
969 1757 1097 1800 super
1125 1751 1311 1796 terram3
1337 1757 1438 1785 cum
1471 1750 1609 1797 seryet
1631 1756 1674 1785 se
1700 1741 1807 1784 mihi

411 1815 457 1857 in
476 1812 588 1856 coelo
610 1815 725 1856 Deus
754 1827 891 1855 meus.
925 1831 945 1853 «
965 1810 1082 1865 Quid
1104 1813 1221 1856 enim
1243 1813 1351 1856 mihi
1369 1821 1432 1856 est
1455 1813 1501 1856 in
1522 1811 1665 1856 coelo?
1681 1830 1701 1853 »
1725 1813 1806 1855 Os-

412 1884 593 1929 tendere
614 1883 748 1928 habet
769 1883 913 1943 ipsum
935 1883 1058 1943 quid.
1081 1903 1102 1927 «
1128 1886 1184 1928 Et
1202 1900 1225 1928 a
1250 1893 1291 1928 te
1313 1883 1421 1943 quid
1440 1883 1557 1929 volui
1574 1898 1703 1943 super
1724 1892 1806 1927 ter-

421 1975 438 1996 »
475 1956 595 1998 ram?
620 1972 640 1995 ))

476 2027 664 2069 XXXII.
696 2045 715 2066 «
740 2024 906 2069 Defecit
929 2040 1165 2069 cormeum
1188 2034 1231 2069 et
1249 2041 1348 2070 caro
1370 2041 1465 2069 mea
1482 2061 1492 2081 ‚
1524 2029 1638 2070 Deus
1663 2025 1805 2070 cordis

416 2116 436 2138 »
474 2097 592 2140 meiss.
613 2115 634 2137 »
653 2099 745 2141 Hoc
768 2111 872 2154 ergo
893 2096 1000 2140 mihi
1014 2098 1134 2140 estin
1152 2096 1266 2141 coelo
1287 2106 1521 2152 servatum,
1543 2116 1562 2139 «
1579 2100 1693 2141 Deus
1711 2112 1807 2141 cor-

419 2188 435 2208 »
471 2167 535 2210 dis
555 2167 668 2221 mei,
695 2176 737 2211 et
770 2183 867 2226 pars
891 2182 983 2210 mea
1015 2170 1128 2211 Deus
1152 2183 1288 2212 meus.
1318 2186 1337 2208 >›
1364 2167 1479 2221 Quid
1511 2177 1600 2223 est,
1627 2167 1806 2212 fratres?

415 2238 692 2281 Inveniamus
720 2237 889 2281 divitias
912 2247 1102 2292 nostras,
1128 2238 1260 2296 eligat
1289 2238 1370 2282 sibi
1392 2247 1534 2297 partes
1564 2254 1699 2297 genus
1721 2240 1806 2282 hu-

414 2323 610 2351 manum.
654 2307 886 2351 Videamus
914 2308 1110 2351 homines
1138 2307 1429 2367 cupiditatum
1456 2308 1702 2352 diversitate
1739 2309 1805 2352 la-

414 2378 522 2421 niari
549 2397 558 2421 2
579 2376 743 2435 eligant
765 2376 836 2421 alii
854 2378 1051 2422 militiam
1069 2413 1079 2431 ‚
1102 2377 1173 2421 alii
1193 2377 1521 2422 advocationem
1539 2414 1549 2433 ,
1575 2378 1645 2422 alii
1668 2379 1806 2422 diver-

413 2463 477 2491 sas
497 2447 723 2506 variasque
742 2446 982 2502 doctrinas,
1015 2447 1086 2490 alii
1117 2448 1456 2505 negotiationem
1475 2483 1485 2501 ‚
1511 2447 1581 2491 alii
1612 2447 1803 2506 agricul-

415 2526 582 2573 turam3
607 2517 706 2560 istas
730 2526 870 2577 partes
893 2517 973 2560 sihi
988 2515 1146 2560 faciam
1169 2517 1224 2560 de
1241 2518 1369 2560 rebus
1391 2518 1590 2562 humanis
1613 2538 1619 2561 z
1646 2517 1803 2562 clamet

466 2608 472 2621 ¹
497 2601 573 2631 psal.
591 2612 686 2636 mxu,
702 2601 755 2631 25.
778 2618 815 2622 —
838 2609 848 2622 ¹
875 2612 881 2630 1
914 2602 986 2631 Cor⁴
1009 2612 1040 2640 n,
1057 2612 1089 2641 ς).
1112 2618 1150 2622 ——
1173 2599 1185 2621 3
1207 2600 1284 2631 Psal.
1306 2612 1397 2642 xxm,
1416 2602 1467 2632 26.
