1889 3285
20 425 24 544 ἰ

0 1840 3 1849 x

13 1841 18 2112 l

446 262 687 292 ENARRATro
718 265 764 291 IN
797 263 999 292 rsALMUM
1032 263 1136 290 Lv11.
1408 247 1459 288 41

86 334 259 393 phetam
282 331 496 376 haberent
515 350 524 376 z
555 330 697 374 dicere
719 329 772 373 de
794 329 906 374 coelo
935 328 1033 388 plus
1063 325 1358 371 formidabant
1373 360 1384 381 ‚
1409 341 1466 370 ne

85 403 325 447 faterentur
357 401 500 460 ipsum
532 399 776 457 Christum3
808 399 911 459 quia
938 401 1125 442 ,Ioannes
1156 396 1466 456 praedicaverat

87 474 322 518 Christum.
339 471 556 517 Coarctati
569 471 790 530 utrinque,
809 486 857 514 ex
871 471 950 514 hac
965 478 1085 528 parte
1108 477 1212 512 etex
1229 468 1310 511 hac
1326 477 1464 526 parte,

87 544 162 604 qui
183 543 390 603 parabant
413 542 602 601 objicere
624 541 788 585 crimen
811 539 1129 600 responderunt
1149 538 1465 597 ignorantiam3

87 614 315 658 dixerunt:
347 631 368 654 (ι
386 611 649 656 Nescimus¹.
669 630 688 651 »
710 611 981 655 calumniam
1000 609 1116 653 enim
1138 607 1465 667 praeparabant,

86 683 262 745 quando
297 683 498 727 dixerunt
520 701 530 727 ;
555 701 574 723 α
596 685 647 725 In
671 698 755 742 qua
793 690 1003 741 potestate.
1030 680 1109 724 ista
1143 679 1276 723 facis?
1305 697 1323 719 »
1353 688 1404 722 ut
1432 678 1467 723 si

86 754 249 799 diceret
282 772 291 797 z
322 753 517 798 Christus
550 767 672 806 sum,
708 752 828 812 quasi
866 759 1166 810 arrogantem,
1204 748 1466 808 superbum,

85 824 339 882 sacrilegum
357 823 625 867 invaderent.
651 823 800 867 Noluit
822 821 964 866 dicere
986 838 994 862 :
1017 821 1212 866 Christus
1234 835 1329 864 sum
1354 839 1362 863 z
1392 818 1469 863 sed

86 895 283 955 quaesivit
303 894 358 938 de
381 897 562 947 Joanne‚
589 893 665 953 qui
682 892 850 936 dixerat
873 893 993 952 quod
1014 892 1104 951 ipse
1127 900 1235 934 esset
1255 890 1466 935 Christus.

88 964 156 1009 illi
176 980 266 1009 non
293 973 396 1007 sunt
419 963 510 1008 ausi
535 961 849 1022 reprehendere
872 965 1084 1005 Joannem
1101 996 1112 1014 ,
1149 962 1348 1004 timentes
1370 975 1425 1003 ne
1448 976 1473 1004 a.

85 1035 249 1096 populo
271 1035 572 1079 occiderentur
594 1053 602 1078 :
628 1049 719 1077 non
741 1042 843 1077 sunt
866 1033 957 1076 ausi
980 1031 1123 1076 dicere
1150 1051 1158 1075 :
1182 1034 1346 1074 Verum
1367 1029 1473 1074 dixit

88 1110 300 1160 Jozmnes,
338 1121 393 1149 ne
423 1105 640 1149 diceretur
662 1104 721 1148 eis
755 1123 763 1147 z
799 1103 973 1148 Credite
1003 1102 1080 1147 illi.
1117 1102 1468 1155 Obmutuerunt,

86 1177 246 1220 nescire
264 1191 307 1219 se
321 1175 546 1219 dixerunt:
563 1176 654 1234 jam
671 1174 870 1218 mordere
893 1189 979 1217 non
999 1172 1219 1217 valebant.
1241 1171 1364 1216 Unde
1383 1186 1474 1215 non

84 1246 313 1291 valebant?
330 1248 427 1289 ,Iam
444 1245 632 1290 occurrit
652 1244 790 1299 vobis,
808 1244 982 1288 contriti
1002 1252 1125 1286 erant
1147 1242 1298 1286 dentes
1320 1256 1471 1286 eorum

85 1318 131 1361 in
153 1333 226 1361 ore
242 1317 451 1376 ipsorum.

143 1389 270 1431 XIII.
288 1387 504 1432 Pharisaeo
526 1385 747 1445 displicuit
762 1385 972 1429 Dominus
990 1383 1052 1427 illi
1070 1383 1144 1443 qui
1168 1383 1220 1426 ad
1239 1382 1474 1443 prandium

85 1467 339 1512 vocaverat,
365 1458 486 1517 quod
506 1457 723 1516 peccatrix
744 1455 901 1499 mulier
930 1455 1152 1499 accesserit
1172 1454 1210 1497 ei
1234 1453 1289 1497 ad
1312 1453 1442 1512 pedes
1461 1474 1472 1511 3

86 1538 129 1572 et
158 1528 447 1571 murmuravit
474 1528 676 1570 adversus
706 1541 807 1570 eum
836 1525 983 1570 dicens
1007 1545 1014 1569 ;
1041 1544 1060 1566 «
1083 1525 1126 1569 Si
1143 1533 1252 1567 esset
1272 1524 1345 1567 hic
1367 1527 1476 1568 Pro-

86 1599 242 1658 pheta,
278 1598 404 1641 sciret
435 1613 534 1656 quae
565 1597 720 1640 mulier
748 1595 812 1638 illi
843 1596 1020 1639 accessit
1051 1595 1106 1638 ad
1127 1594 1274 1653 pedes.
1308 1613 1327 1634 »
1360 1596 1396 1637 Ο
1425 1603 1476 1638 tu

86 1684 175 1713 non
209 1669 445 1728 propheta,
475 1666 593 1710 unde
625 1666 704 1710 scis
738 1665 857 1725 quod
886 1665 1086 1711 nescierit
1112 1680 1210 1723 quae
1233 1663 1391 1707 mulier
1411 1663 1476 1708 illi

87 1740 262 1784 accessit
279 1739 332 1783 ad
351 1738 507 1798 pedes?
530 1737 640 1791 Quia
661 1753 750 1781 non
773 1736 972 1780 servabat
993 1735 1196 1784 videlicet
1213 1734 1477 1779 munditiam

88 1809 341 1853 Judaeorum
356 1844 366 1863 ‚
391 1824 490 1868 quae
514 1824 537 1851 a
559 1806 661 1851 foris
683 1807 805 1866 quasi
827 1805 1153 1850 custodiebatur
1179 1806 1223 1849 in
1253 1821 1402 1860 carne,
1435 1815 1478 1850 et

88 1879 291 1923 exulabat
309 1894 359 1921 ex
377 1877 523 1931 corde,
538 1877 623 1921 1100
639 1876 692 1920 de
714 1877 899 1920 Domino
923 1876 1162 1935 suspicatus
1176 1885 1253 1919 est.
1268 1875 1478 1920 Dominus

89 1957 233 1994 autem
258 1947 334 2008 qui
361 1955 538 2006 peccata
570 1945 761 1989 mulieris
796 1954 1000 1999 noverat,
1039 1946 1169 1988 etiam
1199 1945 1478 2004 cogitationes

88 2019 267 2078 hospitis
296 2018 530 2073 audiebat3
560 2026 602 2060 et
634 2017 880 2075 respondit,
914 2032 1012 2076 quae
1045 2016 1193 2060 nostis.
1225 2019 1282 2060 Et
1313 2031 1368 2059 ne
1401 2015 1479 2060 diu

88 2089 190 2133 hinc
220 2088 396 2148 loquar⁷
427 2097 574 2131 tamen
601 2088 646 2130 in
670 2102 743 2131 ore
778 2088 869 2146 ejus
903 2086 1299 2131 voluit‘conterere
1327 2085 1479 2131 dentes

91 2160 196 2219 ejus.
221 2157 452 2218 Proposuit
468 2156 582 2200 enim
608 2176 615 2200 2
645 2175 664 2197 «
690 2159 786 2200 Duo
809 2155 1026 2200 debitores
1048 2166 1168 2200 erant
1191 2157 1366 2200 cuidam
1391 2156 1478 2201 foe-

96 2246 117 2270 »
151 2227 339 2271 neratori
356 2262 366 2281 ‚
408 2242 522 2270 unus
566 2226 826 2286 quingentos
868 2225 1057 2270 debebat
1098 2225 1296 2270 denarios
1312 2261 1322 2280 ‚
1371 2226 1479 2271 alius

94 2316 114 2339 »
149 2298 465 2357 quinquaginta
491 2315 500 2340 ε
532 2312 621 2340 11οη
649 2296 872 2340 habebant
905 2297 1034 2340 ambo
1066 2296 1185 2340 unde
1219 2297 1476 2352 redderent,

94 2384 114 2408 1)
149 2368 311 2411 dimisit
346 2367 585 2420 ambobus,
623 2366 720 2425 quis
750 2382 849 2409 eum
881 2366 976 2425 plus
1013 2366 1214 2410 dilexit‘2}J
1240 2386 1259 2407 »
1293 2367 1360 2411 Ad
1393 2368 1477 2411 hoc

92 2438 326 2494 interrogat
346 2436 418 2479 ille
434 2472 444 2490 ,
473 2445 524 2479 ut
545 2435 616 2479 ille
634 2436 892 2494 respondeat
913 2456 920 2480 :
947 2435 1002 2479 ad
1021 2437 1103 2480 hoc
1126 2435 1200 2480 ille
1220 2437 1473 2496 respondet,

92 2517 140 2550 ut
161 2507 310 2551 dentes
333 2508 423 2566 ejus
452 2507 498 2550 in
520 2522 593 2550 ore
616 2508 707 2566 ejus
725 2515 1021 2551 conterantur.
1056 2507 1295 2565 Respondit
1317 2506 1476 2552 confu-

143 2610 149 2625 ¹
170 2605 265 2635 Marc-
291 2614 336 2643 xi,
356 2603 472 2634 28—33.
502 2618 542 2624 —-
570 2609 582 2625 ²
602 2604 676 2634 Lucv
700 2614 759 2641 vn,
782 2602 899 2643 39-30.
