1889 3285
398 277 638 307 ENARRATIO
669 280 715 307 IN
747 278 948 308 PsALMUM
980 281 1116 307 LXXII.
1360 266 1439 306 441

70 356 168 392 rent
193 349 308 401 Deo,
334 354 458 389 nutat
479 380 489 399 ,
515 354 557 389 et
578 361 711 405 prope
742 345 919 401 labitur,
955 354 996 389 et
1024 360 1124 389 cum
1157 345 1332 402 hymnis
1364 344 1447 389 illis

71 417 242 471 deficit,
267 415 368 475 quia
389 416 434 458 in
456 414 614 459 talibus
629 415 834 460 cordibus
855 415 1008 473 hymni
1031 414 1304 459 deficiebant.
1331 414 1448 469 Quid

71 496 156 541 est,
178 487 223 530 in
245 484 403 529 talibus
421 484 623 529 cordibus
640 486 794 543 hymni
811 485 1093 529 deficiebant?
1117 485 1225 538 Quia
1237 486 1326 544 jam
1348 485 1448 529 talia

72 555 322 615 cogitabant
337 590 347 609 ,
373 558 509 598 Deum
534 570 621 599 non
637 555 888 599 laudabant.
911 555 1140 609 Quomodo
1162 555 1275 598 enim
1298 555 1450 599 lauda-

71 635 167 670 rent
187 629 327 670 Deum
347 660 357 679 ,
399 625 555 684 quibus
578 626 698 685 quasi
722 641 946 685 perversus
967 625 1213 680 videbatur,
1241 625 1346 668 dans
1369 626 1452 668 im-

70 696 150 756 piis
180 705 342 739 tantam
373 694 618 738 felicitatem
638 731 648 748 ,
687 704 729 738 et
762 694 959 739 auferens
988 711 1081 739 eam
1114 711 1136 739 a
1171 694 1452 739 servientibus

72 766 184 811 sibi?
204 768 303 810 Non
324 764 406 808 illis
428 765 567 808 bonus
589 765 819 809 videbatur
831 770 971 810 Deusae
997 776 1040 810 et
1060 766 1218 826 quibus
1242 769 1354 809 Deus
1373 766 1454 809 bo-

72 853 153 881 nus
175 852 266 880 non
286 834 532 889 videbatur,
556 851 643 879 non
666 836 819 895 utique
842 837 895 880 ab
918 837 977 880 eis
998 835 1284 880 laudabatur:
1306 852 1329 879 a
1358 836 1457 896 qui-

71 908 153 952 bus
171 916 317 951 autem
331 909 444 950 Deus
460 922 549 950 non
561 904 839 960 laudabatur,
859 904 1114 950 defecerunt
1125 906 1170 949 in
1187 905 1269 950 illis
1282 906 1452 963 hymni.

73 980 227 1022 Postea
247 992 351 1020 vero
371 975 560 1036 populus
582 976 660 1019 iste
690 974 903 1019 intellexit
937 975 1044 1035 quid
1078 992 1176 1019 eum
1206 975 1459 1020 admoneret

73 1049 187 1091 Deus
199 1061 394 1107 quaerere
411 1081 422 1101 ,
448 1061 546 1090 cum
560 1046 641 1089 ista
662 1044 915 1105 temporalia
926 1046 1201 1090 subtraheret
1213 1045 1343 1090 servis
1355 1046 1456 1100 suis,

74 1126 119 1161 et
140 1116 324 1161 donaret
338 1132 385 1160 ea
403 1116 586 1160 inimicis
599 1115 684 1159 suis
695 1151 706 1170 ,
731 1114 992 1175 blasphemis
1008 1152 1018 1171 ‚
1038 1116 1179 1176 impiis
1193 1115 1460 1160 :admonitus

75 1186 312 1242 intellexit,
345 1187 446 1246 quia
474 1201 562 1246 prae
591 1185 793 1229 omnihus
811 1220 820 1238 ,
853 1201 952 1246 quae
976 1184 1050 1230 dat
1080 1191 1188 1229 Deus
1210 1195 1253 1230 et
1274 1186 1399 1230 bonis
1418 1195 1462 1230 et

77 1256 222 1312 malis,
249 1266 292 1300 et
312 1255 545 1315 aliquando
568 1253 711 1300 aufert
731 1263 775 1298 et
798 1254 922 1299 bonis
945 1265 988 1300 et
1003 1255 1142 1310 malis,
1158 1271 1246 1315 prae
1259 1256 1461 1300 omnibus

78 1336 217 1372 servat
239 1325 403 1386 aliquid
416 1325 554 1369 bonis.
582 1323 698 1378 Quid
720 1333 782 1368 est
802 1360 812 1379 ,
835 1335 976 1369 servat
997 1325 1162 1386 aliquid
1184 1326 1333 1370 bonis?
1354 1326 1463 1386 quid

77 1396 160 1441 illis
180 1398 350 1441 servat?
374 1398 426 1441 Se
454 1396 612 1454 ipsum.
639 1397 734 1440 Jam
755 1404 970 1455 quantum
992 1396 1189 1451 arbitror,
1213 1397 1401 1440 curritur
1417 1395 1463 1440 in

78 1466 269 1522 Psalmo,
298 1465 543 1510 intellectus
573 1474 636 1510 est
671 1466 717 1509 in
750 1466 926 1510 nomine
948 1466 1135 1510 Domini.
1176 1465 1291 1510 Audi
1320 1481 1465 1510 recor-

81 1535 258 1581 dantem
275 1545 317 1580 et
336 1536 624 1596 poenitentem
642 1536 718 1596 qui
735 1532 948 1579 errarerat
961 1570 971 1589 ,
995 1534 1192 1595 putando
1214 1538 1352 1580 Deum
1374 1551 1464 1580 non

79 1607 249 1652 bonum
268 1641 278 1661 ,
304 1607 380 1666 qui
403 1605 478 1649 dat
499 1605 615 1649 bona
629 1614 799 1649 terrena
815 1604 960 1660 malis,
987 1614 1030 1649 et
1053 1603 1195 1649 aufert
1210 1604 1282 1649 illa
1296 1620 1319 1649 a
1336 1606 1465 1650 servis

83 1677 184 1721 suis.
222 1675 444 1720 Intellexit
478 1675 593 1718 enim
621 1675 726 1735 quid
755 1678 868 1719 Deus
904 1684 1090 1719 servaret
1123 1675 1252 1720 servis
1279 1676 1365 1720 suis
1385 1710 1396 1731 ‚
1425 1684 1468 1720 et

79 1747 342 1804 recogitans,
363 1760 495 1805 seque
515 1744 726 1803 castigans
749 1745 892 1804 erupit
903 1745 988 1790 hoc
1007 1744 1152 1789 modo.
1322 1733 1328 1744 x

91 1846 93 1848 -
139 1818 238 1860 VII.
269 1834 288 1857 «
315 1818 455 1869 Quam
478 1815 619 1858 bonus
636 1818 750 1859 Deus
765 1815 897 1859 Israel
918 1815 926 1858 1
957 1834 976 1855 »
1005 1814 1089 1860 Sed
1111 1815 1304 1876 quibus?
1329 1817 1468 1860 «Rec-

82 1904 105 1928 ³>
138 1886 192 1930 tis
209 1885 355 1929 corde.
376 1904 396 1926 »
419 1884 633 1929 Perversis
653 1884 760 1945 quid
776 1887 794 1929 Ξ)
810 1888 1039 1929 Perversus
1063 1886 1248 1930 videtur.
1279 1886 1347 1930 Sic
1362 1894 1406 1929 et
1421 1885 1468 1929 in

83 1956 167 2001 alio
195 1956 366 2001 Psalmo
406 1955 538 2000 dicit:
568 1975 587 1997 «
612 1958 725 2000 Cum
755 1967 904 2000 sancto
943 1964 1116 2000 sanctus
1156 1957 1236 2000 eris
1257 1991 1267 2011 ,
1303 1965 1346 2000 et
1368 1971 1468 2000 cum

88 2045 108 2068 »
142 2026 236 2071 viro
255 2026 488 2070 innocente
522 2026 730 2070 innocens
752 2026 834 2070 eris
850 2061 860 2078 ,
885 2035 928 2070 et
950 2042 1049 2070 cum
1073 2017 1272 2086 perverso
1294 2041 1471 2086 perver-

87 2115 109 2138 »
144 2107 219 2140 sus*
236 2096 317 2140 eris
332 2098 364 2140 1.
385 2114 405 2137 »
431 2097 543 2149 Quid
561 2105 645 2150 est,
676 2114 696 2137 «
712 2099 941 2140 Perversus
964 2096 1044 2140 eris
1062 2112 1159 2140 cum
1188 2089 1389 2156 perverso
1409 2098 1427 2138 ’.θ
1446 2115 1465 2138 »

24 2217 29 2220 ,
85 2169 339 2230 Perversum
355 2175 399 2210 te
420 2166 592 2225 puta-bit
612 2180 854 2225 perversus.
875 2169 972 2210 Non
987 2165 1106 2226 quod
1123 2165 1213 2210 ullo
1230 2166 1361 2211 modo
1377 2182 1472 2226 per-

86 2244 280 2279 vertatur
304 2239 432 2280 Deus.
460 2235 584 2279 Absit
605 2254 613 2279 :
640 2234 760 2295 quod
778 2245 864 2290 est,
891 2245 967 2280 est.
995 2235 1079 2280 Sed
1100 2235 1471 2296 quemadmodum

87 2304 150 2350 sol
172 2305 320 2350 oculos
337 2321 468 2365 puros
485 2342 494 2360 ,
512 2321 651 2360 sanos,
670 2315 846 2365 vegetos
859 2341 869 2361 ,
882 2306 1016 2350 fortes
1037 2306 1233 2361 habenti,
1257 2306 1471 2366 tranquil-

86 2375 155 2419 lus
176 2382 353 2435 apparet
369 2410 380 2430 ,
406 2376 452 2418 in
465 2375 613 2420 oculos
636 2385 779 2420 autem
797 2375 937 2436 lippos
953 2377 1074 2436 quasi
1091 2376 1174 2421 tela
1193 2392 1340 2436 aspera
1345 2377 1472 2435 jacu-

88 2444 232 2495 latur·‚
263 2446 506 2490 intuentem
546 2446 671 2490 illum
711 2456 882 2504 vegetat
903 2482 913 2502 ,
950 2447 1068 2491 hunc
1102 2446 1343 2499 excruciat,
1384 2462 1473 2490 non

88 2523 296 2570 mutatus,
321 2515 397 2560 sed
418 2517 632 2561 mutatum
661 2536 668 2562 :
696 2517 754 2561 sic
781 2532 880 2561 cum
905 2517 1086 2577 coeperis
1105 2532 1192 2561 esse
1214 2531 1438 2576 perversus
1459 2551 1470 2569 ,

139 2605 148 2621 ¹
170 2598 248 2632 Psal.
270 2610 351 2641 xvn,
371 2599 426 2641 253,
449 2609 502 2641 2.'-
854 2596 859 2598 ’
