<?xml version="1.0" encoding="UTF-8"?>
<!DOCTYPE html PUBLIC "-//W3C//DTD XHTML 1.0 Transitional//EN"
    "http://www.w3.org/TR/xhtml1/DTD/xhtml1-transitional.dtd">
<html xmlns="http://www.w3.org/1999/xhtml" xml:lang="en" lang="en">
 <head>
  <title>
</title>
<meta http-equiv="Content-Type" content="text/html;charset=utf-8" />
  <meta name='ocr-system' content='tesseract 3.04.00' />
  <meta name='ocr-capabilities' content='ocr_page ocr_carea ocr_par ocr_line ocrx_word'/>
</head>
<body>
  <div class='ocr_page' id='page_1' title='image "./operaomniaaccura09auguuoft_0321.png"; bbox 0 0 1889 3285; ppageno 0'>
   <div class='ocr_carea' id='block_1_1' title="bbox 218 262 1438 313">
    <p class='ocr_par' dir='ltr' id='par_1_1' title="bbox 218 262 1438 313">
     <span class='ocr_line' id='line_1_1' title="bbox 218 262 1438 313; baseline -0.002 -11"><span class='ocrx_word' id='word_1_1' title='bbox 218 274 459 304; x_wconf 66' lang='lat' dir='ltr'>ENARnA-rio</span> <span class='ocrx_word' id='word_1_2' title='bbox 492 276 506 302; x_wconf 97' lang='lat'>1</span> <span class='ocrx_word' id='word_1_3' title='bbox 538 276 584 302; x_wconf 79' lang='grc' dir='ltr'>ΙΝ</span> <span class='ocrx_word' id='word_1_4' title='bbox 615 274 818 302; x_wconf 74' lang='lat' dir='ltr'>PsALMUM</span> <span class='ocrx_word' id='word_1_5' title='bbox 851 277 1014 313; x_wconf 75' lang='lat' dir='ltr'>vam,</span> <span class='ocrx_word' id='word_1_6' title='bbox 1050 273 1188 301; x_wconf 62' lang='lat' dir='ltr'>sumno</span> <span class='ocrx_word' id='word_1_7' title='bbox 1221 275 1250 300; x_wconf 96' lang='lat'>1.</span> <span class='ocrx_word' id='word_1_8' title='bbox 1354 262 1438 300; x_wconf 81' lang='lat'>309</span> 
     </span>
    </p>
   </div>
   <div class='ocr_carea' id='block_1_2' title="bbox 0 332 1442 2513">
    <p class='ocr_par' dir='ltr' id='par_1_2' title="bbox 3 332 1442 1668">
     <span class='ocr_line' id='line_1_2' title="bbox 10 332 1437 400; baseline -0.004 -15"><span class='ocrx_word' id='word_1_9' title='bbox 10 332 20 399; x_wconf 46' lang='lat' dir='ltr'>*J</span> <span class='ocrx_word' id='word_1_10' title='bbox 59 341 173 385; x_wconf 88' lang='lat' dir='ltr'>enim</span> <span class='ocrx_word' id='word_1_11' title='bbox 191 340 263 384; x_wconf 85' lang='lat' dir='ltr'>hic</span> <span class='ocrx_word' id='word_1_12' title='bbox 283 340 478 400; x_wconf 88' lang='lat' dir='ltr'>loquitur</span> <span class='ocrx_word' id='word_1_13' title='bbox 498 358 507 383; x_wconf 75' lang='grc' dir='ltr'>ε</span> <span class='ocrx_word' id='word_1_14' title='bbox 533 339 608 383; x_wconf 91' lang='lat' dir='ltr'>sed</span> <span class='ocrx_word' id='word_1_15' title='bbox 627 339 717 398; x_wconf 87' lang='lat' dir='ltr'>jam</span> <span class='ocrx_word' id='word_1_16' title='bbox 740 339 976 384; x_wconf 72' lang='lat' dir='ltr'>scientibus</span> <span class='ocrx_word' id='word_1_17' title='bbox 999 338 1183 382; x_wconf 86' lang='lat' dir='ltr'><strong>dicimus</strong></span> <span class='ocrx_word' id='word_1_18' title='bbox 1203 357 1213 381; x_wconf 75' lang='grc' dir='ltr'>ε</span> <span class='ocrx_word' id='word_1_19' title='bbox 1242 337 1437 382; x_wconf 86' lang='lat' dir='ltr'>Christus</span> 
     </span>
     <span class='ocr_line' id='line_1_3' title="bbox 13 398 1438 469; baseline -0.003 -14"><span class='ocrx_word' id='word_1_20' title='bbox 13 398 20 422; x_wconf 60' lang='lat'>³</span> <span class='ocrx_word' id='word_1_21' title='bbox 57 426 148 456; x_wconf 89' lang='lat' dir='ltr'>non</span> <span class='ocrx_word' id='word_1_22' title='bbox 168 409 308 454; x_wconf 89' lang='lat' dir='ltr'>solum</span> <span class='ocrx_word' id='word_1_23' title='bbox 330 419 461 469; x_wconf 86' lang='lat' dir='ltr'>caput</span> <span class='ocrx_word' id='word_1_24' title='bbox 475 445 486 464; x_wconf 89' lang='lat'>,</span> <span class='ocrx_word' id='word_1_25' title='bbox 510 409 586 453; x_wconf 90' lang='lat' dir='ltr'>sed</span> <span class='ocrx_word' id='word_1_26' title='bbox 603 418 650 453; x_wconf 89' lang='lat' dir='ltr'>et·</span> <span class='ocrx_word' id='word_1_27' title='bbox 663 425 833 469; x_wconf 85' lang='lat' dir='ltr'>corpus.</span> <span class='ocrx_word' id='word_1_28' title='bbox 860 413 927 454; x_wconf 82' lang='lat' dir='ltr'>Ex</span> <span class='ocrx_word' id='word_1_29' title='bbox 954 408 1054 468; x_wconf 88' lang='lat' dir='ltr'>ipsis</span> <span class='ocrx_word' id='word_1_30' title='bbox 1076 408 1218 452; x_wconf 85' lang='lat' dir='ltr'>verbis</span> <span class='ocrx_word' id='word_1_31' title='bbox 1241 408 1438 465; x_wconf 84' lang='lat' dir='ltr'>agnosci-</span> 
     </span>
     <span class='ocr_line' id='line_1_4' title="bbox 14 478 1437 541; baseline -0.004 -15"><span class='ocrx_word' id='word_1_32' title='bbox 14 515 18 518; x_wconf 77' lang='lat'><em>·</em></span> <span class='ocrx_word' id='word_1_33' title='bbox 57 496 168 526; x_wconf 90' lang='lat' dir='ltr'>mus.</span> <span class='ocrx_word' id='word_1_34' title='bbox 200 483 307 526; x_wconf 90' lang='lat' dir='ltr'>Nam</span> <span class='ocrx_word' id='word_1_35' title='bbox 331 481 432 541; x_wconf 87' lang='lat' dir='ltr'>quia</span> <span class='ocrx_word' id='word_1_36' title='bbox 455 480 649 525; x_wconf 88' lang='lat' dir='ltr'>Christus</span> <span class='ocrx_word' id='word_1_37' title='bbox 685 481 755 524; x_wconf 92' lang='lat' dir='ltr'>hic</span> <span class='ocrx_word' id='word_1_38' title='bbox 785 480 1001 541; x_wconf 85' lang='lat' dir='ltr'>loquitur,</span> <span class='ocrx_word' id='word_1_39' title='bbox 1037 478 1238 523; x_wconf 87' lang='lat' dir='ltr'>dubitare</span> <span class='ocrx_word' id='word_1_40' title='bbox 1258 478 1437 522; x_wconf 88' lang='lat' dir='ltr'>omnino</span> 
     </span>
     <span class='ocr_line' id='line_1_5' title="bbox 13 549 1439 611; baseline -0.003 -15"><span class='ocrx_word' id='word_1_41' title='bbox 13 579 17 589; x_wconf 91' lang='lat'>·</span> <span class='ocrx_word' id='word_1_42' title='bbox 56 567 146 596; x_wconf 89' lang='lat' dir='ltr'>non</span> <span class='ocrx_word' id='word_1_43' title='bbox 171 552 478 611; x_wconf 83' lang='lat' dir='ltr'>permittimur.</span> <span class='ocrx_word' id='word_1_44' title='bbox 503 551 583 595; x_wconf 89' lang='lat' dir='ltr'>Hic</span> <span class='ocrx_word' id='word_1_45' title='bbox 605 560 707 595; x_wconf 91' lang='lat' dir='ltr'>sunt</span> <span class='ocrx_word' id='word_1_46' title='bbox 733 551 849 594; x_wconf 91' lang='lat' dir='ltr'>enim</span> <span class='ocrx_word' id='word_1_47' title='bbox 871 564 1063 610; x_wconf 77' lang='lat' dir='ltr'>expressa</span> <span class='ocrx_word' id='word_1_48' title='bbox 1085 549 1240 603; x_wconf 84' lang='lat' dir='ltr'>verba,</span> <span class='ocrx_word' id='word_1_49' title='bbox 1272 566 1372 610; x_wconf 87' lang='lat' dir='ltr'>quae</span> <span class='ocrx_word' id='word_1_50' title='bbox 1392 550 1439 593; x_wconf 93' lang='lat' dir='ltr'>in</span> 
     </span>
     <span class='ocr_line' id='line_1_6' title="bbox 55 620 1438 682; baseline -0.004 -13"><span class='ocrx_word' id='word_1_51' title='bbox 55 623 147 682; x_wconf 86' lang='lat' dir='ltr'>ejus</span> <span class='ocrx_word' id='word_1_52' title='bbox 170 623 365 682; x_wconf 85' lang='lat' dir='ltr'>passione</span> <span class='ocrx_word' id='word_1_53' title='bbox 391 621 605 681; x_wconf 81' lang='lat' dir='ltr'>completa</span> <span class='ocrx_word' id='word_1_54' title='bbox 627 629 729 665; x_wconf 86' lang='lat' dir='ltr'>sunt</span> <span class='ocrx_word' id='word_1_55' title='bbox 750 641 759 665; x_wconf 87' lang='lat'>:</span> <span class='ocrx_word' id='word_1_56' title='bbox 784 640 801 661; x_wconf 91' lang='lat'>«</span> <span class='ocrx_word' id='word_1_57' title='bbox 827 621 1053 666; x_wconf 86' lang='lat' dir='ltr'>Dederunt</span> <span class='ocrx_word' id='word_1_58' title='bbox 1072 620 1119 664; x_wconf 78' lang='lat' dir='ltr'>in</span> <span class='ocrx_word' id='word_1_59' title='bbox 1136 635 1276 664; x_wconf 87' lang='lat' dir='ltr'>escam</span> <span class='ocrx_word' id='word_1_60' title='bbox 1296 636 1438 664; x_wconf 80' lang='lat' dir='ltr'>meam</span> 
     </span>
     <span class='ocr_line' id='line_1_7' title="bbox 8 690 1437 751; baseline 0 -16"><span class='ocrx_word' id='word_1_61' title='bbox 8 706 9 709; x_wconf 70' lang='grc'>’</span> <span class='ocrx_word' id='word_1_62' title='bbox 59 711 78 735; x_wconf 62' lang='lat' dir='ltr'>n</span> <span class='ocrx_word' id='word_1_63' title='bbox 112 691 172 737; x_wconf 85' lang='lat' dir='ltr'>fel</span> <span class='ocrx_word' id='word_1_64' title='bbox 187 728 197 747; x_wconf 85' lang='lat'>‚</span> <span class='ocrx_word' id='word_1_65' title='bbox 223 703 266 737; x_wconf 91' lang='lat' dir='ltr'>et</span> <span class='ocrx_word' id='word_1_66' title='bbox 286 693 332 736; x_wconf 91' lang='lat' dir='ltr'>in</span> <span class='ocrx_word' id='word_1_67' title='bbox 350 693 420 736; x_wconf 89' lang='lat' dir='ltr'>siti</span> <span class='ocrx_word' id='word_1_68' title='bbox 433 707 527 736; x_wconf 89' lang='lat' dir='ltr'>mea</span> <span class='ocrx_word' id='word_1_69' title='bbox 543 701 805 751; x_wconf 86' lang='lat' dir='ltr'>potaverunt</span> <span class='ocrx_word' id='word_1_70' title='bbox 826 707 896 735; x_wconf 91' lang='lat' dir='ltr'>me</span> <span class='ocrx_word' id='word_1_71' title='bbox 916 694 1064 735; x_wconf 83' lang='lat' dir='ltr'>aceto1</span> <span class='ocrx_word' id='word_1_72' title='bbox 1089 707 1098 732; x_wconf 71' lang='grc' dir='ltr'>ε</span> <span class='ocrx_word' id='word_1_73' title='bbox 1125 711 1142 733; x_wconf 89' lang='grc'>»</span> <span class='ocrx_word' id='word_1_74' title='bbox 1164 690 1342 751; x_wconf 85' lang='lat' dir='ltr'>quando</span> <span class='ocrx_word' id='word_1_75' title='bbox 1358 692 1437 735; x_wconf 81' lang='lat' dir='ltr'>ista</span> 
     </span>
     <span class='ocr_line' id='line_1_8' title="bbox 5 761 1437 822; baseline -0.003 -13"><span class='ocrx_word' id='word_1_76' title='bbox 5 808 7 810; x_wconf 79' lang='grc'>,</span> <span class='ocrx_word' id='word_1_77' title='bbox 55 771 98 806; x_wconf 88' lang='lat' dir='ltr'>et</span> <span class='ocrx_word' id='word_1_78' title='bbox 126 762 181 806; x_wconf 90' lang='lat' dir='ltr'>ad</span> <span class='ocrx_word' id='word_1_79' title='bbox 205 763 395 806; x_wconf 83' lang='lat' dir='ltr'>litteram</span> <span class='ocrx_word' id='word_1_80' title='bbox 421 762 599 821; x_wconf 86' lang='lat' dir='ltr'>impleta</span> <span class='ocrx_word' id='word_1_81' title='bbox 631 773 757 817; x_wconf 78' lang='lat' dir='ltr'>sunt,</span> <span class='ocrx_word' id='word_1_82' title='bbox 790 772 832 807; x_wconf 80' lang='lat' dir='ltr'>et</span> <span class='ocrx_word' id='word_1_83' title='bbox 866 778 1039 822; x_wconf 85' lang='lat' dir='ltr'>prorsus</span> <span class='ocrx_word' id='word_1_84' title='bbox 1073 761 1296 822; x_wconf 89' lang='lat' dir='ltr'>quomodo</span> <span class='ocrx_word' id='word_1_85' title='bbox 1320 778 1437 821; x_wconf 52' lang='lat' dir='ltr'>prae*</span> 
     </span>
     <span class='ocr_line' id='line_1_9' title="bbox 54 832 1432 894; baseline 0 -17"><span class='ocrx_word' id='word_1_86' title='bbox 54 832 168 878; x_wconf 88' lang='lat' dir='ltr'>dicta</span> <span class='ocrx_word' id='word_1_87' title='bbox 180 869 190 888; x_wconf 89' lang='lat'>‚</span> <span class='ocrx_word' id='word_1_88' title='bbox 207 834 266 877; x_wconf 88' lang='lat' dir='ltr'>sie</span> <span class='ocrx_word' id='word_1_89' title='bbox 278 833 460 877; x_wconf 86' lang='lat' dir='ltr'>reddita.</span> <span class='ocrx_word' id='word_1_90' title='bbox 479 836 680 894; x_wconf 87' lang='lat' dir='ltr'>Cumque</span> <span class='ocrx_word' id='word_1_91' title='bbox 702 834 791 893; x_wconf 89' lang='lat' dir='ltr'>ipse</span> <span class='ocrx_word' id='word_1_92' title='bbox 809 834 1006 878; x_wconf 82' lang='lat' dir='ltr'>Christus</span> <span class='ocrx_word' id='word_1_93' title='bbox 1025 832 1220 877; x_wconf 80' lang='lat' dir='ltr'>dixisset:</span> <span class='ocrx_word' id='word_1_94' title='bbox 1239 852 1255 872; x_wconf 91' lang='lat'>«</span> <span class='ocrx_word' id='word_1_95' title='bbox 1277 833 1398 888; x_wconf 69' lang='lat' dir='ltr'>Sino,</span> <span class='ocrx_word' id='word_1_96' title='bbox 1415 852 1432 874; x_wconf 87' lang='lat'>»</span> 
     </span>
     <span class='ocr_line' id='line_1_10' title="bbox 51 903 1438 963; baseline -0.001 -16"><span class='ocrx_word' id='word_1_97' title='bbox 51 903 248 963; x_wconf 85' lang='lat' dir='ltr'>pendens</span> <span class='ocrx_word' id='word_1_98' title='bbox 268 904 314 947; x_wconf 92' lang='lat' dir='ltr'>in</span> <span class='ocrx_word' id='word_1_99' title='bbox 336 919 479 958; x_wconf 84' lang='lat' dir='ltr'>cruce,</span> <span class='ocrx_word' id='word_1_100' title='bbox 500 913 543 948; x_wconf 88' lang='lat' dir='ltr'>et</span> <span class='ocrx_word' id='word_1_101' title='bbox 561 904 615 948; x_wconf 84' lang='lat' dir='ltr'>ad</span> <span class='ocrx_word' id='word_1_102' title='bbox 637 905 720 948; x_wconf 83' lang='lat' dir='ltr'>hoe</span> <span class='ocrx_word' id='word_1_103' title='bbox 733 905 916 948; x_wconf 83' lang='lat' dir='ltr'>verbum</span> <span class='ocrx_word' id='word_1_104' title='bbox 937 905 974 947; x_wconf 87' lang='lat' dir='ltr'>ei</span> <span class='ocrx_word' id='word_1_105' title='bbox 997 913 1168 948; x_wconf 80' lang='lat' dir='ltr'>acetum</span> <span class='ocrx_word' id='word_1_106' title='bbox 1190 904 1236 947; x_wconf 88' lang='lat' dir='ltr'>in</span> <span class='ocrx_word' id='word_1_107' title='bbox 1257 903 1438 963; x_wconf 81' lang='lat' dir='ltr'>spongia</span> 
     </span>
     <span class='ocr_line' id='line_1_11' title="bbox 3 973 1438 1034; baseline -0.001 -16"><span class='ocrx_word' id='word_1_108' title='bbox 3 979 8 988; x_wconf 77' lang='lat'><strong>¹</strong></span> <span class='ocrx_word' id='word_1_109' title='bbox 51 973 203 1018; x_wconf 87' lang='lat' dir='ltr'>datum</span> <span class='ocrx_word' id='word_1_110' title='bbox 226 983 359 1028; x_wconf 83' lang='lat' dir='ltr'>esset,</span> <span class='ocrx_word' id='word_1_111' title='bbox 382 990 469 1034; x_wconf 90' lang='lat' dir='ltr'>quo</span> <span class='ocrx_word' id='word_1_112' title='bbox 492 983 672 1034; x_wconf 73' lang='lat' dir='ltr'>accepto</span> <span class='ocrx_word' id='word_1_113' title='bbox 694 974 804 1018; x_wconf 78' lang='lat' dir='ltr'>dixit</span> <span class='ocrx_word' id='word_1_114' title='bbox 831 995 839 1019; x_wconf 92' lang='lat'><strong>:</strong></span> <span class='ocrx_word' id='word_1_115' title='bbox 870 993 887 1014; x_wconf 88' lang='lat'>«</span> <span class='ocrx_word' id='word_1_116' title='bbox 910 977 1273 1020; x_wconf 84' lang='lat' dir='ltr'>Consummatum</span> <span class='ocrx_word' id='word_1_117' title='bbox 1296 983 1375 1028; x_wconf 83' lang='lat' dir='ltr'>est,</span> <span class='ocrx_word' id='word_1_118' title='bbox 1394 982 1438 1017; x_wconf 88' lang='lat' dir='ltr'>et</span> 
     </span>
     <span class='ocr_line' id='line_1_12' title="bbox 57 1044 1440 1104; baseline 0.001 -19"><span class='ocrx_word' id='word_1_119' title='bbox 57 1063 75 1085; x_wconf 88' lang='lat'>»</span> <span class='ocrx_word' id='word_1_120' title='bbox 109 1044 168 1088; x_wconf 87' lang='lat' dir='ltr'>sic</span> <span class='ocrx_word' id='word_1_121' title='bbox 206 1044 413 1089; x_wconf 84' lang='lat' dir='ltr'>inclinato</span> <span class='ocrx_word' id='word_1_122' title='bbox 447 1045 588 1103; x_wconf 85' lang='lat' dir='ltr'>capite</span> <span class='ocrx_word' id='word_1_123' title='bbox 613 1080 623 1099; x_wconf 81' lang='lat'><strong>‚</strong></span> <span class='ocrx_word' id='word_1_124' title='bbox 655 1044 835 1088; x_wconf 82' lang='lat' dir='ltr'>tradidit</span> <span class='ocrx_word' id='word_1_125' title='bbox 866 1045 1065 1104; x_wconf 88' lang='lat' dir='ltr'>spiritum</span> <span class='ocrx_word' id='word_1_126' title='bbox 1087 1048 1120 1099; x_wconf 72' lang='lat'>²,</span> <span class='ocrx_word' id='word_1_127' title='bbox 1157 1066 1172 1086; x_wconf 85' lang='lat'>»</span> <span class='ocrx_word' id='word_1_128' title='bbox 1207 1044 1440 1088; x_wconf 90' lang='lat' dir='ltr'>ostendens</span> 
     </span>
     <span class='ocr_line' id='line_1_13' title="bbox 4 1113 1441 1174; baseline 0.001 -17"><span class='ocrx_word' id='word_1_129' title='bbox 4 1119 6 1122; x_wconf 83' lang='grc'><strong>’</strong></span> <span class='ocrx_word' id='word_1_130' title='bbox 51 1113 129 1157; x_wconf 88' lang='lat' dir='ltr'>ista</span> <span class='ocrx_word' id='word_1_131' title='bbox 151 1115 296 1158; x_wconf 88' lang='lat' dir='ltr'>omnia</span> <span class='ocrx_word' id='word_1_132' title='bbox 313 1130 412 1174; x_wconf 88' lang='lat' dir='ltr'>quae</span> <span class='ocrx_word' id='word_1_133' title='bbox 433 1114 640 1174; x_wconf 63' lang='lat' dir='ltr'>praedicta</span> <span class='ocrx_word' id='word_1_134' title='bbox 662 1123 764 1158; x_wconf 89' lang='lat' dir='ltr'>sunt</span> <span class='ocrx_word' id='word_1_135' title='bbox 785 1115 830 1157; x_wconf 91' lang='lat' dir='ltr'>in</span> <span class='ocrx_word' id='word_1_136' title='bbox 851 1113 927 1158; x_wconf 89' lang='lat' dir='ltr'>illo</span> <span class='ocrx_word' id='word_1_137' title='bbox 957 1113 1085 1158; x_wconf 84' lang='lat' dir='ltr'>fuisse</span> <span class='ocrx_word' id='word_1_138' title='bbox 1107 1124 1213 1158; x_wconf 88' lang='lat' dir='ltr'>tunc</span> <span class='ocrx_word' id='word_1_139' title='bbox 1235 1129 1441 1158; x_wconf 87' lang='lat' dir='ltr'>consum-</span> 
     </span>
     <span class='ocr_line' id='line_1_14' title="bbox 51 1184 1442 1243; baseline 0.001 -16"><span class='ocrx_word' id='word_1_140' title='bbox 51 1193 190 1238; x_wconf 80' lang='lat' dir='ltr'>mata,</span> <span class='ocrx_word' id='word_1_141' title='bbox 215 1199 305 1228; x_wconf 90' lang='lat' dir='ltr'>non</span> <span class='ocrx_word' id='word_1_142' title='bbox 334 1184 437 1228; x_wconf 86' lang='lat' dir='ltr'>lieet</span> <span class='ocrx_word' id='word_1_143' title='bbox 457 1185 528 1228; x_wconf 88' lang='lat' dir='ltr'>hic</span> <span class='ocrx_word' id='word_1_144' title='bbox 556 1185 675 1228; x_wconf 86' lang='lat' dir='ltr'>aliud</span> <span class='ocrx_word' id='word_1_145' title='bbox 703 1184 960 1241; x_wconf 83' lang='lat' dir='ltr'>intelligere.</span> <span class='ocrx_word' id='word_1_146' title='bbox 992 1184 1189 1243; x_wconf 84' lang='lat' dir='ltr'>Apostoli</span> <span class='ocrx_word' id='word_1_147' title='bbox 1213 1186 1341 1228; x_wconf 87' lang='lat' dir='ltr'>etiam</span> <span class='ocrx_word' id='word_1_148' title='bbox 1374 1184 1442 1229; x_wconf 94' lang='lat' dir='ltr'>lo-</span> 
     </span>
     <span class='ocr_line' id='line_1_15' title="bbox 50 1254 1435 1314; baseline 0 -16"><span class='ocrx_word' id='word_1_149' title='bbox 50 1262 231 1314; x_wconf 85' lang='lat' dir='ltr'>quentes</span> <span class='ocrx_word' id='word_1_150' title='bbox 261 1254 315 1297; x_wconf 87' lang='lat' dir='ltr'>de</span> <span class='ocrx_word' id='word_1_151' title='bbox 336 1255 530 1308; x_wconf 78' lang='lat' dir='ltr'>Christo,</span> <span class='ocrx_word' id='word_1_152' title='bbox 558 1254 803 1298; x_wconf 87' lang='lat' dir='ltr'>testimonia</span> <span class='ocrx_word' id='word_1_153' title='bbox 833 1270 884 1297; x_wconf 79' lang='lat' dir='ltr'>ex</span> <span class='ocrx_word' id='word_1_154' title='bbox 909 1255 990 1299; x_wconf 88' lang='lat' dir='ltr'>isto</span> <span class='ocrx_word' id='word_1_155' title='bbox 1016 1255 1185 1299; x_wconf 84' lang='lat' dir='ltr'>Psalmo</span> <span class='ocrx_word' id='word_1_156' title='bbox 1203 1254 1435 1299; x_wconf 85' lang='lat' dir='ltr'>dederunt.</span> 
     </span>
     <span class='ocr_line' id='line_1_16' title="bbox 50 1324 1438 1384; baseline 0.001 -17"><span class='ocrx_word' id='word_1_157' title='bbox 50 1324 155 1377; x_wconf 84' lang='lat' dir='ltr'>Quis</span> <span class='ocrx_word' id='word_1_158' title='bbox 176 1333 321 1368; x_wconf 84' lang='lat' dir='ltr'>autem</span> <span class='ocrx_word' id='word_1_159' title='bbox 339 1324 481 1368; x_wconf 83' lang='lat' dir='ltr'>deviet</span> <span class='ocrx_word' id='word_1_160' title='bbox 504 1342 527 1369; x_wconf 87' lang='lat' dir='ltr'>a</span> <span class='ocrx_word' id='word_1_161' title='bbox 544 1325 766 1368; x_wconf 84' lang='lat' dir='ltr'>sententiis</span> <span class='ocrx_word' id='word_1_162' title='bbox 785 1326 969 1369; x_wconf 77' lang='lat' dir='ltr'>eorum?</span> <span class='ocrx_word' id='word_1_163' title='bbox 991 1334 1068 1369; x_wconf 85' lang='lat' dir='ltr'>aut</span> <span class='ocrx_word' id='word_1_164' title='bbox 1089 1326 1185 1384; x_wconf 84' lang='lat' dir='ltr'>quis</span> <span class='ocrx_word' id='word_1_165' title='bbox 1200 1340 1334 1382; x_wconf 82' lang='lat' dir='ltr'>agnus</span> <span class='ocrx_word' id='word_1_166' title='bbox 1347 1341 1438 1369; x_wconf 89' lang='lat' dir='ltr'>non</span> 
     </span>
     <span class='ocr_line' id='line_1_17' title="bbox 49 1396 1437 1457; baseline 0.001 -18"><span class='ocrx_word' id='word_1_167' title='bbox 49 1405 255 1455; x_wconf 81' lang='lat' dir='ltr'>sequatur</span> <span class='ocrx_word' id='word_1_168' title='bbox 283 1396 464 1440; x_wconf 77' lang='lat' dir='ltr'>arietes?</span> <span class='ocrx_word' id='word_1_169' title='bbox 494 1399 611 1454; x_wconf 78' lang='lat' dir='ltr'>Ergo</span> <span class='ocrx_word' id='word_1_170' title='bbox 636 1396 830 1440; x_wconf 88' lang='lat' dir='ltr'>Christus</span> <span class='ocrx_word' id='word_1_171' title='bbox 858 1397 930 1440; x_wconf 86' lang='lat' dir='ltr'>hie</span> <span class='ocrx_word' id='word_1_172' title='bbox 951 1396 1147 1457; x_wconf 83' lang='lat' dir='ltr'>loquitur</span> <span class='ocrx_word' id='word_1_173' title='bbox 1176 1417 1184 1441; x_wconf 90' lang='lat'>:</span> <span class='ocrx_word' id='word_1_174' title='bbox 1211 1397 1437 1456; x_wconf 80' lang='lat' dir='ltr'>magisque</span> 
     </span>
     <span class='ocr_line' id='line_1_18' title="bbox 48 1466 1434 1527; baseline 0 -17"><span class='ocrx_word' id='word_1_175' title='bbox 48 1466 172 1511; x_wconf 88' lang='lat' dir='ltr'>nobis</span> <span class='ocrx_word' id='word_1_176' title='bbox 204 1467 593 1511; x_wconf 80' lang='lat' dir='ltr'>demonstrandum</span> <span class='ocrx_word' id='word_1_177' title='bbox 617 1476 704 1522; x_wconf 78' lang='lat' dir='ltr'>est⁷</span> <span class='ocrx_word' id='word_1_178' title='bbox 738 1467 814 1510; x_wconf 86' lang='lat' dir='ltr'>ubi</span> <span class='ocrx_word' id='word_1_179' title='bbox 843 1469 935 1527; x_wconf 83' lang='lat' dir='ltr'>ejus</span> <span class='ocrx_word' id='word_1_180' title='bbox 961 1468 1157 1511; x_wconf 79' lang='lat' dir='ltr'>membra</span> <span class='ocrx_word' id='word_1_181' title='bbox 1178 1467 1434 1527; x_wconf 81' lang='lat' dir='ltr'>loquantur,</span> 
     </span>
     <span class='ocr_line' id='line_1_19' title="bbox 48 1537 1436 1598; baseline 0 -18"><span class='ocrx_word' id='word_1_182' title='bbox 48 1546 98 1580; x_wconf 88' lang='lat' dir='ltr'>ut</span> <span class='ocrx_word' id='word_1_183' title='bbox 119 1537 398 1580; x_wconf 84' lang='lat' dir='ltr'>ostendamus</span> <span class='ocrx_word' id='word_1_184' title='bbox 417 1538 518 1597; x_wconf 86' lang='lat' dir='ltr'>quia</span> <span class='ocrx_word' id='word_1_185' title='bbox 535 1547 653 1582; x_wconf 85' lang='lat' dir='ltr'>totus</span> <span class='ocrx_word' id='word_1_186' title='bbox 668 1538 739 1582; x_wconf 81' lang='lat' dir='ltr'>hic</span> <span class='ocrx_word' id='word_1_187' title='bbox 750 1538 962 1598; x_wconf 82' lang='lat' dir='ltr'>loquitur,</span> <span class='ocrx_word' id='word_1_188' title='bbox 984 1553 1117 1597; x_wconf 83' lang='lat' dir='ltr'>quam</span> <span class='ocrx_word' id='word_1_189' title='bbox 1140 1537 1436 1581; x_wconf 87' lang='lat' dir='ltr'>dubitandum</span> 
     </span>
     <span class='ocr_line' id='line_1_20' title="bbox 48 1607 620 1668; baseline 0 -17"><span class='ocrx_word' id='word_1_190' title='bbox 48 1607 168 1668; x_wconf 90' lang='lat' dir='ltr'>quod</span> <span class='ocrx_word' id='word_1_191' title='bbox 185 1608 380 1652; x_wconf 85' lang='lat' dir='ltr'>Christus</span> <span class='ocrx_word' id='word_1_192' title='bbox 397 1608 620 1667; x_wconf 85' lang='lat' dir='ltr'>loquatur.</span> 
     </span>
    </p>

    <p class='ocr_par' dir='ltr' id='par_1_3' title="bbox 0 1677 1439 2513">
     <span class='ocr_line' id='line_1_21' title="bbox 106 1677 1436 1738; baseline 0.002 -18"><span class='ocrx_word' id='word_1_193' title='bbox 106 1680 163 1721; x_wconf 92' lang='grc' dir='ltr'>ΙΙ.</span> <span class='ocrx_word' id='word_1_194' title='bbox 182 1677 350 1721; x_wconf 84' lang='lat' dir='ltr'>Titulus</span> <span class='ocrx_word' id='word_1_195' title='bbox 368 1677 526 1721; x_wconf 87' lang='lat' dir='ltr'>Psalmi</span> <span class='ocrx_word' id='word_1_196' title='bbox 549 1687 637 1721; x_wconf 81' lang='lat' dir='ltr'>est:</span> <span class='ocrx_word' id='word_1_197' title='bbox 663 1696 680 1717; x_wconf 89' lang='lat'>«</span> <span class='ocrx_word' id='word_1_198' title='bbox 704 1681 756 1721; x_wconf 87' lang='lat' dir='ltr'>In</span> <span class='ocrx_word' id='word_1_199' title='bbox 779 1678 928 1732; x_wconf 86' lang='lat' dir='ltr'>finem,</span> <span class='ocrx_word' id='word_1_200' title='bbox 948 1694 1028 1737; x_wconf 84' lang='lat' dir='ltr'>pro</span> <span class='ocrx_word' id='word_1_201' title='bbox 1051 1678 1116 1722; x_wconf 91' lang='lat' dir='ltr'>his</span> <span class='ocrx_word' id='word_1_202' title='bbox 1139 1678 1216 1738; x_wconf 84' lang='lat' dir='ltr'>qui</span> <span class='ocrx_word' id='word_1_203' title='bbox 1238 1694 1436 1723; x_wconf 84' lang='lat' dir='ltr'>commu-</span> 
     </span>
     <span class='ocr_line' id='line_1_22' title="bbox 10 1748 1437 1808; baseline 0.003 -17"><span class='ocrx_word' id='word_1_204' title='bbox 10 1775 13 1778; x_wconf 98' lang='grc'>-</span> <span class='ocrx_word' id='word_1_205' title='bbox 51 1768 71 1791; x_wconf 83' lang='grc'><em>»</em></span> <span class='ocrx_word' id='word_1_206' title='bbox 105 1748 333 1803; x_wconf 81' lang='lat' dir='ltr'>tabuntur,</span> <span class='ocrx_word' id='word_1_207' title='bbox 347 1749 428 1808; x_wconf 87' lang='lat' dir='ltr'>ipsi</span> <span class='ocrx_word' id='word_1_208' title='bbox 445 1749 624 1793; x_wconf 65' lang='lat' dir='ltr'>Davidss.</span> <span class='ocrx_word' id='word_1_209' title='bbox 646 1751 800 1793; x_wconf 84' lang='lat' dir='ltr'>»Nunc</span> <span class='ocrx_word' id='word_1_210' title='bbox 818 1750 1204 1794; x_wconf 82' lang='lat' dir='ltr'>commutationem</span> <span class='ocrx_word' id='word_1_211' title='bbox 1218 1750 1264 1793; x_wconf 90' lang='lat' dir='ltr'>in</span> <span class='ocrx_word' id='word_1_212' title='bbox 1282 1750 1437 1795; x_wconf 85' lang='lat' dir='ltr'>melius</span> 
     </span>
     <span class='ocr_line' id='line_1_23' title="bbox 7 1817 1433 1873; baseline 0.001 -11"><span class='ocrx_word' id='word_1_213' title='bbox 7 1846 9 1850; x_wconf 93' lang='lat'><em>-</em></span> <span class='ocrx_word' id='word_1_214' title='bbox 49 1817 173 1862; x_wconf 88' lang='lat' dir='ltr'>audi:</span> <span class='ocrx_word' id='word_1_215' title='bbox 191 1819 474 1863; x_wconf 80' lang='lat' dir='ltr'>commutatio</span> <span class='ocrx_word' id='word_1_216' title='bbox 497 1819 629 1873; x_wconf 84' lang='lat' dir='ltr'>enim,</span> <span class='ocrx_word' id='word_1_217' title='bbox 646 1818 715 1861; x_wconf 80' lang='lat' dir='ltr'>vel</span> <span class='ocrx_word' id='word_1_218' title='bbox 732 1819 779 1861; x_wconf 92' lang='lat' dir='ltr'>in</span> <span class='ocrx_word' id='word_1_219' title='bbox 801 1817 989 1862; x_wconf 85' lang='lat' dir='ltr'>deterius</span> <span class='ocrx_word' id='word_1_220' title='bbox 1007 1828 1085 1872; x_wconf 80' lang='lat' dir='ltr'>est,</span> <span class='ocrx_word' id='word_1_221' title='bbox 1110 1818 1180 1862; x_wconf 89' lang='lat' dir='ltr'>vel</span> <span class='ocrx_word' id='word_1_222' title='bbox 1195 1820 1240 1862; x_wconf 91' lang='lat' dir='ltr'>in</span> <span class='ocrx_word' id='word_1_223' title='bbox 1262 1819 1433 1864; x_wconf 85' lang='lat' dir='ltr'>melius.</span> 
     </span>
     <span class='ocr_line' id='line_1_24' title="bbox 46 1888 1438 1948; baseline 0.001 -15"><span class='ocrx_word' id='word_1_224' title='bbox 46 1888 187 1933; x_wconf 77' lang='lat' dir='ltr'>Adam</span> <span class='ocrx_word' id='word_1_225' title='bbox 205 1897 247 1932; x_wconf 88' lang='lat' dir='ltr'>et</span> <span class='ocrx_word' id='word_1_226' title='bbox 268 1892 358 1932; x_wconf 90' lang='lat' dir='ltr'>Eva</span> <span class='ocrx_word' id='word_1_227' title='bbox 376 1889 419 1932; x_wconf 91' lang='lat' dir='ltr'>in</span> <span class='ocrx_word' id='word_1_228' title='bbox 444 1889 656 1946; x_wconf 79' lang='lat' dir='ltr'>deterius·⁷</span> <span class='ocrx_word' id='word_1_229' title='bbox 677 1889 753 1948; x_wconf 86' lang='lat' dir='ltr'>qui</span> <span class='ocrx_word' id='word_1_230' title='bbox 776 1904 826 1931; x_wconf 83' lang='lat' dir='ltr'>ex</span> <span class='ocrx_word' id='word_1_231' title='bbox 844 1888 985 1932; x_wconf 83' lang='lat' dir='ltr'>Adam</span> <span class='ocrx_word' id='word_1_232' title='bbox 1002 1897 1044 1931; x_wconf 86' lang='lat' dir='ltr'>et</span> <span class='ocrx_word' id='word_1_233' title='bbox 1061 1891 1153 1932; x_wconf 83' lang='lat' dir='ltr'>Eva</span> <span class='ocrx_word' id='word_1_234' title='bbox 1170 1889 1342 1933; x_wconf 84' lang='lat' dir='ltr'>Christo</span> <span class='ocrx_word' id='word_1_235' title='bbox 1359 1889 1438 1934; x_wconf 84' lang='lat' dir='ltr'>ad-</span> 
     </span>
     <span class='ocr_line' id='line_1_25' title="bbox 47 1957 1437 2018; baseline 0.001 -17"><span class='ocrx_word' id='word_1_236' title='bbox 47 1957 281 2012; x_wconf 83' lang='lat' dir='ltr'>haeserunt,</span> <span class='ocrx_word' id='word_1_237' title='bbox 295 1959 340 2002; x_wconf 89' lang='lat' dir='ltr'>in</span> <span class='ocrx_word' id='word_1_238' title='bbox 354 1958 507 2002; x_wconf 87' lang='lat' dir='ltr'>melius</span> <span class='ocrx_word' id='word_1_239' title='bbox 524 1958 780 2003; x_wconf 87' lang='lat' dir='ltr'>commutati</span> <span class='ocrx_word' id='word_1_240' title='bbox 793 1967 908 2002; x_wconf 89' lang='lat' dir='ltr'>sunt.</span> <span class='ocrx_word' id='word_1_241' title='bbox 920 1977 937 1998; x_wconf 92' lang='lat'>«</span> <span class='ocrx_word' id='word_1_242' title='bbox 948 1959 1066 2002; x_wconf 87' lang='lat' dir='ltr'>Sicut</span> <span class='ocrx_word' id='word_1_243' title='bbox 1083 1958 1198 2001; x_wconf 87' lang='lat' dir='ltr'>enim</span> <span class='ocrx_word' id='word_1_244' title='bbox 1210 1974 1437 2018; x_wconf 88' lang='lat' dir='ltr'>perunum</span> 
     </span>
     <span class='ocr_line' id='line_1_26' title="bbox 0 2027 1437 2088; baseline 0.004 -20"><span class='ocrx_word' id='word_1_245' title='bbox 0 2029 2 2036; x_wconf 93' lang='lat'>&#39;</span> <span class='ocrx_word' id='word_1_246' title='bbox 50 2045 72 2068; x_wconf 91' lang='lat'>»</span> <span class='ocrx_word' id='word_1_247' title='bbox 104 2028 326 2072; x_wconf 86' lang='lat' dir='ltr'>hominem</span> <span class='ocrx_word' id='word_1_248' title='bbox 351 2044 480 2083; x_wconf 79' lang='lat' dir='ltr'>morS,</span> <span class='ocrx_word' id='word_1_249' title='bbox 507 2029 567 2072; x_wconf 87' lang='lat' dir='ltr'>ita</span> <span class='ocrx_word' id='word_1_250' title='bbox 595 2038 638 2072; x_wconf 87' lang='lat' dir='ltr'>et</span> <span class='ocrx_word' id='word_1_251' title='bbox 669 2044 748 2088; x_wconf 80' lang='lat' dir='ltr'>per</span> <span class='ocrx_word' id='word_1_252' title='bbox 769 2044 908 2072; x_wconf 84' lang='lat' dir='ltr'>unum</span> <span class='ocrx_word' id='word_1_253' title='bbox 931 2027 1154 2072; x_wconf 81' lang='lat' dir='ltr'>hominem</span> <span class='ocrx_word' id='word_1_254' title='bbox 1180 2030 1437 2074; x_wconf 85' lang='lat' dir='ltr'>resurrectio</span> 
     </span>
     <span class='ocr_line' id='line_1_27' title="bbox 0 2097 1437 2153; baseline 0.001 -12"><span class='ocrx_word' id='word_1_255' title='bbox 0 2132 1 2141; x_wconf 65' lang='grc'>,</span> <span class='ocrx_word' id='word_1_256' title='bbox 51 2115 72 2139; x_wconf 91' lang='lat'>»</span> <span class='ocrx_word' id='word_1_257' title='bbox 105 2107 380 2142; x_wconf 83' lang='lat' dir='ltr'>mortuorum</span> <span class='ocrx_word' id='word_1_258' title='bbox 398 2114 407 2139; x_wconf 75' lang='grc' dir='ltr'><em>τ</em></span> <span class='ocrx_word' id='word_1_259' title='bbox 424 2109 467 2142; x_wconf 87' lang='lat' dir='ltr'>et</span> <span class='ocrx_word' id='word_1_260' title='bbox 483 2099 593 2142; x_wconf 86' lang='lat' dir='ltr'>sicut</span> <span class='ocrx_word' id='word_1_261' title='bbox 605 2099 650 2141; x_wconf 90' lang='lat' dir='ltr'>in</span> <span class='ocrx_word' id='word_1_262' title='bbox 662 2097 803 2142; x_wconf 77' lang='lat' dir='ltr'>Adam</span> <span class='ocrx_word' id='word_1_263' title='bbox 817 2114 966 2142; x_wconf 82' lang='lat' dir='ltr'>omnes</span> <span class='ocrx_word' id='word_1_264' title='bbox 978 2098 1240 2153; x_wconf 82' lang='lat' dir='ltr'>moriuntur,</span> <span class='ocrx_word' id='word_1_265' title='bbox 1257 2099 1316 2144; x_wconf 85' lang='lat' dir='ltr'>sio</span> <span class='ocrx_word' id='word_1_266' title='bbox 1331 2100 1437 2144; x_wconf 86' lang='lat' dir='ltr'>etin</span> 
     </span>
     <span class='ocr_line' id='line_1_28' title="bbox 0 2158 1436 2228; baseline 0.001 -15"><span class='ocrx_word' id='word_1_267' title='bbox 0 2158 2 2213; x_wconf 70' lang='lat' dir='ltr'>i</span> <span class='ocrx_word' id='word_1_268' title='bbox 52 2185 72 2209; x_wconf 89' lang='lat'>»</span> <span class='ocrx_word' id='word_1_269' title='bbox 105 2168 275 2212; x_wconf 84' lang='lat' dir='ltr'>Christo</span> <span class='ocrx_word' id='word_1_270' title='bbox 305 2183 454 2212; x_wconf 90' lang='lat' dir='ltr'>omnes</span> <span class='ocrx_word' id='word_1_271' title='bbox 476 2169 856 2212; x_wconf 51' lang='lat' dir='ltr'>vivificabuntuffl.</span> <span class='ocrx_word' id='word_1_272' title='bbox 886 2189 903 2210; x_wconf 94' lang='lat'>»</span> <span class='ocrx_word' id='word_1_273' title='bbox 925 2169 994 2212; x_wconf 74' lang='lat' dir='ltr'>Ab</span> <span class='ocrx_word' id='word_1_274' title='bbox 1018 2184 1068 2212; x_wconf 89' lang='lat' dir='ltr'>eo</span> <span class='ocrx_word' id='word_1_275' title='bbox 1091 2168 1210 2228; x_wconf 88' lang='lat' dir='ltr'>quod</span> <span class='ocrx_word' id='word_1_276' title='bbox 1232 2168 1436 2214; x_wconf 87' lang='lat' dir='ltr'>formavit</span> 
     </span>
     <span class='ocr_line' id='line_1_29' title="bbox 0 2233 1435 2300; baseline 0.002 -17"><span class='ocrx_word' id='word_1_277' title='bbox 0 2233 2 2246; x_wconf 78' lang='lat'>&#39;</span> <span class='ocrx_word' id='word_1_278' title='bbox 48 2241 176 2292; x_wconf 80' lang='lat' dir='ltr'>Deus,</span> <span class='ocrx_word' id='word_1_279' title='bbox 187 2248 379 2283; x_wconf 85' lang='lat' dir='ltr'>mutatus</span> <span class='ocrx_word' id='word_1_280' title='bbox 395 2250 456 2284; x_wconf 87' lang='lat' dir='ltr'>est</span> <span class='ocrx_word' id='word_1_281' title='bbox 466 2239 608 2290; x_wconf 84' lang='lat' dir='ltr'>Adam</span> <span class='ocrx_word' id='word_1_282' title='bbox 621 2261 632 2297; x_wconf 79' lang='lat'><em>3</em></span> <span class='ocrx_word' id='word_1_283' title='bbox 647 2239 721 2283; x_wconf 87' lang='lat' dir='ltr'>sed</span> <span class='ocrx_word' id='word_1_284' title='bbox 737 2240 783 2284; x_wconf 93' lang='lat' dir='ltr'>in</span> <span class='ocrx_word' id='word_1_285' title='bbox 796 2241 916 2300; x_wconf 77' lang='lat' dir='ltr'>pejus</span> <span class='ocrx_word' id='word_1_286' title='bbox 932 2240 1174 2300; x_wconf 83' lang='lat' dir='ltr'>iniquitatis</span> <span class='ocrx_word' id='word_1_287' title='bbox 1191 2257 1279 2285; x_wconf 83' lang='lat' dir='ltr'>suae</span> <span class='ocrx_word' id='word_1_288' title='bbox 1293 2257 1301 2282; x_wconf 83' lang='lat' dir='ltr'>t</span> <span class='ocrx_word' id='word_1_289' title='bbox 1315 2242 1369 2285; x_wconf 92' lang='lat' dir='ltr'>ab</span> <span class='ocrx_word' id='word_1_290' title='bbox 1384 2257 1435 2286; x_wconf 89' lang='lat' dir='ltr'>eo</span> 
     </span>
     <span class='ocr_line' id='line_1_30' title="bbox 49 2309 1434 2371; baseline 0.003 -19"><span class='ocrx_word' id='word_1_291' title='bbox 49 2309 168 2369; x_wconf 88' lang='lat' dir='ltr'>quod</span> <span class='ocrx_word' id='word_1_292' title='bbox 190 2319 363 2369; x_wconf 85' lang='lat' dir='ltr'>operata</span> <span class='ocrx_word' id='word_1_293' title='bbox 377 2320 439 2354; x_wconf 86' lang='lat' dir='ltr'>est</span> <span class='ocrx_word' id='word_1_294' title='bbox 460 2311 680 2371; x_wconf 84' lang='lat' dir='ltr'>iniquitas,</span> <span class='ocrx_word' id='word_1_295' title='bbox 701 2320 928 2354; x_wconf 86' lang='lat' dir='ltr'>mutantur</span> <span class='ocrx_word' id='word_1_296' title='bbox 944 2310 1106 2366; x_wconf 78' lang='lat' dir='ltr'>fideles,</span> <span class='ocrx_word' id='word_1_297' title='bbox 1128 2310 1203 2355; x_wconf 85' lang='lat' dir='ltr'>sed</span> <span class='ocrx_word' id='word_1_298' title='bbox 1219 2313 1264 2356; x_wconf 90' lang='lat' dir='ltr'>in</span> <span class='ocrx_word' id='word_1_299' title='bbox 1280 2312 1434 2356; x_wconf 84' lang='lat' dir='ltr'>melius</span> 
     </span>
     <span class='ocr_line' id='line_1_31' title="bbox 0 2381 1435 2443; baseline 0.002 -20"><span class='ocrx_word' id='word_1_300' title='bbox 0 2431 1 2437; x_wconf 18' lang='lat'>¹</span> <span class='ocrx_word' id='word_1_301' title='bbox 28 2395 126 2442; x_wconf 31' lang='lat' dir='ltr'>,per</span> <span class='ocrx_word' id='word_1_302' title='bbox 143 2381 323 2438; x_wconf 83' lang='lat' dir='ltr'>gratiam</span> <span class='ocrx_word' id='word_1_303' title='bbox 346 2381 439 2424; x_wconf 85' lang='lat' dir='ltr'>Dei.</span> <span class='ocrx_word' id='word_1_304' title='bbox 466 2384 524 2425; x_wconf 89' lang='lat' dir='ltr'>Ut</span> <span class='ocrx_word' id='word_1_305' title='bbox 548 2391 818 2426; x_wconf 82' lang='lat' dir='ltr'>mutaremur</span> <span class='ocrx_word' id='word_1_306' title='bbox 838 2381 883 2424; x_wconf 88' lang='lat' dir='ltr'>in</span> <span class='ocrx_word' id='word_1_307' title='bbox 904 2383 1042 2441; x_wconf 77' lang='lat' dir='ltr'>pejus,</span> <span class='ocrx_word' id='word_1_308' title='bbox 1062 2391 1208 2426; x_wconf 86' lang='lat' dir='ltr'>nostra</span> <span class='ocrx_word' id='word_1_309' title='bbox 1230 2383 1435 2443; x_wconf 88' lang='lat' dir='ltr'>iniquitas</span> 
     </span>
     <span class='ocr_line' id='line_1_32' title="bbox 50 2449 1439 2513; baseline 0.003 -20"><span class='ocrx_word' id='word_1_310' title='bbox 50 2449 136 2494; x_wconf 82' lang='lat' dir='ltr'>fuit</span> <span class='ocrx_word' id='word_1_311' title='bbox 148 2469 156 2494; x_wconf 93' lang='lat'>:</span> <span class='ocrx_word' id='word_1_312' title='bbox 168 2459 217 2494; x_wconf 87' lang='lat' dir='ltr'>ut</span> <span class='ocrx_word' id='word_1_313' title='bbox 230 2460 500 2494; x_wconf 86' lang='lat' dir='ltr'>mutaremur</span> <span class='ocrx_word' id='word_1_314' title='bbox 515 2452 560 2495; x_wconf 88' lang='lat' dir='ltr'>in</span> <span class='ocrx_word' id='word_1_315' title='bbox 575 2452 743 2507; x_wconf 80' lang='lat' dir='ltr'>melius,</span> <span class='ocrx_word' id='word_1_316' title='bbox 759 2468 848 2497; x_wconf 90' lang='lat' dir='ltr'>non</span> <span class='ocrx_word' id='word_1_317' title='bbox 862 2461 1008 2496; x_wconf 86' lang='lat' dir='ltr'>nostra</span> <span class='ocrx_word' id='word_1_318' title='bbox 1018 2453 1202 2513; x_wconf 81' lang='lat' dir='ltr'>justitia,</span> <span class='ocrx_word' id='word_1_319' title='bbox 1214 2453 1288 2498; x_wconf 86' lang='lat' dir='ltr'>sed</span> <span class='ocrx_word' id='word_1_320' title='bbox 1301 2453 1439 2512; x_wconf 82' lang='lat' dir='ltr'>gratia</span> 
     </span>
    </p>
   </div>
   <div class='ocr_carea' id='block_1_3' title="bbox 98 2546 1427 2590">
    <p class='ocr_par' dir='ltr' id='par_1_4' title="bbox 98 2546 1427 2590">
     <span class='ocr_line' id='line_1_33' title="bbox 98 2546 1427 2590; baseline 0.002 -13"><span class='ocrx_word' id='word_1_321' title='bbox 98 2552 108 2567; x_wconf 94' lang='lat'>¹</span> <span class='ocrx_word' id='word_1_322' title='bbox 135 2546 215 2578; x_wconf 84' lang='lat' dir='ltr'>Psal.</span> <span class='ocrx_word' id='word_1_323' title='bbox 234 2557 344 2588; x_wconf 79' lang='lat' dir='ltr'>vam,</span> <span class='ocrx_word' id='word_1_324' title='bbox 364 2555 416 2579; x_wconf 75' lang='lat'>22.</span> <span class='ocrx_word' id='word_1_325' title='bbox 438 2565 480 2570; x_wconf 92' lang='lat'>—-</span> <span class='ocrx_word' id='word_1_326' title='bbox 507 2555 520 2570; x_wconf 84' lang='lat'>²</span> <span class='ocrx_word' id='word_1_327' title='bbox 536 2550 626 2579; x_wconf 80' lang='lat' dir='ltr'>Joan.</span> <span class='ocrx_word' id='word_1_328' title='bbox 647 2559 715 2587; x_wconf 76' lang='lat' dir='ltr'>xix,</span> <span class='ocrx_word' id='word_1_329' title='bbox 742 2549 795 2581; x_wconf 87' lang='lat'>28.</span> <span class='ocrx_word' id='word_1_330' title='bbox 824 2566 866 2571; x_wconf 91' lang='lat'>-—</span> <span class='ocrx_word' id='word_1_331' title='bbox 887 2547 899 2571; x_wconf 84' lang='lat'>3</span> <span class='ocrx_word' id='word_1_332' title='bbox 921 2549 998 2581; x_wconf 82' lang='lat' dir='ltr'>Psal.</span> <span class='ocrx_word' id='word_1_333' title='bbox 1020 2560 1132 2590; x_wconf 70' lang='lat' dir='ltr'>txvnt,</span> <span class='ocrx_word' id='word_1_334' title='bbox 1155 2561 1182 2580; x_wconf 87' lang='lat'>1.</span> <span class='ocrx_word' id='word_1_335' title='bbox 1224 2566 1258 2571; x_wconf 83' lang='lat'>-—</span> <span class='ocrx_word' id='word_1_336' title='bbox 1281 2548 1294 2577; x_wconf 66' lang='grc'><em>4</em></span> <span class='ocrx_word' id='word_1_337' title='bbox 1321 2560 1332 2580; x_wconf 90' lang='lat'>1</span> <span class='ocrx_word' id='word_1_338' title='bbox 1357 2551 1427 2581; x_wconf 77' lang='lat' dir='ltr'>Cor.</span> 
     </span>
    </p>
   </div>
   <div class='ocr_carea' id='block_1_4' title="bbox 0 2609 254 2637">
    <p class='ocr_par' dir='ltr' id='par_1_5' title="bbox 0 2609 254 2637">
     <span class='ocr_line' id='line_1_34' title="bbox 0 2609 254 2637; baseline 0.008 -7"><span class='ocrx_word' id='word_1_339' title='bbox 0 2620 3 2627; x_wconf 93' lang='lat'><em>·</em></span> <span class='ocrx_word' id='word_1_340' title='bbox 52 2610 106 2637; x_wconf 69' lang='lat' dir='ltr'>XV,</span> <span class='ocrx_word' id='word_1_341' title='bbox 126 2609 180 2637; x_wconf 77' lang='lat'>21,</span> <span class='ocrx_word' id='word_1_342' title='bbox 200 2610 254 2632; x_wconf 71' lang='lat'><strong>¹29..</strong></span> 
     </span>
    </p>
   </div>
   <div class='ocr_carea' id='block_1_5' title="bbox 0 0 34 2824">
    <p class='ocr_par' dir='ltr' id='par_1_6' title="bbox 0 0 34 2824">
     <span class='ocr_line' id='line_1_35' title="bbox 0 0 34 2824; baseline 0 0"><span class='ocrx_word' id='word_1_343' title='bbox 0 0 34 2824; x_wconf 95' lang='lat' dir='ltr'> </span> 
     </span>
    </p>
   </div>
  </div>
 </body>
</html>
