1889 3285
411 219 493 258 178
821 229 855 255 s.
889 225 1121 255 Aucusnm
1152 227 1335 256 EPISCOPI

407 295 572 340 venisse
585 300 635 336 ut
645 291 708 336 illi
725 290 919 336 facerent
934 292 1056 351 quod
1071 308 1115 336 se
1129 301 1342 352 potestate
1358 291 1500 337 facere
1521 292 1788 337 arbitraban-

405 374 491 409 tur.
521 382 542 405 ι(
567 365 762 422 Repente
780 362 1050 421 sagittabunt
1063 378 1163 406 eum
1178 397 1189 418 ‚
1215 371 1259 407 et
1278 379 1369 407 non
1389 362 1624 407 timebunt.
1644 380 1667 404 »

462 437 587 478 VIII.
616 453 637 476 «
654 433 1008 477 Obfirhlavertint
1029 433 1113 477 sibi
1132 449 1377 478 sermonem
1397 434 1639 493 malignum
1651 435 1684 478 ².
1699 433 1789 478 Oh-

406 523 428 547 »
461 504 746 549 firmaverunt
777 523 787 549 :
814 521 835 545 »
863 502 975 548 facta
1009 512 1111 547 sunt
1141 512 1263 548 tanta
1293 504 1529 559 miracula,
1564 519 1655 548 non
1686 512 1789 549 sunt

402 577 536 631 moti,
555 575 838 635 perstiterunt
857 575 903 625 in
926 573 1106 619 consilio
1126 576 1335 620 sermonis
1361 575 1556 635 maligni.
1588 574 1789 620 Traditus

402 656 466 691 est
486 646 560 690 ille
575 646 712 706 judici
739 665 747 690 :
772 645 960 706 trepidat
974 645 1110 706 judex
1128 681 1140 702 ‚
1160 656 1203 691 et
1225 662 1314 691 non
1331 647 1553 707 trepidant
1562 646 1639 707 qui
1651 645 1789 706 judici

400 718 676 764 tradiderunt
703 737 712 762 :
738 717 1032 762 contremiscit
1052 726 1267 777 potestas,
1302 727 1347 763 et
1372 733 1464 762 non
1495 717 1790 763 contremiscit

399 787 647 832 immanitas
672 806 680 832 :
705 786 803 831 vult
817 786 890 830 ille
906 786 1052 831 lavare
1072 803 1229 832 manus
1243 823 1255 843 ‚
1280 797 1325 832 et
1348 787 1412 832 illi
1443 787 1681 847 inquinant
1698 786 1788 830 lin-

401 874 520 918 guas.
549 857 633 903 Sed
665 873 800 919 quare
826 859 939 903 hoc?
963 876 984 900 «
1008 858 1313 904 Firmaverunt
1328 859 1411 903 sibi
1428 873 1672 903 sermonem
1691 873 1788 902 ma-

399 947 422 971 »
455 929 672 988 lignum.»
684 933 853 982 Quanta
874 929 962 988 egit
972 927 1136 973 Pilatus
1147 963 1159 985 ‚
1180 938 1343 989 quanta
1356 938 1406 973 ut
1418 927 1788 973 refrenarentur?

399 1003 504 1052 Quae
545 998 686 1043 dixit?
714 999 824 1058 quid
860 999 980 1058 egit?
1017 999 1102 1044 Sed
1135 1018 1156 1042 «
1180 999 1487 1045 Firmaverunt
1513 998 1593 1043 sibi
1624 1013 1789 1043 sermo·-

401 1088 424 1111 ιι
456 1084 557 1112 nem
590 1067 832 1127 malignum
861 1088 870 1114 :
904 1069 1147 1127 Crucifige‚
1178 1070 1383 1129 crucifige
1408 1073 1441 1113 ².
1474 1087 1496 1111 ³>
1528 1068 1748 1128 Repetitio
1772 1102 1785 1124 ‚

398 1139 672 1184 confirmatio
717 1148 782 1181 est
824 1139 1034 1184 sermonis
1072 1139 1267 1199 maligni.
1293 1140 1528 1184 Videamus
1564 1139 1788 1199 quomodo

400 1227 423 1251 «
456 1208 761 1252 Firmaverunt
777 1207 859 1251 sibi
879 1222 1124 1253 sermonem
1141 1209 1396 1267 malignum.
1413 1213 1580 1268 Regem
1595 1218 1788 1267 vestrum

401 1298 423 1323 »
457 1279 732 1337 crucifigam?
750 1279 959 1322 Dixerunt
985 1297 993 1323 :
1014 1281 1113 1323 Non
1127 1279 1340 1323 habemus
1357 1294 1504 1338 regem
1533 1280 1616 1324 nisi
1645 1279 1788 1324 solum

401 1370 421 1393 »
456 1349 714 1395 Caesarem&
735 1348 1092 1393 Obfirmaver-unt
1103 1363 1348 1393 sermonem
1362 1349 1619 1408 malignum.
1631 1369 1648 1391 »
1665 1349 1790 1394 Offe-
1857 1353 1860 1358 ’
1888 1395 1889 1406 ,

396 1420 522 1465 rebat
544 1419 619 1463 ille
640 1434 786 1479 regem
803 1419 966 1463 Filium
987 1419 1082 1474 Dei,
1095 1418 1159 1462 illi
1181 1418 1238 1463 ad
1248 1419 1473 1470 hominem
1485 1420 1785 1465 recurrebant:

397 1491 517 1550 digni
538 1491 611 1550 qui
635 1491 760 1534 illum
782 1490 994 1534 haberent
1009 1525 1020 1545 ‚
1051 1498 1095 1534 et
1114 1489 1242 1534 illum
1261 1505 1353 1534 non
1373 1491 1602 1534 haberent.
1627 1491 1787 1535 Adhuc

397 1560 500 1606 audi
519 1595 530 1615 ‚
551 1559 776 1620 quomodo
794 1578 814 1601 «
830 1561 1135 1604 Firmaverunt
1147 1575 1394 1604 sermonem
1410 1560 1668 1619 malignum.
1688 1563 1788 1606 Non

399 1651 421 1675 »
456 1631 631 1676 invenio
661 1629 828 1690 aliquid
849 1631 894 1674 in
914 1630 996 1674 isto
1018 1629 1219 1682 homine,
1250 1631 1310 1672 ait
1327 1629 1489 1687 judex,
1520 1644 1608 1688 quo
1629 1627 1788 1688 dignus

399 1723 421 1746 »
456 1703 510 1747 sit
531 1702 712 1746 morte4.
747 1721 764 1742 »
791 1704 849 1745 Et
868 1700 934 1744 illi
957 1701 1034 1759 qui
1055 1718 1076 1740 «
1096 1698 1402 1742 Firmaverunt
1423 1714 1666 1744 sermonem
1694 1715 1788 1745 ma-

400 1793 421 1816 »
456 1773 641 1832 lignum.
670 1790 690 1812 >›
712 1772 949 1814 Dixerunt:
972 1787 992 1810 «
1012 1767 1194 1825 Sanguis
1223 1784 1315 1828 ejus
1347 1784 1476 1828 super
1498 1785 1577 1814 nos
1599 1779 1643 1814 et
1658 1786 1788 1830 super

399 1864 420 1888 »
454 1845 565 1888 filios
587 1851 756 1887 nostros
772 1844 802 1884 ⁵.
830 1844 861 1884 F
866 1841 1135 1884 irmaverunt
1155 1840 1237 1883 sibi
1259 1855 1505 1884 sermonem
1528 1840 1783 1899 malignum.

398 1935 422 1959 »
456 1915 761 1959 Firmaverunt
783 1926 1027 1957 sermonem
1048 1910 1289 1968 malignum
1304 1946 1314 1965 7
1343 1928 1363 1952 »
1385 1927 1475 1955 non
1492 1912 1696 1968 Domino,
1710 1912 1786 1957 sed

397 1986 492 2032 sibi.
518 1983 750 2038 Quomodo
774 1983 890 2026 enim
908 1997 997 2026 non
1020 1981 1102 2025 sibi
1118 2016 1129 2036 ,
1161 1997 1260 2025 cum
1286 1981 1439 2026 dicunt
1460 2002 1468 2026 z
1498 2001 1519 2024 «
1547 1985 1684 2043 Super
1705 1999 1786 2028 nos

401 2075 424 2099 »
459 2065 503 2100 et
521 2070 651 2114 super
673 2052 784 2097 filios
806 2053 1006 2098 nostros?
1026 2070 1046 2092 »
1073 2051 1199 2104 Quod
1220 2067 1324 2111 ergo
1357 2052 1667 2109 firmaverunt,
1704 2054 1786 2099 sibi
1842 2082 1847 2106 ς
1879 2092 1884 2099 .

398 2128 683 2172 firmaverunt
702 2143 711 2168 ε
737 2123 839 2184 quia
856 2123 947 2182 ipsa
961 2137 1046 2168 vox
1064 2130 1128 2166 est
1150 2121 1253 2167 alibi
1285 2141 1295 2167 ι
1321 2123 1581 2168 «Foderunt
1601 2133 1702 2169 ante
1717 2124 1788 2173 fa..

400 2217 423 2242 »
457 2198 567 2242 ciem
589 2210 729 2245 meam
748 2194 944 2248 foveam,
969 2202 1013 2237 et
1032 2191 1283 2238 inciderunt
1304 2193 1351 2237 in
1372 2208 1482 2238 eam.
1502 2212 1524 2236 »
1547 2196 1784 2240 Dominum

397 2283 513 2314 mors
535 2282 627 2311 non
643 2264 802 2310 occidit
817 2299 829 2318 ‚
853 2262 929 2307 sed
945 2264 1036 2323 ipse
1058 2272 1244 2307 mortem
1265 2282 1274 2307 ι
1297 2262 1393 2308 illos
1410 2273 1558 2309 autem
1578 2265 1786 2326 iniquitas

398 2338 579 2393 occidit,
608 2337 711 2397 quia
731 2333 970 2380 noluerunt
987 2332 1184 2379 occidere
1206 2334 1498 2393 iniquitatem.

458 2411 538 2455 IX.
573 2411 775 2462 Prorsus,
790 2404 964 2461 fratres,
989 2414 1158 2450 certum
1181 2414 1270 2460 est9
1295 2414 1370 2450 aut
1393 2405 1552 2453 occidis
1569 2405 1781 2467 iniquita·
1838 2423 1842 2466 ξ
1878 2387 1885 2403 Π

446 2515 457 2533 ¹
480 2507 560 2540 Psal.
581 2517 668 2548 mn,
693 2506 724 2538 5.
751 2522 791 2528 —
812 2511 825 2527 2
848 2506 927 2538 Luc.
945 2515 1038 2545 xxm,
1061 2512 1115 2536 21.
1140 2500 1204 2526 -3
1228 2505 1402 2545 Joan.X1x,
1425 2502 1475 2539 15„
1492 2520 1534 2528 —
1551 2502 1568 2534 4
1587 2505 1668 2538 Luc.
1688 2515 1779 2545 xxm,

405 2565 456 2607 14,
477 2573 518 2597 20
543 2567 576 2595 et
591 2570 644 2596 22.
667 2578 707 2584 —
722 2559 736 2584 ⁵
754 2560 866 2593 Matth.
889 2570 988 2600 xxvxi,
1007 2559 1060 2591 25.
