1889 3285
427 260 666 289 ENARRATIO
698 262 743 288 IN
775 260 977 289 PSALMUM
1010 265 1114 291 Lvn.
1407 253 1461 292 25

85 329 131 372 in
152 327 354 373 cordibus
384 327 540 386 scripta
574 342 662 371 non
686 318 798 384 erat3
822 327 897 371 scd
927 328 1029 388 quia
1051 337 1099 372 tu
1135 327 1343 386 fugitivus
1373 345 1464 374 eras

83 397 224 442 cordis
246 397 331 452 tui,
357 397 411 441 ab
432 396 508 440 illo
537 396 612 456 qui
639 396 803 456 ubique
831 406 894 441 est
915 397 1294 457 comprehenderis
1309 433 1319 453 ,
1347 407 1390 442 et
1409 399 1465 443 ad

23 512 27 520 ,
77 469 125 511 'te
138 468 280 526 ipsum
300 467 415 510 intro
433 467 658 510 revocaris.
678 470 911 525 Propterea
931 467 1088 526 scripta
1100 466 1169 510 lex
1186 467 1293 527 quid
1304 466 1463 513 clamat

80 536 140 580 eis
172 536 246 596 qui
277 535 561 580 deseruerunt
592 535 732 594 legem
766 535 969 595 scriptam
1001 535 1047 580 in
1084 536 1289 581 cordibus
1326 537 1464 581 suis1?

21 602 25 659 j
77 606 104 646 ’«
127 605 283 649 Redite
305 605 653 664 praevaricatores
681 604 736 648 ad
757 609 870 649 cor‘2.
895 623 914 646 »
941 605 1045 658 Quis
1072 606 1188 649 enim
1219 615 1263 649 te
1285 605 1460 662 docuit,

78 672 196 718 nolle
218 673 364 719 accedi
387 675 440 717 ab
476 673 613 718 altero
647 673 701 717 ad
722 690 896 718 uxorem
932 676 1085 719 tuam?
1106 676 1202 735 quis
1222 684 1264 719 te
1285 675 1460 731 docuit,

77 743 193 788 nolle
211 744 290 788 tibi
311 743 480 788 furtum
498 744 622 787 fieri?
645 743 740 803 quis
753 753 795 788 te
807 744 958 788 docuit
972 780 982 799 ,
1000 744 1116 788 nolle
1130 745 1331 804 injuriam
1345 745 1459 804 pati,

76 822 120 857 et
140 814 355 873 quidquid
390 813 508 858 aliud
529 813 599 857 vel
621 813 919 858 universaliter
939 814 1009 858 vel
1035 814 1356 874 particulariter
1378 814 1463 859 dici

74 884 402 942 potestYMUIta
433 885 550 927 enim
583 892 710 938 sunt,
736 883 790 927 de
820 883 981 943 quibus
1003 883 1179 942 singulis
1207 884 1462 943 interrogati

72 953 292 1010 homines,
327 955 441 999 clara
469 970 573 999 voce
600 954 912 1013 respondeant,
938 953 1054 998 nolle
1074 970 1117 998 56
1139 955 1244 1014 pati.
1273 958 1364 1014 Age
1381 990 1391 1009 ‚
1427 956 1462 998 si

71 1022 162 1084 'non
183 1025 245 1068 vis
264 1025 353 1084 pati
374 1025 451 1068 ista
468 1061 478 1079 ,
505 1025 721 1085 numquid
735 1024 851 1068 solus
865 1040 907 1068 es
925 1026 1083 1069 homo?
1098 1040 1244 1070 nonne
1259 1025 1304 1068 in
1322 1025 1461 1068 socie-

72 1089 159 1138 'tate
181 1095 286 1139 vivis
310 1095 476 1154 generis
502 1097 713 1139 humani?
741 1095 826 1148 Qui
860 1104 1006 1139 tecum
1033 1094 1171 1139 factus
1206 1105 1289 1150 est,
1321 1095 1460 1139 socius

70 1174 172 1208 tuus
195 1173 284 1220 est3
310 1174 352 1208 et
372 1180 520 1208 omnes
550 1164 652 1209 facti
677 1164 732 1208 ad
763 1164 994 1223 imaginem
1016 1166 1114 1208 Dei3
1131 1201 1141 1220 ,
1168 1166 1250 1209 nisi
1279 1166 1460 1209 terrenis

70 1234 377 1293 'cupiditatibus
406 1243 634 1278 conterant
655 1234 774 1293 quod
796 1233 869 1277 ille
897 1232 1116 1278 formavit.
1150 1253 1169 1275 «
1201 1235 1326 1288 Quod
1359 1249 1459 1292 ergo

71 1321 93 1344 »
115 1303 195 1347 tibi
217 1319 306 1347 non
326 1304 389 1349 vis
412 1305 502 1347 fieri
516 1339 526 1358 ,
548 1303 639 1349 noli
658 1303 780 1348 alteri
803 1304 957 1347 facere.
987 1322 1006 1344 a>
1031 1304 1207 1348 Judicas
1229 1305 1344 1347 enim
1365 1320 1459 1348 ma-

67 1373 159 1417 lum
179 1389 266 1417 esse
289 1374 333 1416 in
357 1389 407 1418 co
437 1372 557 1434 quod
579 1374 667 1433 pati
690 1389 777 1418 non
807 1374 869 1417 vis
896 1393 903 1416 :
932 1383 975 1417 et
1007 1375 1091 1418 hoc
1117 1383 1160 1418 te
1191 1375 1307 1432 cogit
1335 1390 1458 1419 nosse

65 1441 134 1486 lex
162 1443 338 1497 intima,
378 1444 422 1486 in
456 1444 549 1503 ipso
579 1452 655 1487 tuo
689 1443 819 1487 corde
851 1445 1111 1504 conscripta.
1149 1445 1378 1500 Faciebas,
1415 1454 1458 1489 et

66 1512 334 1557 clamabatur
354 1515 467 1557 inter
488 1529 642 1558 manus
665 1523 758 1558 tuas
779 1532 790 1557 .·
816 1515 1039 1574 quomodo
1059 1517 1222 1573 cogeris
1242 1515 1382 1559 redire
1402 1516 1457 1560 ad

64 1598 138 1627 cor
160 1592 282 1626 tuum
297 1618 307 1637 ‚
342 1599 442 1627 cum
465 1586 544 1627 hoc
567 1585 722 1643 pateris
744 1585 856 1628 inter
877 1601 1032 1628 manus
1061 1585 1246 1630 alienas?
1270 1589 1456 1630 Furtum

2 1663 11 1703 ,ἑ
64 1653 231 1697 bonum
253 1656 344 1697 est?
361 1656 472 1698 Non.
496 1657 744 1713 Interrogo:
767 1654 1044 1699 Adulterium
1064 1656 1232 1700 bonum
1251 1659 1340 1700 est?
1355 1659 1456 1700 Om-

3 1767 10 1775 ,
63 1739 138 1768 nes
161 1723 349 1767 clamant
370 1743 377 1768 :
397 1727 510 1769 Non.
536 1724 830 1769 Homicidium
858 1726 1026 1769 bonum
1047 1729 1142 1770 est?
1173 1729 1334 1771 Omnes
1364 1727 1455 1772 cla-

61 1789 184 1837 mant
213 1794 413 1855 detestari
430 1809 488 1836 se.
516 1795 833 1853 Concupiscere
856 1811 947 1838 rem
971 1797 1153 1854 proximi
1178 1797 1344 1840 bonum
1367 1800 1455 1842 cst?

60 1865 178 1917 Non,
203 1878 288 1906 vox
310 1863 505 1906 onmium
521 1872 598 1906 est.
626 1867 714 1907 Aut
737 1864 771 1907 si
794 1864 937 1908 adhuc
959 1881 1048 1908 non
1071 1866 1288 1910 confiteris
1302 1902 1312 1921 ,
1337 1883 1456 1911 acce-

61 1931 126 1976 dit
147 1933 221 1992 qui
245 1933 523 1992 concupiscat
541 1949 631 1977 rem
661 1943 779 1977 tuam
801 1953 810 1979 :
842 1934 1012 1993 placeat
1039 1935 1142 1990 tibi²
1175 1946 1218 1980 et
1240 1938 1453 1996 responde

59 2002 179 2062 quod
201 2003 279 2046 vis.
303 2004 464 2046 Omnes
486 2019 588 2062 ergo
618 2002 672 2046 de
695 2004 760 2047 his
783 2004 914 2047 rebus
949 2005 1224 2064 interrogati,
1262 2006 1452 2051 clamant

0 2105 2 2130 ‚
56 2073 150 2116 haec
165 2072 280 2116 bona
303 2088 391 2116 non
414 2087 518 2115 esse.
559 2076 723 2116 Rursus
753 2073 806 2116 de
834 2073 1051 2118 beneficiis
1069 2109 1079 2128 ‚
1108 2091 1197 2119 non
1225 2076 1364 2120 solum
1396 2077 1451 2121 de

0 2134 3 2182 ἶ
57 2149 148 2186 non
174 2142 397 2196 nocendo,
417 2143 700 2186 verumetiam
719 2142 772 2186 de
789 2144 1036 2202 praestando
1051 2153 1180 2204 atque
1197 2146 1446 2197 tribuendo,

56 2213 348 2270 interrogatur
371 2213 508 2256 omnis
528 2213 669 2256 anima
693 2213 900 2268 esuriens,
926 2218 1106 2259 Famem
1130 2217 1315 2275 pateris3
1340 2217 1448 2262 alius
1492 2239 1494 2241 >

55 2281 186 2326 habet
219 2296 402 2340 panem,
439 2290 482 2325 et
513 2281 730 2326 redundat
761 2284 799 2326 ei
823 2283 935 2327 ultra
968 2285 1293 2335 sufficientiam,
1323 2288 1449 2332 novit

54 2353 98 2395 t'e
123 2365 271 2408 egere,
298 2361 388 2395 non
416 2351 512 2408 dat3
550 2351 747 2411 displicet
775 2353 856 2395 tibi
885 2355 1110 2409 esurienti,
1151 2355 1374 2415 displiceat
1403 2367 1446 2402 et

55 2421 230 2474 satiato,
255 2436 355 2464 cum
373 2420 555 2464 alterum
574 2422 734 2465 esurire
758 2425 1026 2480 cognoveris.
1050 2427 1304 2484 Peregrinus
1330 2436 1444 2470 tecto

54 2491 253 2548 indigens
271 2492 390 2536 venit
410 2492 454 2534 in
470 2492 651 2551 patriam
672 2502 790 2537 tuam
805 2529 815 2548 ‚
837 2510 925 2538 non
951 2496 1182 2555 suscipitur
1209 2516 1217 2542 :
1240 2497 1313 2544 ille
1338 2506 1443 2542 tunc

101 2581 110 2597 ¹
133 2577 223 2607 Rom.
243 2585 287 2616 xi,
308 2575 358 2608 15.
380 2590 420 2600 -κ
441 2577 541 2608 ²Isa'1'.
564 2587 648 2617 uvi,
668 2579 699 2609 8.
721 2594 762 2600 —
785 2575 798 2600 3
818 2579 896 2611 Gen.
919 2589 942 2619 1,
968 2579 1024 2612 26.
