1889 3285
366 258 607 287 ENARRATIO
639 258 683 284 m
716 256 918 285 PsALMUM
949 258 1048 284 va.
1326 245 1404 282 221

31 341 52 364 «
89 323 251 367 Servite
262 323 502 367 Dominoin
526 322 695 376 timore,
711 331 754 365 et
771 322 958 365 exultate
980 320 1019 363 ei
1037 335 1136 363 cum
1158 322 1407 363 tremore1.»

27 391 143 444 Quid
164 392 245 436 sibi
264 391 346 437 hoc
360 392 485 437 vult?
503 392 620 437 Audi
640 407 791 435 vocem
813 389 1008 450 Apostoli
1030 408 1038 433 2
1063 408 1082 431 «
1107 391 1219 433 Cum
1236 390 1408 437 timore,

29 479 50 502 »
84 462 248 522 inquit,
281 471 324 506 et
355 472 542 507 tremore
582 471 768 507 vestram
804 462 996 521 ipsorum
1036 459 1218 503 salutem
1257 474 1412 518 opera-

29 549 50 573 »
84 532 206 576 mini.
236 552 253 574 »
279 535 444 588 Quare,
473 553 490 573 «
526 535 638 578 Cum
661 533 815 577 timore
839 542 883 576 et
916 533 1134 575 tremore?
1162 549 1183 571 »
1223 530 1412 589 Subjecit

26 618 199 647 causam
226 622 235 648 :
263 623 284 646 «
303 607 417 648 Deus
436 613 499 648 est
515 604 632 647 enim
653 603 729 663 qui
751 612 955 662 operatur
974 602 1020 645 in
1041 601 1163 645 vobis
1181 609 1224 644 et
1244 599 1357 643 velle
1370 609 1413 644 et

31 691 49 714 »
84 673 251 732 operari
280 690 360 733 pro
392 674 508 718 bona
536 672 796 718 voluntate2.
821 692 841 714 »
877 673 919 717 Si
940 686 1040 729 ergo
1073 674 1187 715 Deus
1208 679 1412 728 operatur

25 742 71 786 in
95 752 136 786 te
151 778 162 798 ,
186 744 319 801 gratia
342 744 418 788 Dei
451 744 563 788 bene
585 744 788 803 operaris,
815 758 905 786 non
926 742 1087 786 viribus
1108 741 1218 785 tuis?
1239 743 1355 799 Ergo
1377 740 1412 783 si

27 811 202 871 gaudeS‚
239 822 282 857 et
302 813 406 857 time
431 833 440 858 ;
464 829 520 857 ne
552 813 662 857 sorte
687 812 807 874 quod
829 812 981 856 datum
1004 820 1068 855 est
1088 810 1258 864 humili,
1286 809 1410 854 aufe-

26 891 144 926 ratur
175 883 377 942 superbo.
411 885 521 928 Nam
542 893 592 928 ut
614 883 818 928 noveritis
840 883 923 926 hoc
944 897 1034 926 esse
1054 881 1216 925 factum
1245 879 1299 924 de
1321 880 1413 939 ipsa

25 953 227 1013 superbia
255 953 533 1011 Judaeorum,
563 956 687 1015 quasi
718 970 761 999 se
793 969 843 997 ex
871 954 1074 1012 operibus
1102 953 1228 1011 Legis
1247 951 1409 1011 justifi-

25 1023 233 1079 cantium,
259 1034 301 1068 et
317 1025 416 1069 ideo
433 1026 683 1069 cadentium
704 1045 713 1070 :
739 1024 843 1068 dicit
860 1023 968 1067 alius
986 1022 1179 1066 Psalmus
1202 1041 1211 1066 ε
1242 1041 1258 1061 «
1287 1023 1341 1065 Hi
1364 1021 1411 1064 in

29 1113 49 1136 »
84 1089 297 1149 dumibus,
324 1105 368 1138 et
387 1096 433 1139 hi
451 1096 494 1139 in
519 1096 654 1156 equis,
676 1114 696 1136 »
721 1094 843 1155 quasi
860 1094 903 1136 in
928 1094 1013 1137 suis
1036 1091 1297 1153 quibusdam
1320 1105 1412 1150 pas-

25 1165 141 1208 sibus
165 1174 206 1208 et
235 1165 531 1209 instrumentis
551 1165 605 1209 ad
626 1165 886 1209 erectionem
910 1179 1031 1207 suain
1060 1183 1068 1207 2
1098 1183 1118 1205 «
1138 1166 1224 1207 Nos
1247 1171 1407 1216 autem,

30 1254 48 1276 »
83 1235 247 1294 inquit,
280 1235 326 1278 in
358 1235 536 1278 nomine
556 1235 729 1278 Domini
759 1235 835 1278 Dei
858 1234 992 1277 nostri
1015 1233 1407 1291 magnificabimur.

28 1322 49 1346 »
85 1305 139 1349 Hi
160 1305 206 1348 in
235 1304 447 1359 curribus,
480 1314 523 1348 et
551 1305 596 1348 hi
624 1305 669 1348 in
704 1305 824 1363 equis
859 1323 867 1347 z
899 1319 977 1348 nos
1000 1313 1146 1347 autem
1168 1304 1211 1345 in
1237 1302 1412 1346 nomine

28 1392 48 1416 ))
83 1375 258 1418 Domini
279 1375 351 1418 Dei
373 1374 509 1418 nostri
532 1375 922 1432 magnificabimur.
949 1392 968 1414 »
995 1374 1104 1416 Vide
1124 1372 1412 1432 quemadmo-

26 1443 131 1488 dum
159 1444 220 1488 illi
258 1444 578 1489 extollebantur
611 1446 656 1488 in
681 1459 724 1488 se
765 1464 772 1488 ε
807 1444 905 1488 vide
937 1442 1308 1504 quemadmodum
1345 1442 1414 1486 isti

27 1514 322 1573 gloriabantur
348 1515 393 1558 in
415 1518 518 1558 Deo.
546 1518 777 1573 Propterea
797 1514 904 1573 quid
934 1522 1132 1557 secutum
1157 1515 1245 1557 est?
1271 1531 1290 1554 «
1326 1511 1414 1556 Illis

29 1603 49 1626 »
84 1585 262 1644 obligati
283 1594 385 1629 sunt
411 1584 564 1644 pedes,
593 1595 636 1629 et
657 1585 908 1629 ceciderunt
928 1603 936 1628 :
962 1600 1040 1628 nos
1062 1593 1207 1627 autem
1226 1583 1414 1627 surrexi-

27 1672 50 1696 »
84 1670 196 1710 mus,
230 1664 274 1699 et
302 1655 432 1698 erecti
463 1656 646 1697 surnus3.
680 1672 700 1695 »
726 1654 843 1698 Audi
874 1655 1017 1713 ipsum
1050 1655 1285 1698 Dominum
1314 1668 1415 1697 nos-

27 1735 144 1770 trum
174 1725 257 1769 hoc
284 1724 401 1768 idem
436 1723 652 1768 dicentem
680 1743 688 1768 ε
718 1743 738 1766 «
763 1727 878 1782 Ego,
903 1724 1068 1784 inquit,
1100 1725 1222 1778 veni,
1258 1733 1309 1767 ut
1339 1724 1415 1783 qui

29 1814 50 1838 »
85 1811 175 1840 non
201 1794 366 1849 vident,
390 1794 588 1851 videant3
613 1803 656 1837 et
677 1794 752 1853 qui
778 1793 943 1848 vident,
968 1794 1071 1838 caeci
1090 1794 1230 1837 fiant4.
1260 1812 1279 1833 »
1306 1793 1416 1837 Vide

27 1867 72 1910 in
94 1883 180 1911 una
202 1874 324 1925 parte
347 1865 602 1919 bonitatem,
628 1865 672 1907 in
699 1863 780 1908 alia
803 1865 926 1924 quasi
948 1864 1169 1907 malitiam.
1198 1864 1281 1908 Sed
1309 1862 1417 1922 quid

27 1936 102 1981 illo
124 1936 304 1980 melius?
321 1934 429 1995 quid
446 1933 791 1978 misericordius?
809 1933 915 1994 quid
930 1935 1118 1994 justius?
1135 1938 1274 1986 Quare
1294 1948 1413 1991 ergo,

32 2025 52 2049 «
87 2006 171 2059 Qui
202 2021 290 2050 non
311 2005 464 2049 vident
484 2004 690 2049 videant?
715 2023 734 2045 »
769 2007 950 2063 Propter
972 1997 1228 2048 bonitatem.
1258 2007 1413 2058 Quare,

32 2095 53 2118 «
86 2079 143 2120 Et
162 2076 238 2136 qui
258 2074 410 2120 vident
431 2074 534 2119 caeci
560 2075 693 2118 fiant?
717 2093 737 2115 n
762 2077 943 2134 Propter
962 2073 1213 2123 elationem.
1239 2076 1295 2117 Et
1316 2089 1417 2117 vere

28 2146 251 2202 videbant,
273 2156 316 2190 et
333 2145 435 2190 facti
448 2155 551 2190 sunt
571 2145 703 2189 caeci?
724 2148 821 2191 Non
838 2144 1061 2199 videbant,
1082 2145 1156 2188 sed
1169 2145 1314 2188 videre
1337 2144 1421 2188 sibi

29 2216 304 2262 videbantur.
341 2219 451 2262 Nam
479 2231 579 2260 eece
604 2215 762 2271 videte,
799 2216 965 2270 fratres,
992 2231 1092 2259 oum
1118 2215 1313 2259 dicerent
1339 2215 1418 2273 ipsi

30 2287 188 2341 Judaei‚
224 2306 244 2328 «
277 2289 391 2331 Num
419 2301 567 2330 sumus
597 2285 732 2330 caeci?
760 2287 831 2330 Ait
856 2285 938 2329 illis·
972 2285 1203 2336 Dominus,
1240 2285 1283 2329 Si
1317 2284 1421 2329 caeci

33 2376 54 2400 »
89 2358 247 2412 essetis,
273 2366 500 2416 peccatum
523 2373 613 2401 non
634 2357 848 2404 haberetis
872 2376 880 2401 ε
906 2356 1038 2400 modo
1064 2366 1209 2400 autem
1230 2356 1330 2415 quia
1349 2355 1419 2399 ‹li-

34 2446 54 2469 »
90 2428 179 2472 citis
193 2447 201 2472 :
215 2428 438 2482 Videmus,
458 2436 686 2487 peccatum
712 2437 901 2472 vestrum
920 2427 965 2470 in
981 2427 1104 2471 vobis
1119 2428 1329 2469 manet.⁵»
1350 2423 1420 2469 Ad

80 2531 88 2547 ¹
112 2524 192 2556 Psal.
213 2535 248 2566 11,
271 2535 321 2556 11.
350 2541 391 2546 -
412 2531 425 2546 2
444 2523 557 2566 Philip.
586 2535 620 2566 ιι,
645 2533 695 2567 12,
719 2524 768 2557 13.
804 2541 845 2548 -—·
878 2522 890 2546 3
909 2523 988 2557 Psal.
1014 2533 1086 2558 xix,
1111 2523 1144 2564 8,
1166 2525 1197 2555 9.
1232 2539 1260 2545 —
1290 2519 1306 2550 4
1323 2523 1416 2553 Joan.

36 2592 80 2622 ix,
97 2581 147 2623 39.
167 2598 208 2603 —
226 2578 334 2613 ⁵1bid.
352 2579 410 2622 llo,
431 2580 483 2622 41.
