1889 3285
405 275 455 311 18
781 282 815 308 s.
862 276 1092 305 AUGUSTINI
1125 277 1305 305 EPISCOPI

395 356 568 392 tanturn
587 346 800 390 credimus
815 379 825 398 ‚
850 342 925 387 sed
952 343 1080 386 etiam
1097 341 1308 387 videmus.
1330 338 1511 393 Qualem
1526 353 1631 382 vero
1647 351 1775 381 vesa-

396 417 513 460 niam
535 415 754 474 patiantur
774 412 981 465 haeretici,
1006 427 1154 470 quaeso
1172 421 1221 454 ut
1242 407 1492 454 attendatis.
1518 406 1587 451 Illi
1608 406 1778 467 praecisi

397 502 422 530 a
443 483 697 544 compagine
713 482 917 527 Ecclesiae
937 480 1117 534 Christi,
1143 490 1186 524 et
1207 489 1374 539 partem
1390 486 1587 522 tenentes
1600 512 1610 532 ,
1635 486 1780 521 totum

399 555 664 608 amittentes,
691 552 847 597 nolunt
863 550 1183 595 communicare
1205 549 1300 594 orbi
1321 558 1535 592 terrarum
1549 582 1560 602 ‚
1585 562 1671 606 qua
1694 545 1778 590 dif-

398 624 494 669 fusa
517 634 580 668 est
602 623 736 683 gloria
756 622 929 667 Christi.
956 624 1041 666 Nos
1060 630 1204 664 autem
1229 619 1444 665 Catholici
1461 621 1506 662 in
1529 618 1647 663 omni
1667 626 1782 661 terra

399 711 572 750 sumus,
615 694 717 754 quia
758 693 876 737 omni
922 701 1046 736 terrae
1094 690 1467 735 communicamus
1504 702 1782 748 quacumque

400 765 534 823 gloria
559 763 718 809 Christi
740 762 899 806 diffusa
921 771 999 806 est.
1023 760 1233 805 Videmus
1255 761 1371 804 enim
1398 760 1519 820 quod
1542 770 1648 804 tunc
1675 773 1782 803 can-

402 843 541 878 tatum
580 842 665 888 est,
700 832 831 877 modo
866 830 1148 890 completum.
1187 829 1411 874 Exaltatus
1445 839 1510 874 est
1537 845 1666 889 super
1698 844 1787 873 coe-

399 903 464 948 los
494 907 607 947 Deus
641 911 811 956 noster,
848 911 892 945 et
915 916 1043 960 super
1071 915 1246 945 omnem
1278 909 1437 944 terram
1468 899 1600 958 gloria
1633 899 1782 958 ipsius.

401 974 438 1017 O
460 973 659 1016 haeretica
680 972 871 1015 insania?
888 970 1013 1023 Quod
1034 985 1125 1014 non
1151 970 1270 1013 vides
1287 969 1425 1013 credis
1444 984 1615 1013 mecum
1631 1003 1642 1024 ,
1666 967 1788 1028 quod

401 1042 519 1086 vides
549 1057 713 1101 negas:
746 1041 884 1085 credis
917 1055 1089 1084 mecum
1124 1039 1363 1083 exaltatum
1403 1040 1624 1084 Christum
1659 1053 1788 1097 super

403 1112 534 1157 coelos
571 1111 692 1172 quod
718 1127 807 1155 non
845 1110 1064 1168 videmus3
1096 1119 1140 1154 et
1171 1125 1301 1168 negas
1330 1109 1508 1166 gloriam
1537 1110 1626 1169 ejus
1659 1123 1789 1168 super

402 1197 578 1226 omnem
595 1191 778 1236 terarm‚
807 1179 927 1241 quod
952 1179 1166 1225 videmus.
1202 1201 1222 1220 u
1248 1177 1448 1222 Exaltare
1479 1194 1608 1238 super
1635 1176 1785 1233 coelos,

405 1268 425 1291 »
460 1254 574 1294 Deus
591 1286 602 1305 ‚
626 1260 668 1294 et
690 1265 819 1309 super
841 1264 1016 1293 omnem
1034 1258 1193 1292 terram
1216 1247 1351 1307 gloria
1370 1257 1462 1291 tua.
1486 1266 1505 1288 »

458 1323 577 1365 XIV.
613 1320 743 1364 Redit
757 1320 812 1364 ad
827 1320 961 1364 verba
978 1319 1150 1364 Domini
1173 1339 1182 1363 :
1206 1329 1249 1363 et
1271 1319 1359 1378 ipse
1382 1319 1592 1363 Dominus
1614 1333 1788 1362 narrare

402 1390 528 1435 nobis
555 1390 732 1449 incipit,
768 1399 976 1449 tanquam
1014 1388 1240 1448 alloquens
1270 1404 1371 1443 nos,
1406 1387 1629 1432 exultante
1659 1388 1789 1431 etiam

404 1461 620 1519 Propheta
641 1468 684 1503 et
705 1459 876 1503 dicente
903 1478 912 1503 2
941 1478 961 1499 «
972 1458 1173 1502 Exaltare
1187 1473 1316 1517 super
1337 1456 1485 1513 coelos,
1502 1461 1632 1513 Deus,
1656 1467 1700 1501 et
1716 1473 1791 1502 su-

407 1548 428 1571 »
462 1545 538 1589 per
559 1543 732 1573 omnem
762 1538 920 1572 terram
943 1527 1078 1586 gloria
1100 1537 1191 1572 tua.
1210 1546 1231 1569 »
1266 1528 1508 1572 Confirmat
1535 1543 1613 1572 nos
1635 1536 1678 1571 et
1699 1528 1790 1586 ipse

405 1608 615 1658 tanquam
623 1596 765 1641 dicens
773 1598 898 1641 nobis
911 1617 919 1641 2
931 1596 1045 1649 Quid
1053 1597 1161 1640 mihi
1171 1595 1310 1641 facere
1320 1606 1559 1656 potuerunt
1567 1596 1628 1642 illi
1637 1597 1712 1657 qui
1721 1612 1790 1640 me

404 1667 617 1728 persecuti
633 1667 762 1710 sunt?
779 1669 921 1719 Quare
939 1674 1085 1709 autem
1102 1681 1180 1710 nos
1203 1665 1469 1726 alloquitur?
1491 1666 1602 1719 Quia
1623 1665 1792 1710 faciunt

406 1748 449 1783 et
470 1738 610 1782 nobis.
638 1736 723 1781 Sed
734 1736 843 1780 nihil
864 1735 1031 1780 faciunt
1051 1736 1128 1796 qui
1150 1752 1228 1780 nos
1251 1735 1445 1780 similiter
1462 1735 1626 1781 fuerint
1643 1752 1790 1796 perse-

407 1810 510 1854 cuti.
537 1807 692 1852 Videat
713 1808 826 1851 enim
846 1807 1043 1851 Charitas
1059 1809 1211 1851 Vestra
1229 1807 1525 1867 alloquentem
1542 1824 1621 1852 nos
1643 1807 1791 1853 Domi-

406 1895 535 1934 num,
574 1887 617 1922 et
651 1878 949 1921 exhortantem
980 1892 1058 1921 nos
1090 1876 1287 1937 exemplo
1321 1893 1415 1922 suo.
1456 1897 1475 1919 «
1502 1877 1792 1938 Muscipulam

409 1967 430 1990 »
467 1956 725 2008 paraverunt
759 1947 943 2005 pedihus
984 1947 1112 2001 meis,
1146 1956 1189 1990 et
1231 1948 1571 1992 incurvaverunt
1602 1949 1790 1992 animam

411 2037 431 2060 »
465 2033 605 2062 meam
623 2019 653 2059 ¹.
681 2033 701 2056 »
722 2016 968 2060 Voluerunt
984 2015 1103 2059 illam
1125 2017 1247 2075 quasi
1269 2016 1323 2060 de
1347 2016 1459 2062 coelo
1479 2017 1698 2077 deponere
1713 2054 1723 2073 ‚
1748 2027 1793 2062 et
1858 2006 1861 2020 ’

408 2087 463 2132 ad
491 2086 694 2131 inferiora
727 2084 967 2144 deprimere
994 2104 1002 2129 :
1033 2105 1052 2126 «
1069 2087 1372 2131 Curvaverunt
1392 2088 1582 2132 animam
1611 2103 1753 2132 meam
1779 2107 1788 2133 :

411 2178 431 2201 »
466 2158 673 2203 foderunt
694 2166 792 2201 ante
815 2156 968 2200 faciem
991 2171 1133 2200 meam
1155 2156 1326 2201 foveam
1345 2193 1355 2212 ‚
1381 2168 1424 2202 et
1444 2159 1525 2218 ipsi
1545 2158 1793 2203 inciderunt
1858 2178 1860 2191 =

411 2248 433 2271 »
467 2230 512 2272 in
534 2243 644 2272 eam.
672 2246 692 2269 »
719 2227 825 2272 Mihi
848 2235 1118 2281 nocuerunt,
1145 2242 1200 2270 an
1217 2227 1324 2271 sibi?
1345 2231 1459 2273 Eece
1476 2228 1549 2273 ille
1583 2228 1792 2273 exaltatus

410 2309 474 2343 est
494 2314 623 2357 super
645 2297 777 2342 coelos
794 2300 908 2341 Deus
921 2331 931 2350 ,
957 2305 1000 2339 et
1021 2311 1119 2339 ecce
1136 2311 1265 2355 super
1286 2313 1459 2342 omnem
1482 2307 1638 2342 terram
1659 2298 1792 2357 gloria
1857 2303 1860 2324 ²

411 2370 543 2429 ipsius
570 2388 578 2413 ;
599 2383 780 2427 regnum
802 2367 960 2412 Christi
981 2365 1179 2410 videmus
1195 2401 1206 2421 ,
1232 2368 1309 2411 uhi
1327 2378 1391 2413 est
1412 2384 1593 2427 regnum
1613 2369 1793 2414 Judaeo-
1856 2382 1859 2418 ῑ

414 2441 534 2484 rum?
557 2438 769 2491 Quoniam
787 2452 888 2495 ergo
905 2435 1103 2480 fecerunt
1117 2436 1237 2496 quod
1255 2436 1396 2482 faeere
1413 2455 1502 2483 non
1523 2439 1788 2495 debuerunt,

414 2510 579 2554 factum
599 2508 663 2553 est
687 2508 733 2551 in
754 2506 848 2552 illos
869 2505 990 2566 quod
1015 2505 1105 2565 pati
1126 2505 1375 2554 debuerunt
1401 2528 1409 2554 :
1439 2529 1458 2551 «
1475 2509 1563 2568 lpsi
1585 2509 1793 2554 foderunt
1856 2501 1858 2513 '

466 2601 473 2618 ¹
498 2595 576 2626 Psal.
596 2603 660 2635 rvi,
680 2604 713 2634 7.
