1889 3285
290 304 532 336 ENARRATm
563 307 578 332 1
611 306 657 333 m
688 303 891 333 PsALMUM
923 306 1057 343 Lvm,
1091 302 1230 332 sEnMo
1261 305 1291 330 1.
1424 291 1478 330 73

102 372 295 416 converti
315 372 371 416 ad
390 385 611 429 vesperam
629 388 638 414 :
665 369 777 422 Quid
799 379 862 413 est
887 388 932 414 2«
948 368 1002 413 ad
1018 369 1296 427 vesperamP»
1308 370 1475 411 Postea.

98 441 217 495 Quid
232 451 320 487 est:
344 461 364 485 «
389 441 444 485 ad
462 442 708 500 vesperam?
725 459 743 480 »
766 441 922 485 Serius.
951 442 1062 485 Ante
1083 438 1199 482 enim
1223 437 1477 483 debuerant.

102 521 333 572 antequam
365 512 586 557 Christum
614 511 943 568 crucifigerent,
982 509 1200 554 medicum
1230 524 1476 567 agnoscere.

101 584 244 635 Quare
256 584 347 643 jam
360 598 411 626 eo
428 583 649 634 crucifixo,
670 590 920 640 resurgente
932 581 999 635 ‚in
1021 578 1183 624 coelum
1201 578 1477 631 ascendente,

96 662 378 713 posteaquam
410 653 525 696 misit
557 652 764 710 Spiritum
798 666 926 694 suum
948 659 1143 694 sanctum
1168 670 1178 705 ς
1204 665 1292 709 quo
1329 648 1482 708 repleti

100 722 275 766 suntilli
297 723 430 783 quiin
452 739 538 766 una
560 722 691 766 domo
710 731 847 776 erant,
869 731 912 765 et
929 730 1159 780 coeperunt
1179 720 1303 780 loqui
1323 719 1483 777 linguis

101 793 296 837 omnium
319 794 537 851 gentium,
568 803 836 851 expaverunt
857 792 1128 836 crucifixores
1150 791 1308 836 Christi
1331 809 1339 834 :
1361 805 1483 834 com-

99 864 252 923 puncti
269 873 371 908 sunt
391 863 446 908 de
463 863 724 908 conscientia
741 879 816 907 sua
828 898 839 917 ,
858 862 1086 907 consilium
1105 861 1253 906 salutis
1275 862 1330 905 ab
1346 864 1485 920 Apos-

98 933 196 979 tolis
232 935 480 993 petiverunt
495 970 506 989 ,
546 934 780 978 audierunt
812 954 820 977 :
859 952 878 975 «
909 932 1035 991 Agite
1072 932 1377 992 poenitentiam
1396 966 1407 986 ,
1444 940 1487 975 et

101 1022 122 1046 »
157 1005 400 1063 baptizetur
420 1005 722 1065 unusquisque
739 1013 929 1048 vestrum
941 1004 987 1047 in
1000 1004 1177 1048 nomine
1191 1002 1365 1047 Domini
1382 1017 1485 1046 nos-

102 1093 123 1116 «
156 1075 211 1118 tri
233 1078 335 1119 Jesu
356 1075 536 1129 Christi,
563 1085 605 1119 et
628 1075 901 1119 dimittentur
922 1074 1045 1119 vobis
1066 1082 1240 1132 peccata
1260 1081 1401 1116 vestra
1416 1074 1446 1115 ².
1462 1090 1482 1113 »

99 1149 201 1190 Post
219 1146 408 1190 occisum
431 1147 652 1190 Christum
673 1181 682 1200 ‚
709 1155 807 1204 post
833 1145 1021 1189 effusum
1047 1144 1207 1189 Christi
1228 1144 1483 1201 sanguinem

102 1216 384 1261 dimittuntur
404 1226 579 1276 peccata
601 1226 756 1260 vestra.
784 1216 862 1260 Ille
899 1216 958 1260 sic
979 1215 1117 1260 voluit
1138 1215 1273 1269 mori,
1305 1223 1356 1258 ut
1387 1230 1485 1257 san-

93 1288 228 1345 guine
260 1303 338 1331 suo
372 1287 501 1331 etiam
531 1287 737 1331 effusores
771 1287 962 1346 ejusdem
991 1286 1208 1343 sanguinis
1232 1285 1479 1329 redimeret.

98 1356 286 1401 Fudistis
319 1358 540 1401 saevientes
557 1393 567 1411 ,
594 1357 730 1401 bibite
758 1357 1030 1401 confitentes.
1055 1356 1211 1401 Merito
1238 1375 1258 1398 «
1283 1357 1481 1400 Conver-

99 1444 120 1468 >›
154 1437 302 1471 tantur
335 1427 390 1472 ad
415 1443 636 1486 vesperam
663 1446 672 1471 ε
708 1436 751 1470 et
774 1426 932 1471 famem
964 1427 1185 1485 patiantur
1207 1435 1258 1470 ut
1285 1441 1427 1470 canes.
1458 1444 1478 1467 »

99 1499 241 1541 Canes
264 1499 422 1542 Gentes
443 1497 586 1541 Judaei
608 1497 836 1551 dixerunt,
858 1506 1066 1557 tanquam
1095 1498 1359 1541 immundos.
1377 1500 1487 1541 Nam

95 1565 198 1610 inde
219 1567 365 1626 etipse
384 1567 592 1611 Dominus
609 1602 620 1621 ,
645 1582 743 1611 cum
767 1576 864 1626 post
887 1582 984 1610 eum
1010 1567 1215 1611 clamaret
1239 1568 1484 1611 Chananaea

96 1637 296 1698 quaedam
314 1638 485 1693 mulier,
501 1654 591 1682 non
604 1641 628 1682 J
633 1638 773 1692 udaea,
786 1639 839 1682 ad
849 1654 968 1682 suam
984 1637 1115 1682 filiam
1132 1639 1369 1683 curandam
1385 1654 1486 1682 con-

97 1717 277 1762 vertere,
303 1707 451 1752 volens
475 1711 566 1769 ejus
585 1709 942 1766 misericordiam3
963 1709 1036 1752 ille
1070 1709 1214 1753 omnia
1224 1709 1482 1769 praevidens,

96 1780 240 1823 omnia
257 1780 414 1833 sciens,
435 1778 510 1822 sed
531 1778 661 1822 fidem
681 1781 717 1839 ej
726 1795 773 1823 us
792 1781 1019 1823 ostendere
1034 1780 1185 1824 volens
1204 1816 1215 1835 ,
1231 1779 1400 1824 distulit
1413 1780 1488 1823 be·

96 1849 323 1903 ncflcium‚
347 1859 390 1893 et
411 1864 506 1892 eam
525 1848 764 1908 suspendit.
792 1853 849 1893 Et
876 1849 1098 1909 quomodo
1121 1849 1319 1894 distulit?
1348 1869 1366 1892 «
1387 1853 1484 1894 Non

101 1938 122 1961 >›
157 1935 250 1963 sum
268 1955 278 1973 ‚
305 1919 471 1980 inquit,
497 1919 664 1971 missus,
679 1919 758 1962 nisi
781 1920 836 1962 ad
859 1934 958 1963 oves
974 1936 1073 1979 quae
1093 1919 1484 1979 perieruntdomus

100 1991 120 2032 >i
157 1989 284 2034 lsrael
300 1993 331 2033 ².
361 2008 380 2029 n
408 1989 537 2033 Israel
555 2025 565 2043 ⁷
591 2005 715 2034 oves:
737 1991 894 2033 Gentes
917 1989 1049 2050 quid?
1069 1994 1197 2036 «Non
1217 2000 1279 2035 est
1299 1991 1482 2046 bonum,

99 2078 121 2102 »
154 2076 312 2120 panem
334 2060 523 2104 filiorum
545 2060 716 2104 mittere
749 2060 973 2104 canibusss.
1003 2079 1022 2103 »
1049 2062 1209 2106 Gentes
1236 2077 1337 2120 ergo
1357 2077 1484 2106 canes

97 2132 355 2192 appellavit,
382 2142 559 2192 propter
582 2132 919 2176 immunditiam.
947 2133 1063 2186 Quid
1078 2143 1221 2177 autem
1239 2134 1312 2178 illa
1332 2134 1485 2178 mulier

97 2203 309 2246 esuriens?
333 2205 426 2247 Hoc
447 2204 581 2261 magis
603 2218 693 2246 non
706 2202 867 2262 repulit
893 2222 901 2246 :
931 2204 1117 2262 suscepit
1138 2204 1362 2248 humiliter
1384 2221 1483 2249 con-

95 2272 253 2316 vicium
271 2308 281 2324 ‚
307 2281 351 2316 et
376 2272 533 2324 meruit
559 2272 836 2316 beneficium.
862 2275 1013 2332 Neque
1035 2274 1149 2317 enim
1171 2283 1215 2318 et
1236 2275 1482 2319 convicium

96 2341 206 2386 illud
222 2341 455 2386 dicendum
480 2351 595 2395 erat,
619 2341 740 2401 quod
759 2359 780 2386 a
800 2342 985 2386 Domino
1007 2342 1175 2388 dictum
1199 2354 1303 2388 erat.
1327 2347 1482 2389 Servus

97 2411 131 2456 si
166 2410 332 2470 aliquid
368 2411 449 2454 talc
486 2411 664 2456 domino
702 2411 817 2455 dicat
837 2448 847 2468 ‚
891 2413 1135 2457 convicium
1169 2424 1246 2458 est.
1272 2416 1481 2460 Dominus

97 2490 241 2525 autem
254 2496 354 2525 cum
390 2482 471 2524 tale
501 2481 666 2542 aliquid
695 2498 818 2526 servo
845 2482 950 2527 dicit
969 2519 979 2538 ‚
1012 2483 1205 2542 dignatio
1230 2486 1374 2545 potius
1394 2485 1481 2530 dici

96 2560 252 2610 potest.
275 2571 295 2593 «
316 2554 397 2606 Ita,
422 2551 580 2611 inquit,
605 2554 802 2596 Domine.
833 2572 852 2593 n
874 2552 990 2606 Quid
1012 2564 1089 2609 est,
1111 2555 1165 2599 ita
1186 2558 1203 2599 P
1225 2559 1386 2600 Verum
1410 2557 1478 2601 di-

147 2641 153 2656 ¹
176 2638 247 2667 Act.
264 2646 299 2673 ιι,
319 2635 369 2667 38.
393 2652 431 2657 -—
455 2643 466 2657 ²
483 2636 594 2667 ΜειῑΗ]Δ
618 2648 671 2673 xv,
693 2637 744 2678 24.
767 2654 806 2659 -
829 2636 841 2659 3
861 2638 1011 2669 11›i‹1.2‹3.
