1889 3285
417 261 658 292 ENARRA‘rro
690 265 737 292 m
769 262 971 293 PsALMUM
1004 267 1092 294 th.
1388 251 1471 292 149

90 332 172 376 bus
192 331 441 376 dicebamus
469 350 478 376 z
507 350 527 373 «
544 331 643 374 Filii
658 331 883 376 hominum
901 347 1129 393 usquequo
1153 346 1300 390 graves
1317 330 1462 386 corde,

94 419 116 444 »
149 411 199 447 ut
220 402 326 462 quid
349 401 525 460 diligitis
542 401 777 445 vanitatem
791 437 801 457 ‚
823 412 866 446 et
882 403 1080 463 quaeritis
1097 401 1427 446 mendacium1‘?
1448 419 1468 443 »

91 473 247 528 Modo,
272 473 383 517 sicut
405 473 460 516 de
478 471 553 516 illo
573 472 840 517 credendum
862 483 951 529 est,
976 474 1146 518 horruit
1168 471 1442 517 mendacium
1457 507 1469 528 ‚

91 552 135 588 et
154 542 394 587 multorum
414 543 644 587 hominum
666 542 908 588 illectorem
930 559 974 588 se
994 542 1227 604 aliquando
1252 559 1276 587 a
1297 542 1474 587 diabolo

91 614 221 658 sensit
236 613 430 658 illectum
447 649 457 668 ,
483 613 750 657 convertitur
767 613 822 657 ad
836 617 974 658 Deum
991 613 1221 674 poenitens.
1243 619 1448 657 Putamus
1461 648 1472 668 ‚

90 682 242 729 fratres
258 719 269 740 ,
288 684 342 728 de
355 699 510 742 magno
528 684 682 728 timore
704 683 845 728 cordis
868 684 1084 729 accidisse.
1108 683 1224 737 Quid
1245 684 1359 727 enim
1380 683 1476 728 dic-

91 755 177 798 turi
203 756 385 798 sumus?
406 757 605 813 Namque
638 754 671 797 si
702 770 752 798 ex
770 770 939 814 pagano
961 764 1284 799 converteretur
1304 754 1475 798 mathe-

90 825 288 879 maticus,
314 841 521 884 magnum
543 825 721 885 quidem
743 834 852 870 esset
873 826 1079 885 gaudium
1097 845 1106 871 ι
1124 826 1199 870 sed
1220 834 1365 870 tamen
1380 840 1477 885 pos-

90 905 154 940 set
175 896 337 951 videri,
370 898 472 957 quia
496 897 529 940 si
554 912 785 941 conversus
818 906 953 952 esset,
990 896 1239 942 clericatum
1263 906 1476 957 quaereret

90 967 135 1011 in
152 966 378 1010 Ecclesia?
399 967 617 1010 Poenitens
640 975 724 1022 est,
751 983 841 1011 non
863 967 1022 1027 quaerit
1045 968 1124 1011 nisi
1153 966 1287 1012 solam
1309 967 1476 1011 miseri-

90 1036 297 1081 cordiam.
324 1036 707 1081 Commendandus
730 1046 792 1081 est
821 1052 923 1095 ergo
954 1046 997 1080 et
1026 1036 1161 1081 oculis
1196 1047 1238 1082 et
1272 1037 1476 1082 cordibus

91 1106 257 1151 vestris.
284 1108 397 1150 Eum
421 1122 552 1167 quem
574 1107 727 1151 videtis
754 1106 960 1151 ‘cordibus
982 1116 1122 1151 amate
1138 1142 1148 1162 ‚
1174 1106 1309 1151 oculis
1332 1116 1477 1152 custo-

89 1176 362 1221 dite.Videte
383 1176 529 1232 illum,
550 1178 701 1222 scitote
722 1176 845 1221 illum
864 1211 875 1231 ‚
900 1186 943 1221 et
965 1193 1243 1238 quacumque
1266 1177 1338 1221 ille
1360 1187 1477 1222 tran·

90 1246 208 1290 sierit
222 1281 232 1301 ‚
254 1245 457 1290 fratribus
473 1247 638 1290 caeteris
666 1247 742 1307 qui
759 1246 891 1291 modo
914 1248 984 1291 hic
1006 1263 1095 1292 non
1117 1257 1234 1302 sunt,
1260 1246 1475 1291 ostendite

87 1315 213 1359 illum
240 1335 248 1360 :
275 1325 317 1360 et
339 1316 416 1360 ista
440 1316 664 1375 diligentia
686 1317 977 1361 misericordia
996 1326 1084 1372 est,
1101 1333 1155 1360 ne
1179 1316 1250 1360 ille
1271 1316 1475 1361 seductor

87 1385 278 1429 retrahat
309 1401 398 1440 cor,
430 1394 472 1428 et
504 1394 742 1444 oppugnet.
769 1386 995 1430 Custodite
1016 1402 1116 1441 vos,
1143 1403 1231 1431 non
1246 1403 1321 1431 vos
1343 1387 1476 1432 lateat

89 1455 358 1499 conversatio
371 1456 460 1515 ejus
478 1490 488 1509 ,
512 1455 582 1499 via
606 1457 695 1515 ejus
721 1475 728 1500 :
754 1465 803 1500 ut
814 1456 1059 1501 testimonio
1072 1466 1214 1502 vestro
1237 1458 1360 1502 nobis
1374 1474 1477 1503 con-

86 1526 285 1569 firmetur
306 1539 406 1568 vere
438 1524 564 1568 illum
597 1525 652 1568 ad
679 1525 915 1569 Dominum
949 1541 1039 1570 esse
1074 1542 1345 1572 conversum.
1377 1531 1475 1574 Non

88 1595 203 1639 enim
221 1594 364 1639 silebit
380 1594 494 1638 fama
509 1593 563 1638 de.
583 1595 670 1639 vita
691 1595 782 1655 ejus
798 1631 809 1651 ‚
835 1595 1011 1656 quando
1033 1597 1092 1642 sic
1112 1597 1236 1641 vobis
1258 1607 1300 1642 et
1318 1599 1475 1643 viden-

87 1664 169 1709 dus
181 1674 224 1709 et
244 1664 512 1709 miserandus
526 1664 723 1709 offertur.
736 1666 878 1710 Nostis
899 1666 945 1710 in
964 1667 1146 1711 Actibus
1163 1668 1472 1727 Apostolorum

87 1750 177 1779 esse
198 1735 407 1795 scriptum
424 1770 435 1790 ‚
456 1735 557 1795 quia
582 1735 712 1779 multi
734 1735 916 1795 perditi,
941 1736 987 1780 id
1012 1746 1076 1781 est
1092 1772 1103 1792 ‚
1133 1737 1287 1782 talium
1315 1740 1474 1783 artium

86 1804 311 1861 homines,
345 1815 389 1849 et
419 1804 715 1851 doctrinarum
741 1804 1001 1850 nefariarum
1041 1816 1292 1863 sectatores,
1323 1824 1474 1854 omnes

87 1875 256 1919 codices
274 1891 372 1920 suos
388 1875 443 1919 ad
465 1874 695 1934 Apostolos
719 1875 983 1935 attulerunt3
1008 1886 1052 1921 et
1073 1878 1236 1922 incensi
1258 1887 1358 1922 sunt
1372 1878 1472 1924 libri

87 1954 176 1989 tam
198 1945 348 2001 multi,
368 1955 417 1990 ut
438 1945 675 2005 pertineret
695 1945 749 1990 ad
773 1947 1023 2007 scriptorem
1044 1949 1373 1993 aestimationem
1396 1965 1474 1994 eo-

88 2031 185 2060 rum
208 2014 370 2071 facere,
392 2025 434 2059 et
463 2031 676 2060 summam
702 2017 828 2075 pretii
856 2019 1169 2062 conscribere2.
1198 2022 1291 2064 Hoc
1319 2020 1473 2080 utique

86 2095 265 2146 propter
285 2085 462 2145 gloriam
476 2086 553 2129 Dei
567 2121 577 2140 ,
604 2102 658 2130 ne
677 2086 782 2131 tales
800 2088 930 2132 etiam
956 2088 1115 2148 perditi
1140 2088 1473 2149 desperarentur

88 2156 143 2200 ab
166 2155 242 2200 illo
272 2156 349 2216 qui
376 2156 498 2200 novit
512 2171 705 2216 quaerere
735 2157 856 2217 quod
885 2159 1116 2217 perierat3.
1142 2160 1332 2205 Perierat
1368 2177 1471 2220 ergo

87 2226 166 2271 iste
182 2261 193 2282 ,
212 2241 330 2270 nunc
358 2225 589 2286 quaesitus,
620 2228 822 2272 inventus
840 2263 850 2283 ‚
881 2228 1095 2274 adductus
1123 2240 1188 2275 est
1209 2250 1218 2276 ε
1238 2240 1384 2290 portat
1403 2247 1470 2277 se·-

88 2311 188 2341 cum
209 2295 377 2339 codices
399 2295 694 2341 incendendos
711 2332 722 2352 ‚
747 2313 824 2357 per
847 2314 956 2358 quos
985 2298 1127 2344 fuerat
1146 2300 1468 2358 incendendus,

88 2375 139 2411 ut
160 2365 241 2410 illis
260 2366 306 2409 in
323 2366 642 2425 ignem‘missiS,
662 2368 753 2427 ipse
772 2369 816 2412 in
837 2368 1108 2428 refrigerium
1128 2380 1330 2417 transeat.
1354 2373 1471 2417 Scia-

89 2436 143 2480 tis
164 2451 264 2479 eum
286 2445 433 2480 tamen
448 2471 458 2491 ,
483 2435 660 2493 fratres,
698 2437 800 2482 olim
823 2439 994 2498 pulsare
1018 2441 1073 2485 ad
1102 2441 1338 2486 Ecclesiam
1367 2451 1468 2486 ante

89 2506 249 2550 Pascha
276 2525 285 2550 :
310 2515 411 2550 ante.
426 2507 588 2551 Pascha
606 2507 721 2551 enim
734 2508 866 2568 coepit
884 2519 1030 2569 petere
1042 2511 1096 2556 de
1109 2511 1300 2560 Ecclesia
1311 2511 1468 2556 Christi

137 2596 148 2612 ¹
168 2589 247 2623 Psal.
271 2601 318 2632 iv,
336 2591 366 2622 3.
389 2608 429 2613 --
448 2597 460 2614 ²
480 2594 551 2624 Act.
569 2602 634 2633 xix,
656 2603 707 2634 19.
721 2609 762 2615 -
783 2590 796 2615 3
815 2595 892 2625 Luc.
912 2605 966 2634 xv,
989 2594 1040 2626 32.
