1889 3285
383 186 463 225 468
812 197 846 223 5.
883 197 1113 224 Acocsnm
1147 199 1328 226 Enscopr

378 271 503 317 runt,
529 280 548 302 «
574 263 746 314 Quanta
777 261 964 320 maligne
987 271 1188 322 operatus
1210 272 1274 307 est
1296 262 1498 307 inimicus
1508 265 1526 306 ⁶?
1553 283 1570 304 »
1602 267 1767 308 Revera

375 333 575 377 inimicus
604 340 710 376 tunc
734 341 936 392 operatus
963 343 1041 378 est.
1068 334 1228 377 Gentes
1254 334 1371 378 enim
1395 343 1526 389 tunc,
1561 350 1661 394 quae
1683 335 1767 380 hoc

376 403 592 458 fecerunt,
615 401 718 447 deos
744 403 874 448 falsos
896 402 1116 459 colebant,
1142 403 1370 448 simulacra
1393 403 1650 460 adorabant,
1675 404 1768 449 dae-

376 474 580 519 monibus
610 474 855 519 serviebant
885 495 894 519 :
919 475 1086 535 operati
1111 484 1214 520 sunt
1240 485 1385 519 tamen
1417 475 1556 520 multa
1582 475 1695 520 mala
1722 477 1770 521 in

376 545 534 589 sanctis
553 545 643 589 Dei.
670 546 858 598 Quando
871 555 1062 606 possent,
1085 546 1165 590 nisi
1179 546 1563 606 permitterentur?
1582 546 1769 600 Quando

376 625 522 660 autem
546 617 919 676 permitterentur,
945 618 1026 662 nisi
1046 619 1133 678 jam
1156 627 1302 662 saneta
1324 616 1398 662 illa
1418 617 1559 677 primo
1585 618 1770 676 promis-

375 687 465 733 siva
483 687 720 732 necessaria
736 704 827 733 non
850 698 1008 745 essent,
1034 705 1135 734 cum
1157 689 1247 748 ipse
1269 689 1345 749 qui
1366 690 1624 749 promiserat
1645 698 1769 734 tene-

376 759 524 802 retur?
556 761 716 816 Ergo«
744 761 918 811 Quanta
954 758 1144 819 maligne
1171 768 1374 820 operatus
1401 769 1465 804 est
1493 759 1693 804 inimicus
1724 760 1771 804 in

381 847 402 871 »
439 830 596 874 sanctis
616 830 731 874 tuis?
756 848 776 871 »

435 903 537 944 VII.
569 920 587 941 «
615 903 672 944 Et
694 900 866 959 gloriati
880 911 984 946 sunt
1005 917 1155 946 omnes
1177 902 1253 962 qui
1272 900 1462 946 oderunt
1477 904 1560 946 te1.
1579 903 1771 947 »Servos

376 970 554 1016 attende
591 971 844 1016 daemonum
862 1007 873 1028 ‚
911 988 1054 1017 servos
1091 972 1422 1017 simulacrorum
1449 992 1458 1017 ε
1485 972 1634 1032 quales
1665 981 1772 1017 tunc

377 1043 537 1087 Gentes
560 1051 683 1087 erant
701 1078 712 1098 ‚
744 1042 923 1103 quando
958 1052 1208 1087 everterunt
1242 1044 1455 1103 templum
1479 1053 1522 1087 et
1549 1043 1771 1088 civitatem

377 1115 454 1159 Dei
484 1134 492 1158 ;
517 1133 537 1156 ι(
585 1117 644 1158 Et
682 1113 848 1173 gloriati
881 1124 997 1159 sunt.
1037 1118 1088 1159 ln
1125 1115 1270 1159 medio
1304 1115 1586 1160 solemnitatis
1616 1124 1719 1160 tuae.
1747 1134 1767 1157 n

377 1187 646 1230 Mementote
661 1185 782 1245 quod
804 1184 920 1240 dixi,
938 1195 1044 1229 tunc
1068 1201 1261 1230 eversam
1283 1201 1373 1229 esse
1387 1184 1643 1240 Jerusalem,
1670 1201 1772 1230 cnm

375 1256 466 1315 ipsa
505 1255 753 1300 solemnitas
788 1265 1017 1313 ageretur:
1040 1257 1086 1299 in
1123 1272 1210 1316 qua
1233 1256 1505 1300 solemnitate
1534 1257 1772 1301 Dominum

378 1327 704 1371 crucifixerunt.
743 1326 1006 1386 Congregati
1039 1326 1275 1371 saevierunt
1294 1361 1304 1381 ‚
1341 1327 1590 1385 congregati
1628 1327 1770 1387 perie-

381 1408 501 1442 runt.

437 1471 561 1513 Vnt.
579 1488 599 1511 «
613 1472 859 1513 Posuernnt
870 1469 989 1526 signa
1001 1484 1078 1512 sua
1091 1468 1225 1526 signa,
1241 1477 1284 1512 et
1298 1484 1387 1513 non
1399 1472 1738 1528 cognoverunt2.
1749 1488 1770 1512 »

382 1539 615 1585 Habebant
634 1539 772 1598 signa,
785 1555 883 1598 quae
893 1538 954 1582 ibi
968 1548 1198 1598 ponerent,
1208 1538 1362 1583 vexilla
1376 1555 1468 1594 sua,
1483 1538 1647 1599 aquilas
1659 1555 1772 1595 suas,

379 1611 587 1656 dracones
601 1626 716 1665 suos,
737 1610 856 1668 signa
874 1625 1053 1654 romana
1073 1631 1084 1667 3
1105 1618 1179 1653 aut
1195 1610 1325 1654 etiam
1347 1619 1506 1655 statuas
1527 1626 1624 1655 suas
1641 1647 1651 1666 ‚
1667 1626 1774 1671 quas

380 1684 521 1744 primo
532 1684 578 1726 in
589 1681 754 1742 templo
765 1691 1008 1741 posuerunt
1025 1703 1035 1739 3
1052 1690 1127 1725 aut
1143 1679 1253 1725 forte
1273 1701 1289 1722 «
1310 1682 1440 1740 Signa
1454 1698 1574 1736 sua‚»
1586 1699 1685 1743 quae
1694 1699 1775 1727 au—

382 1755 554 1799 dierant
576 1769 600 1796 a
620 1752 794 1796 vatibus
815 1751 1067 1796 daemonum
1089 1767 1284 1796 suorum.
1314 1771 1335 1793 «
1359 1755 1416 1796 Et
1437 1768 1527 1797 non
1555 1769 1775 1812 cognove-

384 1847 403 1868 »
440 1834 560 1870 runt.
591 1843 611 1865 »
634 1822 752 1877 Quid
771 1839 860 1868 non
883 1825 1222 1883 cognoverunt?
1248 1843 1268 1865 «
1289 1824 1402 1877 Quia
1419 1840 1510 1869 non
1531 1825 1712 1870 haberes
1729 1826 1776 1870 in

388 1915 409 1939 »
446 1912 516 1940 me
557 1903 842 1956 potestatem,
865 1894 946 1938 nisi
980 1893 1060 1938 tibi
1088 1893 1188 1938 data
1219 1904 1330 1939 esset
1367 1894 1598 1955 desuper3.
1626 1914 1646 1937 »
1678 1898 1776 1941 Non

381 1975 684 2026 cognoverunt
699 2000 711 2021 ‚
743 1966 845 2026 quia
880 1981 969 2010 non
1004 1965 1104 2024 ipsis
1126 1966 1268 2010 honor
1289 1965 1459 2011 delatus
1477 1976 1565 2023 est,
1591 1976 1641 2011 ut
1661 1967 1774 2011 affli-

383 2047 556 2099 gerent,
582 2047 632 2082 ut
651 2046 856 2096 caperent
876 2034 947 2081 vel
968 2044 1212 2080 everterent
1233 2036 1452 2081 civitatem
1473 2058 1484 2095 3
1508 2036 1580 2081 sed
1614 2037 1671 2081 im
1680 2037 1775 2097 pie-

384 2119 447 2154 tas
468 2124 620 2153 eorum
642 2117 852 2168 tanquam
877 2106 1035 2151 securis
1052 2106 1129 2150 Dei
1157 2104 1271 2150 facta
1300 2115 1378 2150 est.
1407 2107 1529 2151 Facti
1553 2116 1655 2152 sunt
1686 2108 1776 2152 ins-

381 2187 657 2225 trumentum
678 2178 796 2231 irati‚
821 2192 910 2221 non
931 2176 977 2219 in
996 2191 1180 2234 regnum
1198 2175 1371 2235 placati.
1404 2177 1527 2221 Facit
1551 2177 1667 2221 enim
1692 2179 1776 2223 hoc

386 2255 500 2297 Deus
517 2285 527 2304 ‚
554 2248 675 2309 quod
696 2247 952 2307 plerumque
980 2243 1084 2290 facit
1121 2255 1164 2290 et
1190 2247 1338 2291 homo.
1370 2246 1620 2307 Aliquando
1641 2248 1776 2294 iratus

386 2323 518 2366 homo
550 2316 838 2378 apprehendit
868 2318 1033 2376 virgam
1061 2318 1279 2377 jacentem
1311 2317 1356 2361 in
1392 2318 1560 2374 medio,
1595 2317 1775 2363 fortasse

387 2392 710 2453 qualecumque
739 2397 1025 2442 sarmentum,
1051 2387 1180 2432 caedit
1217 2388 1318 2432 inde
1357 2389 1497 2433 filium
1534 2405 1658 2434 suum
1678 2411 1689 2448 3
1725 2405 1774 2434 ac

388 2462 547 2507 deinde
567 2461 740 2523 projicit
755 2469 1021 2504 sarmentum
1042 2460 1089 2503 in
1107 2460 1249 2518 ignem
1264 2495 1274 2515 ,
1301 2469 1345 2504 et
1370 2460 1459 2506 filio
1474 2471 1614 2506 servat
1635 2462 1774 2506 haere-

436 2556 442 2571 ¹
471 2548 535 2580 1³5³]
569 2558 679 2586 mxxxi,
697 2546 728 2588 [ξ.
746 2563 784 2568 -
807 2553 819 2568 2
839 2546 918 2578 thid.
937 2546 966 2577 5.
991 2563 1028 2567 —-
1055 2544 1175 2577 3Joan.
1200 2557 1265 2579 xix.
1290 2558 1315 2577 1.
