1889 3285
395 227 476 268 518
825 242 859 268 s.
895 239 1127 270 Aucus'nm
1160 244 1341 271 Emscom

393 304 541 350 sedere
553 314 783 365 peccatum
801 316 864 350 est
880 327 891 364 3
908 305 983 351 sed
1001 308 1208 352 cervicem
1225 309 1447 368 potestatis
1469 318 1619 354 contra
1635 311 1777 354 Deum

397 377 561 435 erigere
577 412 588 431 ,
609 386 651 420 ct
668 385 821 436 putare
839 377 943 421 sein
969 377 1115 438 aliquo
1136 379 1302 423 honore
1323 380 1552 433 esse-Quia
1573 379 1692 425 dives
1715 396 1775 436 es,

395 446 652 505 ascendisti3
682 447 878 507 increpat
907 451 1020 492 Deus
1037 483 1049 503 ‚
1085 457 1128 492 et
1157 448 1334 494 dormis.
1366 453 1523 508 Magna
1547 450 1609 495 ira
1637 451 1780 495 incre-

393 518 537 578 pantis
553 553 564 573 ,
590 533 748 577 magna
770 518 847 562 ira.
869 517 1079 563 Attendat
1096 520 1291 564 Charitas
1313 522 1463 564 Vestra
1480 536 1570 564 rem
1588 529 1781 566 tremen-

392 589 508 633 dam.
544 589 789 649 Increpatio
822 590 1051 649 strepitum
1093 590 1228 634 habet
1252 626 1263 645 ,
1304 590 1506 650 strepitus
1543 591 1781 651 expergisci

392 659 500 704 solet
524 660 665 704 facere
685 659 899 704 homines.
919 663 1104 704 Tantum
1127 660 1300 720 pondus
1321 670 1386 705 est
1405 661 1667 721 increpantis
1682 661 1778 717 Dei,

393 741 444 775 ut
465 731 628 776 diceret
651 751 659 777 :
689 750 706 771 ‹<
731 732 799 776 Ab
823 731 1119 791 increpatione
1142 741 1233 787 tua,
1254 735 1368 778 Deus
1391 733 1544 788 Jacob,
1568 732 1781 778 dormita-

397 822 414 843 »
437 811 595 846 verunt
616 817 765 846 omnes
787 802 864 862 qui
880 802 1170 847 ascenderunt
1184 818 1334 863 equos.
1356 806 1501 848 »Ecce
1522 819 1612 864 quo
1628 819 1782 849 somno
1810 862 1811 865 Ἰ

391 872 643 917 dormitavit
660 872 733 916 ille
756 873 923 917 Pharao
939 908 949 928 ,
975 873 1052 933 qui
1070 872 1332 917 ascendebat
1349 890 1483 934 equos
1498 875 1530 919 1.
1544 877 1641 920 Non
1665 875 1781 918 enim

391 943 587 1002 vigilavit
608 944 651 987 in
675 943 806 988 corde
821 979 832 999 ‚
859 944 961 1004 quia
982 942 1037 988 de
1055 944 1348 1004 increpatione
1368 945 1531 990 durum
1553 961 1627 990 cor
1647 945 1783 991 habe-

393 1014 485 1059 bat.
512 1014 679 1058 Duritia
702 1015 817 1058 enim
843 1014 1005 1069 cordis,
1028 1015 1293 1060 obdormitio
1319 1025 1397 1060 est.
1423 1019 1548 1075 Rogo
1569 1032 1667 1071 vos,
1692 1015 1783 1060 fra-

393 1094 479 1129 tres
505 1086 611 1140 mei,
637 1085 783 1129 videte
806 1085 1028 1146 quomodo
1055 1085 1307 1140 dormiunt,
1341 1086 1417 1146 qui
1435 1095 1617 1131 sonante
1638 1089 1784 1130 Evan-

395 1155 508 1214 gelio
542 1165 585 1200 et
614 1159 754 1200 Amen
790 1166 832 1201 ct
864 1155 1049 1200 Alleluia
1078 1172 1155 1216 per
1186 1166 1329 1200 totum
1362 1157 1513 1200 orbem
1538 1165 1780 1212 terrarum,

394 1225 540 1271 adhuc
561 1227 695 1271 vitam
713 1236 904 1271 veterem
928 1226 1085 1271 nolunt
1111 1227 1345 1283 damnare,
1371 1236 1414 1271 et
1440 1228 1486 1270 in
1517 1243 1674 1272 novam
1697 1228 1784 1271 evi-

394 1296 541 1355 gilare.
583 1300 688 1341 Erat
724 1299 945 1357 Scriptura
978 1298 1054 1342 Dei
1086 1298 1131 1341 in
1160 1297 1343 1353 Judaea,
1383 1297 1514 1342 modo
1541 1314 1619 1357 per
1641 1307 1784 1342 totum

394 1369 549 1412 orbem
571 1379 786 1413 cantatur.
815 1372 867 1413 In
888 1368 960 1413 illa
983 1385 1070 1413 una
1094 1378 1222 1428 gente
1249 1368 1479 1414 dicebatur
1506 1373 1619 1414 Deus
1642 1385 1755 1413 unus
1770 1404 1782 1424 ‚

393 1439 471 1498 qui
494 1437 599 1483 fecit
619 1440 788 1494 omnia,
813 1454 903 1483 esse
934 1438 1182 1484 adorandus
1205 1448 1248 1483 et
1279 1438 1515 1498 colendus3
1550 1439 1682 1484 modo
1708 1439 1787 1483 ubi

394 1519 564 1554 tacetur
583 1511 600 1553 Ξ)
617 1511 814 1554 Christus
837 1511 1094 1561 resurrexit,
1118 1511 1265 1554 irrisus
1282 1511 1327 1552 in
1347 1527 1475 1554 cruce
1493 1545 1502 1561 ‚
1527 1511 1664 1569 ipsam
1686 1527 1788 1555 cru-

394 1596 491 1624 cem
509 1596 648 1633 suam⁷
666 1581 711 1621 in
727 1595 813 1638 qua
833 1582 980 1621 irrisus
1000 1587 1078 1632 est,
1099 1578 1189 1637 jam
1207 1578 1299 1622 fixit
1315 1579 1360 1621 in
1375 1577 1595 1632 frontibus
1609 1596 1784 1639 regum3

395 1662 439 1696 et
467 1650 610 1695 adhuc
649 1649 879 1693 dormitur.
912 1652 1070 1707 Magna
1099 1649 1160 1693 ira
1186 1650 1260 1693 Dei
1286 1684 1298 1704 ‚
1330 1648 1496 1694 fratres,
1523 1651 1679 1696 Melius
1707 1667 1786 1696 nos

394 1721 642 1767 audivimus
661 1735 760 1763 eum
779 1719 856 1779 qui
873 1718 978 1763 dicit
1001 1738 1009 1764 :
1041 1738 1057 1758 «
1083 1721 1220 1778 Surge
1236 1754 1247 1773 ‚
1269 1721 1345 1780 qui
1362 1719 1540 1776 dormis,
1562 1730 1606 1765 et
1627 1737 1788 1781 exurge

397 1811 418 1834 υ
455 1808 477 1836 a
501 1790 704 1844 mortuis,
730 1799 773 1834 et
794 1789 1059 1833 illuminabit
1081 1799 1124 1834 te
1146 1790 1344 1835 Christus
1359 1794 1391 1835 ².
1423 1810 1440 1832 ἱ>
1456 1790 1542 1836 Sed
1564 1792 1640 1852 qui
1660 1791 1786 1837 illum

395 1862 611 1908 audiunt?
640 1861 725 1915 Qui
754 1877 843 1906 non
873 1859 1114 1905 ascendunt
1142 1876 1292 1922 equos.
1334 1862 1419 1915 Qui
1446 1871 1548 1906 sunt
1587 1863 1664 1923 qui
1697 1879 1787 1908 non

396 1932 639 1978 ascendunt
663 1933 823 1992 equos?
851 1931 936 1984 Qui
968 1947 1057 1975 non
1079 1946 1123 1975 se
1141 1932 1308 1991 jactant
1330 1941 1372 1975 et
1394 1932 1611 1977 extollunt
1627 1968 1638 1988 ‚
1665 1935 1787 1994 quasi

394 2006 439 2050 in
463 2004 704 2049 honoribus
727 2012 770 2047 et
790 2002 1078 2062 potestatibus
1098 2003 1199 2046 suis.
1225 2021 1243 2043 «
1265 2003 1335 2047 Ab
1363 2003 1660 2063 increpatione
1683 2014 1783 2058 tua,

399 2096 417 2118 »
454 2079 567 2120 Deus
589 2074 748 2128 Jacob,
775 2073 1123 2117 dormitaverunt
1145 2073 1221 2133 qui
1244 2073 1536 2118 ascenderunt
1557 2090 1708 2135 equos.
1734 2096 1752 2117 »

453 2149 533 2190 XI.
561 2164 577 2185 «
603 2148 668 2189 Tu
691 2144 894 2189 terribilis
916 2160 984 2199 cs,
1024 2153 1068 2188 et
1087 2144 1184 2204 quis
1208 2145 1374 2190 resistet
1394 2145 1474 2189 tibi
1510 2154 1614 2190 tunc
1646 2146 1701 2190 ab
1723 2145 1786 2191 ira

400 2237 417 2258 »
453 2217 588 2260 tua3‘?
618 2237 633 2257 »
660 2215 794 2259 Modo
823 2214 1069 2269 dormiunt,
1097 2224 1140 2258 et
1163 2215 1323 2259 iratum
1346 2231 1435 2259 non
1462 2217 1685 2274 sentiunt3
1710 2217 1786 2261 scd

390 2297 441 2331 ut
469 2286 711 2331 dormirent
732 2287 865 2330 iratus
888 2296 964 2331 est.
991 2285 1124 2331 Modo
1146 2285 1266 2347 quod
1290 2286 1556 2331 dormientes
1578 2303 1667 2332 non
1683 2303 1784 2332 sen-

363 2402 365 2404 ,
393 2359 510 2403 tiunt
526 2393 536 2412 ,
565 2358 611 2400 in
634 2358 720 2402 fine
742 2357 945 2400 sentient.
971 2357 1210 2416 Apparebit
1232 2356 1346 2400 enim
1365 2355 1501 2416 judex
1524 2357 1724 2402 vivorum
1743 2366 1786 2401 et

394 2439 683 2473 mortuorum.
701 2431 788 2472 «Et
810 2428 906 2488 quis
929 2428 1094 2471 resistet
1118 2427 1197 2471 tibi
1216 2436 1320 2471 tunc
1339 2428 1393 2471 ab
1415 2427 1475 2471 ira
1500 2430 1604 2472 tua?
1622 2427 1784 2473 »Modo

395 2499 509 2543 enim
528 2498 773 2559 loquuntur
795 2497 914 2558 quod
932 2497 1111 2552 volunt,
1133 2507 1175 2540 et
1195 2496 1420 2556 disputant
1441 2507 1590 2543 contra
1614 2501 1751 2543 Deum
1769 2533 1781 2553 ‚
1801 2524 1804 2525 ⁷

447 2591 454 2607 ¹
484 2585 581 2616 Exod.
600 2595 666 2620 xxv,
688 2583 717 2615 3.
734 2600 774 2605 —
791 2590 803 2605 ²
826 2583 941 2625 pres.
964 2594 997 2623 v,
1022 2581 1073 2623 πῄ.
1101 2598 1142 2604 —-
1162 2579 1174 2604 3
1195 2581 1274 2613 Psal.
1296 2592 1393 2623 Lxxv,
1415 2584 1447 2613 8.
