1889 3285
391 274 475 316 134
825 281 859 310 s,
894 281 1126 312 Aueus‘nm
1157 285 1336 313 Emscom

386 351 460 396 illa
482 350 528 394 in
547 349 737 394 cinerem
762 348 960 403 vertitur,
985 363 1066 408 ego
1087 348 1283 394 sordibus
1305 364 1444 394 careo.
1465 350 1640 403 Quare?
1655 349 1766 403 Quia

390 441 411 464 «
444 423 536 466 Deo
563 419 819 479 subjicietur
837 418 979 463 anima
999 433 1096 463 mea
1118 438 1128 464 z
1158 420 1367 480 quoniam
1398 419 1453 464 ab
1481 419 1575 479 ipso
1602 427 1667 464 est
1686 434 1765 479 pa-

387 509 410 535 »
444 491 595 536 tientia
611 505 721 534 mea.
743 507 764 531 »
1405 492 1407 494 '

445 565 549 607 XII.
576 562 677 615 Quis
700 570 764 606 est
786 561 866 606 tibi
888 561 983 616 iste,
1006 577 1029 605 a
1055 577 1144 622 quo
1166 571 1230 606 est
1246 562 1453 621 patientia
1473 563 1578 606 tua?
1602 578 1623 603 (ι
1645 563 1768 615 Quo-

391 651 412 675 »
447 633 563 677 niam
589 632 680 693 ipse
709 641 773 677 est
800 634 915 677 Deus
944 647 1068 676 meus
1095 641 1140 677 et
1158 632 1354 677 salutaris
1385 648 1524 687 meus,
1548 640 1770 691 susceptor

391 722 413 746 »
446 719 584 758 meus,
608 719 700 748 non
727 702 981 760 emigrab01.
1011 702 1227 756 Quoniam
1250 703 1340 763 ipse
1368 712 1431 747 est
1452 705 1565 747 Deus
1580 717 1719 758 meus,
1745 719 1766 743 »

390 791 493 834 ergo
511 783 639 820 vocat
658 789 729 818 me
756 793 764 819 :
795 792 814 816 t(
833 777 890 819 Et
911 773 1108 818 salutaris
1124 789 1263 829 meus,
1281 791 1301 815 η
1328 789 1430 833 ergo
1441 773 1649 834 justificat
1667 788 1739 821 me
1759 791 1769 818 :

392 865 413 888 «
446 849 504 890 Et
526 855 748 905 susceptor
774 861 912 901 meus,
940 863 961 887 »
986 861 1089 905 ergo
1113 845 1324 905 glorificat
1344 861 1428 889 me.
1463 845 1544 888 Hic
1560 845 1675 888 enim
1692 859 1773 889 vo-

389 933 465 963 cor
485 926 528 962 et
543 918 770 979 justificor,
800 917 861 961 ibi
889 926 1036 962 autem
1058 916 1297 975 glorificor3
1322 925 1365 961 et
1382 916 1484 960 inde
1506 916 1584 959 ubi
1612 915 1776 974 glorifi-

389 1005 489 1045 cor,
533 1008 553 1032 «
580 992 679 1035 Non
707 988 943 1047 emigrabo.
979 1008 997 1030 »
1027 992 1178 1049 Neque
1208 989 1324 1032 enim
1351 989 1397 1032 in
1428 987 1776 1047 peregrinatione

390 1074 487 1104 mea
506 1059 741 1104 remanebo
766 1079 775 1104 :
801 1069 864 1103 est
889 1059 960 1103 hic
990 1058 1110 1103 unde
1127 1059 1349 1117 emigrem,
1375 1058 1451 1102 sed
1464 1057 1636 1102 veniam
1659 1056 1777 1101 unde

389 1146 480 1176 non
499 1130 736 1190 emigrabo.
761 1131 871 1175 Nam
891 1128 1131 1190 inquilinus
1153 1144 1233 1188 ego
1256 1144 1352 1173 sum
1375 1126 1494 1188 apud
1512 1137 1556 1171 te
1577 1127 1623 1170 in
1644 1136 1774 1182 terra,

395 1202 506 1246 sicut
527 1215 676 1245 omnes
698 1208 840 1259 patres
854 1200 974 1244 mei‘2.
1000 1202 1117 1259 Ergo
1137 1200 1191 1244 ab
1206 1198 1473 1259 inquilinatu
1490 1197 1702 1257 migrabo,
1723 1197 1778 1244 de

395 1271 526 1316 domo
543 1270 710 1315 coelesti
730 1285 820 1314 non
833 1270 1071 1328 emigrabo.

452 1343 577 1385 XIII.
609 1359 629 1382 «
655 1343 708 1384 In
733 1343 824 1384 Deo
846 1339 1033 1384 salutare
1053 1354 1222 1393 meum,
1259 1349 1303 1384 et
1324 1339 1459 1398 gloria
1480 1340 1611 1384 mea3.
1635 1357 1655 1380 η
1683 1337 1778 1383 Sal-

393 1429 473 1457 vus
502 1428 576 1456 ero
598 1412 643 1455 in
665 1415 771 1466 Deo,
804 1410 1014 1470 gloriosus
1036 1426 1109 1455 ero
1138 1411 1185 1454 in
1205 1413 1296 1455 Deo
1330 1430 1338 1455 :
1362 1426 1451 1455 non
1469 1411 1584 1455 enim
1605 1419 1779 1454 tanturn

396 1484 554 1539 salvus,
579 1482 655 1527 sed
677 1491 720 1526 et
742 1481 966 1540 gloriosus,
991 1481 1148 1536 salvus,
1179 1480 1281 1541 quia
1297 1482 1442 1541 justus
1469 1496 1521 1524 ex
1547 1480 1698 1540 impio,
1723 1479 1779 1524 ab

395 1555 472 1599 illo
488 1554 766 1615 justificatus4
783 1573 794 1609 ς
812 1551 1022 1610 gloriosus
1048 1560 1209 1606 autem,
1235 1552 1337 1611 quia
1358 1566 1447 1595 non
1462 1551 1604 1595 solum
1620 1551 1781 1611 justifi-

395 1635 541 1680 catus,
571 1624 644 1669 sed
667 1624 796 1668 etiam
818 1623 1143 1668 honorificatus.
1173 1641 1190 1663 «
1220 1622 1394 1667 Etenim
1417 1638 1526 1682 quos
1556 1622 1780 1681 praedesti-

400 1715 420 1739 »
456 1695 598 1749 navit,
629 1692 725 1738 illos
753 1703 796 1737 et
832 1693 1037 1738 vocavit5.
1065 1712 1085 1734 n
1116 1696 1287 1738 Vocans
1315 1708 1388 1737 eos
1414 1692 1521 1753 quid
1550 1691 1652 1736 feeit
1684 1691 1781 1736 hic?

401 1785 422 1808 »
438 1769 555 1819 Quos
566 1764 752 1819 vocavit,
772 1765 884 1824 ipsos
897 1773 940 1807 et
953 1764 1220 1823 justificavit3
1234 1779 1342 1825 quos
1359 1773 1502 1807 autem
1510 1762 1777 1823 justificavit,

403 1854 422 1877 »
441 1836 553 1895 ipsos
571 1843 613 1878 et
636 1833 958 1892 glorificavitss.»
975 1835 1233 1879 Justificatio
1257 1849 1359 1892 ergo
1382 1832 1629 1877 adsalutem
1645 1832 1780 1892 perti—
1810 1871 1817 1887 s

398 1907 489 1961 net,
506 1904 758 1963 glorificatio
782 1904 836 1948 ad
852 1905 1077 1949 honorem.
1092 1905 1203 1958 Quia
1226 1903 1481 1963 glorificatio
1499 1903 1554 1947 ad
1568 1903 1780 1947 honorem

397 1977 601 2037 pertinet,
621 1975 841 2036 disputare
858 1991 947 2020 non
964 1991 1073 2035 opus
1090 1985 1167 2020 est.
1195 1976 1302 2029 Quia
1320 1976 1573 2036 justificatio
1592 1975 1782 2034 pertinet

396 2046 452 2091 ad
472 2046 677 2101 salutem,
711 2061 955 2107 quaeramus
989 2046 1165 2107 aliquod
1197 2045 1525 2090 documentum.
1556 2048 1670 2090 Ecce
1703 2060 1779 2089 oc-

394 2117 530 2162 currit
553 2134 602 2161 ex
625 2117 864 2176 Evangelio
892 2136 900 2162 :
925 2120 1061 2162 Erant
1082 2117 1158 2177 qui
1184 2114 1263 2161 sibi
1293 2116 1556 2160 videbantur
1578 2117 1711 2176 justi,
1737 2124 1781 2160 et

394 2188 774 2248 reprehendebant
804 2188 1068 2243 Dominum,
1099 2189 1217 2248 quod
1252 2187 1509 2231 admittebat
1539 2187 1593 2231 ad
1628 2188 1778 2231 convi-

393 2258 514 2303 vium
536 2268 796 2317 peccatores,
824 2268 866 2302 et
892 2274 993 2303 cum
1016 2258 1261 2319 publicanis
1284 2267 1326 2301 et
1348 2258 1649 2317 peccatoribus
1671 2273 1779 2302 con-

391 2329 646 2374 vescebatur
667 2348 675 2373 :
703 2329 863 2373 talibus
882 2330 1029 2390 itaque
1051 2328 1420 2389 superbientibus,
1442 2328 1628 2373 fortibus
1651 2337 1781 2372 terrae

391 2399 517 2444 valde
540 2399 730 2454 clevatis,
755 2399 943 2444 multum
966 2400 1020 2444 de
1035 2416 1109 2444 sua
1124 2400 1304 2445 sanitate
1323 2399 1625 2459 gloriantibus,
1645 2415 1780 2459 quam

391 2470 622 2529 putabant,
647 2486 736 2514 non
760 2486 893 2530 quam
915 2472 1140 2527 tenebant,
1171 2471 1280 2532 quid
1301 2470 1523 2531 respondit
1541 2470 1779 2515 Dominus?

445 2572 453 2588 ¹
471 2565 552 2597 Psal.
570 2576 687 2607 Lx1‚7.
713 2583 754 2588 —
780 2573 792 2589 2
818 2566 866 2598 Id.
887 2576 1024 2606 xxxviii,
1041 2566 1090 2598 13.
1119 2583 1160 2589 —
1177 2565 1249 2599 3Id.
1270 2566 1384 2608 Lx1‚8.
1407 2583 1447 2589 -
1465 2564 1482 2595 4
1499 2568 1590 2598 Rom.
1610 2576 1657 2606 iv,
1678 2565 1708 2597 5.
1736 2581 1777 2588 --

398 2618 413 2642 5
429 2621 473 2653 Id.
498 2632 572 2661 vm,
590 2621 642 2653 30.
