1889 3285
377 270 629 300 ENARRATIO
649 274 695 300 ΙΝ
725 256 929 301 PsALMU'M
960 274 1085 301 Lxm.
1120 312 1123 315 ¹
1340 262 1425 302 179

43 346 156 393 tem,
181 346 258 382 aut
279 337 486 382 occideris
509 338 564 382 ab
584 337 828 398 iniquitate.
855 337 952 383 Noli
972 346 1119 382 autem
1140 352 1336 397 quaerere
1352 353 1428 383 oc-

43 407 187 453 cidere
211 408 485 468 iniquitatem
506 417 716 468 tanquam
733 408 898 468 aliquid
920 416 1038 452 extra
1059 416 1117 451 te.
1137 406 1206 452 Ad
1226 416 1270 452 te
1284 407 1428 467 ipsum

42 479 224 538 respice,
238 479 339 523 vide
352 478 459 539 quid
473 487 619 523 tecum
644 487 810 538 pugnet
832 479 878 523 in
898 487 941 522 te
957 513 968 534 ‚
995 487 1039 522 et
1056 493 1160 522 cave
1183 493 1239 522 ne
1264 493 1430 538 expug-

42 559 117 594 net
137 558 180 593 te
206 568 214 593 :
239 549 444 610 iniquitas
469 558 570 604 tua,
589 549 764 593 inimica
788 559 885 604 tua,
904 549 939 593 si
961 547 1190 594 interfecta
1216 564 1306 593 non
1327 548 1425 605 erit,

43 634 94 663 ex
113 627 158 663 te
179 619 294 662 enim
317 628 405 674 est,
430 627 474 662 et
501 619 645 663 anima
682 628 756 663 tua
782 619 985 664 adversus
1019 628 1064 664 te
1089 618 1301 675 rebellat,
1337 634 1431 664 non

43 687 165 733 aliud
185 687 366 750 aliquid.
387 692 452 734 Ex
472 688 661 750 quadam
681 699 804 749 parte
825 690 1015 735 cohaeres
1034 692 1148 746 Deo,
1164 705 1217 734 ex
1238 688 1430 750 quadam

41 768 164 819 parte
176 758 400 804 delectaris
421 758 594 804 saeculo.
609 758 726 804 Illud
747 775 836 821 quo
860 758 1084 805 delectaris
1103 759 1262 805 saeculo
1277 794 1289 816 ,
1311 774 1430 821 pug-

42 837 119 873 nat
147 828 352 873 adversus
372 837 566 873 mentem
594 845 695 890 quae
735 830 928 874 cohaeret
948 833 1054 875 Deo.
1080 831 1329 886 Cohaereat,
1354 846 1432 875 co-

41 900 222 955 haereat,
235 915 327 944 non
342 898 532 955 deficiat,
548 916 639 945 non
653 916 698 946 sc
710 900 921 956 dimittat,
936 916 1148 960 magnum
1164 901 1432 962 adjutorium

0 991 1 1027 i
41 970 191 1015 habet.
212 970 358 1015 Vincit
378 971 499 1031 quod
531 971 576 1014 in
610 971 685 1015 illa
709 970 792 1015 sibi
816 970 1026 1027 rebellat,
1061 972 1095 1015 si
1124 981 1366 1032 perseverat
1386 972 1432 1016 in

0 1031 1 1038 ἵ
42 1041 295 1101 pugnando.
320 1043 398 1085 Est
422 1050 648 1101 peccatum
665 1041 711 1085 in
732 1056 914 1101 corpore
929 1050 1029 1098 tuo,
1053 1043 1130 1086 sed
1149 1058 1240 1088 non
1261 1051 1429 1101 regnet.

0 1042 3 1170 l
47 1129 67 1154 ι(
101 1113 197 1156 Non
217 1126 320 1170 ergo
342 1121 515 1171 regnet,
547 1112 712 1173 inquit,
744 1121 973 1172 peccatum
1006 1113 1052 1156 in
1085 1122 1227 1158 vestro
1258 1111 1432 1157 mortali

45 1199 66 1223 »
99 1196 303 1240 corpore,
336 1181 391 1225 ad
420 1181 747 1226 obaudiendum
778 1181 998 1226 desideriis
1035 1183 1173 1242 ejus1.
1202 1200 1223 1224 »
1251 1183 1294 1228 Si
1329 1198 1432 1229 vero

42 1266 132 1296 non
156 1250 426 1306 obaudieris,
451 1262 494 1295 et
511 1253 545 1295 si
568 1262 630 1295 est
654 1252 776 1311 quod
799 1250 994 1308 suadeat,
1020 1252 1142 1313 quod
1164 1252 1352 1299 delectet
1376 1254 1433 1299 ad

41 1321 229 1376 malum,
254 1337 344 1366 non
368 1321 709 1381 obtemperando
727 1322 833 1366 facis
854 1331 905 1366 111
926 1338 1016 1366 11011
1037 1333 1190 1383 regnet
1204 1323 1326 1384 quod
1343 1333 1429 1379 est,

4 1441 7 1452 Ι
43 1400 87 1436 et
107 1392 166 1436 ita
187 1392 263 1436 fiet
284 1401 432 1451 postea
453 1401 503 1436 ut
525 1407 615 1437 non
636 1392 690 1437 sit
711 1393 833 1452 quod
847 1401 953 1436 erat.
979 1393 1163 1446 Quando
1183 1396 1201 1438 P
1222 1397 1335 1440 Cum
1358 1394 1434 1439 ab·

4 1487 8 1514 -,
43 1462 290 1507 sorbebitur
305 1478 422 1507 mors
441 1462 488 1507 in
499 1463 741 1519 victoriam,
767 1478 868 1508 cum
882 1464 1166 1523 corruptibile
1178 1465 1261 1509 hoc
1274 1464 1433 1508 indue-

5 1519 9 1594 ἱ
42 1533 97 1577 rit
117 1533 538 1593 incorruptionem,
505 1537 522 1560 ²
563 1533 626 1577 ibi
643 1549 732 1578 non
752 1534 834 1577 erit
850 1532 972 1594 quod
987 1533 1068 1578 tibi
1085 1543 1320 1594 repugnet,
1339 1550 1432 1580 non

6 1599 11 1656 Ι
43 1603 122 1648 erit
147 1603 268 1662 quod
290 1613 333 1648 te
357 1603 477 1648 aliud
503 1603 692 1649 delectet
714 1604 794 1648 nisi
825 1607 954 1649 Deus.
980 1606 1098 1663 Ergo
1116 1613 1159 1648 et
1185 1604 1255 1649 isti
1288 1605 1433 1649 Judaei

7 1676 12 1719 ἰ
42 1672 294 1717 inviderunt
315 1673 524 1727 Domino,
558 1674 803 1718 delectabat
831 1690 902 1719 eos
929 1674 1212 1734 principatus
1242 1674 1433 1729 Quidam

9 1758 13 1793 ι
42 1741 250 1787 videbant
271 1742 354 1786 sibi
372 1742 428 1786 ab
441 1758 492 1786 eo
509 1740 670 1786 auferri
687 1742 995 1801 principatum,
1017 1753 1060 1788 et
1077 1760 1130 1788 ex
1143 1744 1432 1790 delectatione

10 1810 13 1865 ἓ
44 1829 121 1858 sua
137 1813 461 1859 rebellaverunt
483 1812 686 1857 adversus
703 1813 964 1857 Dominum:
993 1813 1070 1873 qui
1097 1815 1131 1857 si
1150 1815 1433 1861 rebellassent

45 1884 249 1929 adversus
266 1884 602 1929 delectationem
628 1899 750 1928 suam
778 1883 994 1939 malam,
984 1899 1121 1943 ipsam
1147 1884 1433 1931 invidentiam

43 1954 289 2011 vincerent,
315 1970 396 2000 nec
411 1954 690 1999 vincerentur
711 1953 767 1998 ab
790 1955 862 2009 ea‘,
887 1963 930 1999 et
958 1964 1069 1999 esset
1103 1953 1188 1999 illis
1220 1956 1433 2017 Dominus

45 2026 246 2083 salvator,
272 2026 350 2088 qui
367 2035 545 2071 venerat
560 2035 610 2070 ut
630 2034 814 2070 sanaret.
839 2028 966 2071 Nunc
982 2035 1128 2071 autem
1149 2025 1352 2073 faverunt
1363 2028 1431 2073 fe-

45 2096 114 2140 bri
138 2115 148 2141 :
172 2105 527 2156 repugnaverunt
547 2095 719 2140 medico
739 2114 750 2141 :
773 2095 993 2156 quidquid
1012 2098 1270 2156 suggerebat
1281 2097 1431 2157 febris,

46 2166 288 2227 faciebant,
311 2167 526 2229 quidquid
533 2168 717 2229 jubebat
732 2177 884 2213 contra
894 2167 1112 2224 medicus,
1132 2169 1429 2230 negligebant.

0 2258 1 2265 ¹
47 2240 164 2298 Ergo
186 2238 249 2283 illi
270 2240 405 2298 magis
418 2239 548 2284 occisi
568 2247 690 2294 sunt,
714 2254 805 2283 non
829 2239 1039 2284 Dominus
1055 2241 1234 2286 :namin
1245 2242 1435 2288 Domino

0 2326 2 2347 ι
47 2323 163 2353 mors
184 2309 324 2353 occisa
346 2318 430 2363 est,
461 2309 508 2353 in
527 2308 610 2353 illis
630 2309 835 2369 iniquitas
850 2308 958 2355 vixit
977 2330 989 2369 3
1011 2310 1185 2356 vivente
1207 2320 1354 2357 autem
1385 2313 1434 2359 in

48 2392 92 2423 se
111 2378 363 2438 iniquitate,
390 2378 454 2422 illi
468 2379 631 2423 mortui
654 2389 772 2424 sunt.

104 2452 162 2494 Χ.
172 2453 490 2495 «Narraverunt
505 2460 554 2495 ut
566 2450 884 2496 absconderent
899 2452 1181 2513 muscipulas,
1198 2454 1403 2501 dixerunt
1420 2474 1430 2501 ε

24 2548 27 2581 5
51 2537 75 2561 »
105 2521 211 2574 Quis
230 2519 400 2565 videbit
420 2523 530 2565 easss.
558 2540 578 2562 »
607 2524 759 2566 Latere
780 2521 998 2582 putabant
1026 2538 1127 2568 eum
1148 2540 1280 2585 quem
1313 2527 1431 2571 occi-

97 2610 105 2627 ¹
127 2606 218 2637 Rom.
239 2615 283 2646 w,
305 2613 356 2637 12.
378 2621 418 2628 —
435 2612 447 2628 ²
467 2616 477 2636 1
501 2607 574 2638 Cor.
598 2616 655 2646 xv,
675 2603 727 2645 54.
750 2623 789 2629 -
810 2604 823 2629 3
843 2606 921 2638 Psal.
952 2607 1037 2647 nx11‘1,
1057 2607 1089 2639 6.

1156 2663 1173 2700 1
1182 2663 1220 2699 2,
