1889 3285
424 223 663 250 ENARRA'HO
695 225 739 250 m
773 223 974 252 PsALMUM
1007 226 1140 251 LXVII.
1350 219 1427 255 291

0 292 2 376 ἱ
115 290 301 333 XXVII.
329 286 413 331 Sed
435 285 543 346 quid
569 285 727 330 deinde
749 286 978 347 adjungit?
1004 306 1024 330 «
1048 290 1221 332 Etenim
1244 290 1320 349 qui
1345 306 1436 336 non

0 378 2 420 j
64 377 82 401 »
117 356 302 402 eredunt
326 355 591 400 inhabitare¹
618 374 627 400 ι
655 373 674 396 »
698 355 768 400 vel
789 356 909 416 quod
930 357 1130 401 nonnulli
1158 358 1325 404 codices
1353 361 1436 406 ha-

0 441 3 476 ι
61 427 182 471 bent.
218 446 238 469 «
269 425 444 470 Etenim
472 440 562 468 non
593 424 815 470 credentes
843 426 1125 471 inhabitare:
1152 446 1172 468 »
1198 431 1308 473 Nam
1329 431 1438 490 quid

0 483 3 496 ¹
62 505 164 541 sunt
185 494 305 540 aliud
325 510 414 539 non
429 493 668 547 credentes,
683 495 764 538 nisi
782 495 856 555 qui
870 511 960 539 non
981 496 1192 541 credunt?
1207 497 1261 541 de
1280 500 1439 559 quibus

62 566 229 610 dictum
248 565 318 620 sit,
335 581 425 609 non
436 573 500 609 est
515 563 652 608 facilis
668 564 927 609 intellectus.
951 568 1175 625 Tanquam
1197 568 1312 611 enim
1333 570 1442 615 ratio

63 635 318 679 redderetur
351 635 623 694 superiorum
662 634 898 678 verborum
915 669 926 690 ‚
965 650 1067 679 cum
1095 635 1261 681 dictum
1294 649 1405 684 esset
1431 660 1440 686 :

68 724 87 746 «
121 705 358 764 Captivasti
373 704 665 764 captivitatem
678 738 688 758 ‚
714 704 914 763 accepisti
929 704 1044 749 dona
1059 705 1106 748 in
1124 706 1373 753 hominibus
1392 729 1400 754 :
1420 728 1440 752 »

65 775 128 819 ita-
145 776 427 834 subjunctum
448 783 512 818 est
536 793 545 818 :
581 792 598 813 «
627 774 801 817 Etenim
829 774 906 834 qui
931 790 1021 819 non
1048 775 1234 821 credunt
1268 779 1445 824 inhabi-

69 863 89 886 »
124 854 215 889 tare
230 880 241 901 ,
265 863 285 886 »
311 844 356 888 id
374 854 462 899 est,
487 859 579 888 non
602 844 829 888 credentes
846 855 895 888 ut
916 845 1225 892 inhabitarent.
1247 849 1362 902 Quid
1384 859 1448 895 est

67 915 176 959 hoe?
205 915 259 958 de
288 914 448 974 quibus
480 915 563 958 hoe
597 914 726 957 dicit?
759 917 829 957 An
861 913 936 958 illa
969 917 1193 975 captivitas
1215 928 1449 980 antequam

68 985 268 1029 transiret
288 985 334 1027 in
355 984 517 1028 bonam
540 983 833 1042 captivitatem
848 1018 859 1039 ‚
880 984 997 1028 unde
1021 985 1155 1030 fuerit
1177 988 1289 1032 mala
1310 990 1452 1048 eapti-

69 1054 177 1104 vitas
199 1053 389 1097 ostendit
402 1055 419 1094 *ἶ
440 1056 538 1097 Non
560 1052 777 1096 credendo
800 1054 916 1096 enim
936 1055 1270 1112 possidebantur
1287 1058 1342 1101 ab
1364 1058 1452 1102 ini-

70 1123 211 1177 mico,
240 1142 260 1164 «
284 1123 366 1175 Qui
397 1132 600 1181 operatur
628 1122 673 1165 in
706 1122 804 1166 filiis
837 1122 1093 1167 diffidentiae
1115 1144 1125 1168 ε
1152 1126 1198 1168 in
1225 1127 1386 1186 quibus
1409 1138 1452 1173 et

75 1210 96 1234 »
130 1208 205 1236 vos
220 1226 231 1247 7
255 1192 422 1251 inquit,
447 1191 588 1235 fuistis
606 1191 858 1249 aliquando,
878 1207 979 1234 cum
995 1193 1194 1238 viveretis
1217 1195 1263 1239 in
1284 1196 1409 1241 illis2.
1430 1217 1450 1240 υ

72 1264 204 1308 Donis
226 1278 328 1321 ergo
351 1263 497 1321 gratiae
527 1277 615 1304 suae
632 1295 643 1315 ‚
675 1261 751 1320 qui
779 1263 943 1320 accepit
974 1262 1090 1307 dona
1113 1265 1158 1308 in
1180 1266 1451 1325 hominibus,

72 1335 304 1394 captivavit
325 1334 447 1377 istam
467 1331 774 1391 captivitatem.
791 1333 964 1376 Etenim
982 1349 1072 1378 non
1094 1336 1317 1383 credentes
1335 1350 1458 1385 erant

74 1413 125 1447 ut
144 1404 452 1447 inhabitarent.
478 1405 587 1447 Nam
604 1401 710 1444 fides
726 1417 797 1445 eos
822 1401 924 1445 inde
942 1401 1162 1461 liberavit,
1184 1417 1234 1451 ut
1249 1409 1340 1468 jam
1364 1426 1459 1456 cre-

75 1473 226 1517 dentes
247 1472 493 1516 inhabitent
525 1470 571 1513 in
593 1469 725 1514 domo
756 1471 859 1525 Dei,
884 1470 987 1515 facti
1008 1482 1051 1517 et
1071 1474 1151 1533 ipsi
1174 1476 1329 1521 domus
1349 1481 1454 1536 Dei,

76 1554 121 1589 et
135 1559 286 1588 currus
308 1543 386 1587 Dei
405 1541 592 1586 millium
608 1541 867 1587 laetantium.

134 1617 345 1663 XXVIII.
375 1613 497 1657 Unde
519 1613 596 1673 qui
616 1614 711 1657 haee
739 1613 947 1668 canebat,
978 1614 1023 1657 in
1048 1615 1211 1674 Spiritu
1232 1633 1281 1662 ea
1309 1621 1461 1678 praevi-

79 1683 186 1728 dens
201 1717 212 1738 ,
231 1683 436 1741 impletus
455 1680 586 1725 etiam
607 1683 700 1739 ipse
721 1682 870 1726 laetitia
893 1685 1104 1729 eructavit
1125 1686 1341 1742 hymnum
1355 1725 1366 1745 ,
1392 1690 1463 1735 di-

81 1768 182 1798 cens
206 1768 215 1793 :
246 1771 267 1793 «
293 1751 503 1795 Dominus
534 1753 647 1794 Deus
669 1749 949 1806 benedictus,
973 1752 1232 1801 benedictus
1254 1760 1464 1806 Dominus

85 1843 106 1867 »
140 1827 256 1869 Deus
276 1821 330 1865 de
347 1820 417 1865 die
439 1821 485 1864 in
505 1819 661 1864 diem3.
677 1838 697 1861 »
718 1819 853 1872 Quod
864 1821 1068 1866 nonnulli
1089 1825 1259 1871 codices
1281 1829 1462 1887 habent,

89 1915 108 1936 >›
141 1894 220 1938 Die
247 1890 456 1952 quotidie.
486 1909 514 1932 »>
537 1890 647 1943 Quia
669 1889 727 1934 sic
749 1890 915 1935 habent
938 1892 1076 1936 Graeci
1091 1927 1103 1948 ‚
1128 1903 1246 1947 ἡμέραν
1263 1906 1466 1951 manaim:

85 1964 206 2025 quod
226 1963 367 2008 verius
399 1962 725 2020 exprimeretur,
758 1980 778 2002 «
810 1961 888 2005 Die
910 1962 1119 2021 quotidie.
1148 1983 1167 2005 »
1195 1968 1337 2018 Quam
1359 1978 1467 2027 puto

85 2034 352 2079 locutionem
376 2033 459 2076 hoc
486 2031 727 2090 significare
749 2031 870 2091 quod
888 2032 1054 2076 dictum
1076 2043 1168 2078 est:
1199 2054 1219 2076 «
1244 2039 1306 2080 De
1327 2037 1397 2082 die
1422 2039 1469 2085 in

91 2125 112 2148 »
147 2106 277 2150 diem.
297 2123 318 2146 »
338 2102 542 2157 Quotidie
565 2103 727 2162 quippe
747 2103 831 2146 hoc
854 2103 942 2162 agit
962 2119 1100 2164 usque
1122 2105 1168 2150 in
1188 2107 1337 2166 finem,
1363 2126 1470 2170 cap-

89 2178 196 2222 tivat
216 2176 531 2235 captivitatem,
552 2174 768 2232 accipiens
790 2173 905 2218 dona
927 2175 972 2218 in
994 2176 1258 2222 hominibus.

148 2248 312 2291 XXIX.
333 2248 392 2289 Et
412 2243 620 2304 quoniam
638 2259 816 2287 currum
831 2243 956 2288 illum
975 2245 1096 2290 ducit
1116 2248 1160 2291 in
1182 2249 1313 2293 finem
1336 2254 1476 2312 sequi-

93 2327 164 2362 tur
186 2325 228 2360 et
245 2315 350 2359 dicit
375 2334 384 2359 ;
404 2330 423 2356 «
444 2318 706 2373 Prosperum
725 2313 807 2357 iter
820 2314 948 2358 faciet
963 2317 1088 2361 nohis
1105 2321 1220 2363 Deus
1237 2321 1472 2367 sanitatum

96 2407 117 2430 »
152 2396 419 2439 nostrarum,
446 2388 560 2429 Deus
583 2393 744 2439 noster,
766 2387 879 2429 Deus
903 2385 1040 2431 salvos
1064 2387 1292 2435 faciendi&
1313 2410 1334 2434 ))
1355 2393 1475 2437 Mul-

96 2468 190 2503 tum
211 2457 345 2516 gratia
368 2453 712 2499 commendatur.
731 2454 836 2506 Quis
858 2455 973 2499 enim
995 2456 1136 2502 salvus
1151 2469 1274 2516 esset,
1294 2462 1375 2505 nisi
1387 2463 1477 2522 ipse

145 2549 155 2566 ¹
176 2542 255 2574 Psal.
274 2551 372 2581 mvn,
395 2550 445 2582 ις.
466 2556 507 2564 -
523 2545 535 2562 ²
553 2538 669 2581 Ephes.
687 2550 722 2580 ιι,
742 2547 775 2580 2,
792 2538 823 2571 3.
844 2556 885 2563 --
907 2537 920 2562 3
935 2541 1015 2574 Psal.
1037 2553 1133 2585 nvn,
1148 2552 1201 2577 20.
1221 2561 1263 2567 —
1283 2545 1398 2580 41bid.
1420 2556 1473 2581 21.

1232 2599 1293 2638 19.
