1889 3285
417 216 503 261 490
829 229 863 258 s.
899 228 1131 260 Auausnm
1162 232 1345 261 Emscom

416 297 540 352 celsi,
563 308 653 340 non
672 295 787 340 eritis
803 295 1031 355 impuniti,
1053 298 1155 357 quia
1167 296 1411 356 cognoscit3
1431 312 1522 341 non
1536 296 1652 341 eritis
1666 296 1800 353 beati,

415 368 519 428 quia
541 381 566 411 a
585 367 716 426 longe
734 367 969 426 cognoscit.
997 366 1154 411 Videte
1186 382 1289 426 ergo
1310 366 1419 428 quid
1450 368 1583 426 agatis
1609 368 1740 429 :quia
1769 368 1805 413 si

415 438 626 496 agnoscit,
653 453 743 482 non
763 437 960 496 ignoscit.
985 437 1146 482 Melius
1167 453 1271 497 ergo
1284 438 1483 496 ignoscit,
1505 454 1638 499 quam
1656 453 1806 497 agnos-

413 508 486 554 cit.
508 508 624 563 Quid
640 518 703 553 est
721 509 837 553 enim
853 509 993 568 ipsum
1015 509 1236 567 ignoscere
1249 545 1260 564 ‚
1279 509 1359 553 nisi
1373 524 1463 553 non
1475 509 1806 564 noscere?Quid

414 588 478 624 est
492 595 582 624 non
602 581 810 624 noscere?
831 580 928 624 Non
956 578 1314 623 animadvertere.
1339 582 1448 625 Nam
1481 589 1525 624 et
1544 579 1805 625 vindicantis

412 650 521 696 solet
533 650 618 696 dici
631 650 957 695 animadversio.
969 649 1085 694 Audi
1098 659 1295 695 orantem
1307 661 1357 694 ut
1368 651 1561 709 ignoscat
1580 670 1589 697 :
1609 669 1628 692 «
1645 653 1806 696 Averte

416 737 437 763 >›
473 721 631 766 faciem
654 731 774 765 tuam
803 737 827 765 a
848 719 1035 780 peccatis
1062 720 1209 764 meis¹.
1236 741 1253 762 »
1281 721 1394 774 Quid
1421 722 1554 779 igitur
1583 720 1714 766 facies
1731 756 1743 776 ,
1773 721 1808 766 si

415 791 616 836 averterit
647 789 802 835 faciem
830 806 952 834 suam
974 807 998 834 a
1020 792 1088 834 te?
1117 790 1351 835 Molestum
1373 800 1436 836 est
1456 826 1467 847 ,
1499 800 1542 835 et
1563 790 1809 836 timendum

414 877 469 905 ne
493 861 663 906 deserat
677 870 735 905 te.
763 864 929 905 Rursus
947 861 979 905 si
1002 859 1156 905 faciem
1178 877 1268 905 non
1290 861 1460 917 avertit,
1486 861 1804 906 animadvertit.

414 932 545 977 Novit
561 933 646 976 hoc
668 935 797 987 Deus⁷
817 940 959 991 potest
972 931 1056 976 hoc
1076 935 1206 987 Deus,
1222 940 1266 976 et
1281 940 1473 976 avertere
1486 931 1642 976 faciem
1661 947 1685 976 a
1702 947 1808 992 pec-

415 1012 542 1048 cante
555 1039 566 1058 ,
584 1012 627 1047 et
639 1019 729 1047 non
741 1011 933 1047 avertere
952 1018 976 1047 a
997 1003 1249 1047 confitente.
1272 1006 1427 1064 Itaque
1446 1002 1547 1047 alibi
1566 1003 1605 1046 ei
1621 1002 1807 1048 dicitur:

419 1092 440 1116 «
457 1077 618 1119 Averte
640 1073 794 1118 faciem
808 1083 930 1119 tuam
948 1090 970 1118 a
985 1074 1170 1134 peccatis
1183 1073 1290 1118 meis
1316 1094 1325 1119 :
1347 1092 1366 1115 η
1385 1083 1428 1118 et
1441 1073 1544 1118 alibi
1565 1074 1604 1118 ei
1623 1073 1783 1118 dicitur
1795 1109 1807 1130 ⁷

419 1164 440 1187 ι(
463 1147 527 1190 Ne
541 1155 706 1189 avertas
722 1144 877 1189 facicm
898 1155 1017 1189 tuam
1033 1162 1056 1189 a
1074 1149 1170 1189 me‘2
1189 1164 1198 1189 :
1227 1164 1246 1186 »
1272 1145 1332 1189 ibi
1353 1180 1364 1201 ,
1386 1163 1407 1187 «
1431 1147 1469 1190 A
1494 1144 1681 1204 peccatis
1705 1144 1810 1189 meis

418 1234 439 1257 »
476 1225 623 1261 averte
649 1235 658 1261 :
682 1234 703 1257 υ
729 1216 800 1260 hic
818 1225 965 1260 autem
982 1252 993 1272 ‚
1018 1235 1039 1259 «
1062 1218 1101 1261 A
1119 1231 1189 1260 me
1205 1216 1297 1261 noli
1315 1225 1524 1261 avertere.
1551 1216 1811 1261 »Confitere

414 1303 541 1346 ergo,
568 1296 611 1331 et
632 1287 802 1331 invoca.
828 1287 1094 1332 Confitendo
1111 1286 1229 1331 enim
1246 1286 1432 1332 mundas
1455 1285 1669 1346 templum
1688 1322 1700 1343 ‚
1720 1302 1811 1347 quo

415 1357 560 1402 veniat
591 1357 832 1402 invocatus,
870 1357 1121 1413 Confitere,
1155 1365 1199 1401 et
1236 1357 1409 1402 invoca.
1445 1358 1624 1401 Avertat
1657 1354 1809 1401 faciem

418 1445 440 1474 a
459 1429 645 1488 peccatis
677 1429 764 1473 tuis
783 1464 794 1484 ‚
830 1444 921 1472 non
956 1436 1123 1473 avertat
1146 1444 1171 1472 a
1193 1436 1236 1473 te
1264 1443 1273 1469 τ
1310 1436 1475 1472 avertat
1496 1426 1652 1472 faciem
1675 1427 1729 1471 ab
1759 1443 1812 1473 eo

415 1498 537 1559 quod
558 1508 608 1542 tu
634 1498 801 1554 fecisti,
843 1514 934 1543 non
965 1507 1132 1543 avertat
1153 1498 1208 1542 ab
1245 1513 1296 1542 eo
1331 1498 1452 1559 quod
1473 1497 1563 1558 ipse
1599 1496 1717 1542 fecit.
1750 1500 1810 1542 Te

415 1570 531 1615 enim
552 1570 776 1614 hominem
795 1569 887 1628 ipse
912 1568 1040 1623 fecit,
1077 1578 1253 1628 peccata
1282 1578 1355 1613 tua
1389 1570 1481 1628 ipse
1508 1568 1661 1614 fecisti.
1688 1570 1809 1614 Con-

414 1641 539 1684 fitere
571 1655 699 1698 ergo,
725 1648 769 1683 et
799 1639 983 1698 invoca3
1007 1637 1107 1683 dic:
1133 1658 1154 1682 «
1173 1639 1493 1685 Confitebimur
1525 1634 1605 1684 tibi
1623 1675 1634 1696 ‚
1661 1642 1777 1685 Deus
1793 1675 1806 1695 ‚

420 1730 438 1752 »
474 1709 784 1755 confitebimur
804 1709 899 1753 tibi.
928 1727 948 1750 »

474 1783 556 1824 III.
592 1782 690 1838 Ipsa
719 1779 946 1839 repetitio,
977 1779 1250 1824 confirmatio
1278 1788 1368 1835 cst,
1404 1795 1460 1824 ne
1491 1789 1534 1824 te
1563 1777 1809 1825 confessum

415 1864 506 1894 esse
527 1850 753 1909 poeniteat.
780 1851 879 1895 Non
901 1850 1019 1893 enim
1047 1849 1174 1893 alicui
1193 1849 1361 1894 crudeli
1382 1848 1604 1895 confessus
1631 1866 1697 1905 es,
1719 1865 1810 1895 non

414 1920 575 1976 ultori,
603 1936 694 1964 non
728 1918 972 1964 insultatori
1012 1939 1022 1965 ε
1063 1921 1274 1964 confitere
1303 1936 1494 1965 securus.
1531 1920 1648 1964 Audi
1681 1919 1810 1965 aliam

415 2005 567 2036 vocem
596 1989 753 2035 Psalmi
767 1989 1074 2035 adhortantem
1100 2009 1110 2036 ε
1140 1991 1451 2035 «Confitemini
1473 1989 1681 2046 Domino,
1697 2006 1810 2050 quo-

418 2079 440 2102 »
473 2060 590 2105 niam
624 2061 766 2105 bonus
788 2061 892 2104 est3.
919 2079 935 2101 »
958 2059 1075 2113 Quid
1104 2069 1167 2104 est
1183 2095 1194 2115 ‚
1223 2079 1243 2102 «
1271 2060 1488 2113 Quoniam
1510 2059 1651 2104 bonus
1674 2061 1804 2105 estP»

416 2130 529 2184 Quid
563 2131 723 2175 timetis
759 2130 958 2175 confiteri
979 2132 998 2174 Ξ)
1023 2133 1169 2174 Bonus
1209 2139 1273 2174 est
1295 2166 1306 2181 ,
1342 2131 1527 2189 ignoscit
1560 2131 1802 2175 confitenti.

417 2201 539 2245 Time
560 2200 756 2244 confiteri
765 2200 902 2261 judici
922 2199 1090 2244 homini
1111 2234 1122 2254 ‚
1148 2215 1203 2243 ne
1221 2199 1334 2244 forte
1355 2199 1602 2245 confessum
1623 2200 1803 2260 puniat:

415 2274 506 2315 Deo
526 2270 618 2315 noli
644 2290 653 2316 :
674 2270 741 2315 fac
764 2269 1015 2315 confitendo
1038 2271 1276 2330 propitium
1296 2306 1307 2325 ‚
1339 2286 1470 2331 quem
1494 2271 1694 2329 negando
1715 2286 1807 2316 non

415 2340 524 2386 facis
541 2341 749 2385 nescium.
780 2360 799 2383 «
824 2340 1142 2386 Confitebimur
1169 2341 1274 2395 tibi,
1309 2344 1446 2398 Deus,
1477 2341 1804 2397 confitebimur,

418 2431 438 2454 »
475 2421 517 2456 et
535 2412 774 2473 securijam
795 2411 1093 2456 invocabimus
1117 2427 1277 2456 nomen
1297 2421 1437 2456 tuum.
1466 2431 1486 2453 n
1512 2413 1800 2457 Exhausimus

416 2482 547 2528 corda
570 2493 716 2528 nostra
738 2482 1006 2528 confessione
1021 2519 1032 2537 ‚
1058 2484 1274 2537 terruisti,
1309 2483 1546 2528 mundasti.
1579 2482 1804 2530 Confessio

465 2575 473 2590 ¹
492 2568 568 2600 Psal.
591 2580 620 2606 L,
639 2581 689 2601 11.
713 2585 753 2591 --
773 2569 952 2609 ²1d.xxv1‚
977 2580 1008 2610 9.
1030 2583 1070 2589 -—
1090 2567 1102 2591 3
1121 2568 1166 2600 Id.
1187 2580 1236 2606 cv,
1258 2580 1287 2606 17
1308 2580 1370 2607 cvi,
1395 2581 1404 2600 1
1430 2573 1461 2600 et
1479 2580 1558 2609 ατη,
1579 2580 1605 2600 1.
