1889 3285
228 319 233 323 ,
261 287 500 316 ENARRATIO
534 289 565 314 11
598 288 640 314 IN
674 287 875 315 PsALMUM
907 288 1040 325 Lvm,
1075 287 1212 314 semro
1245 286 1293 312 11.
1418 274 1472 312 89

97 364 148 399 ut
173 363 446 414 peccatores,
471 353 570 413 quia
598 361 641 396 et
669 352 747 411 ipsi
771 360 1070 411 cognoverunt
1089 359 1316 410 peccatum
1346 364 1475 394 suum

69 425 173 485 -qui
204 423 285 468 sibi
303 422 407 483 justi
439 421 711 467 videbantur.
745 425 807 466 De
834 423 992 482 quibus
1021 421 1187 465 dictum
1222 429 1285 464 est
1315 422 1360 465 in
1392 419 1475 464 alio

54 535 56 537 .
97 493 268 540 Psalmo
290 512 298 538 :
323 497 512 537 «Postea
541 492 889 537 acceleraverunt
909 512 918 538 ε
944 511 964 534 »
989 493 1073 536 hoc
1096 491 1262 536 dictum
1283 499 1346 534 est
1372 491 1443 534 hic
1463 507 1473 534 ι

101 564 214 609 «Ad
231 579 468 623 vesperam.
493 582 513 604 »
550 566 660 608 Nam
693 563 754 607 ibi
782 564 840 608 sic
873 572 936 607 est
961 582 970 608 z
999 581 1020 604 ‹<
1043 561 1344 620 Multiplicatae
1375 569 1496 604 sunt-

101 653 122 677 »
156 635 425 678 infirmitates
462 649 639 688 eorum,
676 642 823 693 postea
855 632 1264 678 acceleraverunt1:
1294 649 1314 672 »
1355 630 1477 674 Unde

99 705 446 750 acceleraverunt
472 705 645 764 postea?
671 723 691 745 «
711 704 821 756 Quia
846 703 1145 763 multiplicatae
1169 711 1270 746 sunt
1291 700 1478 744 iufirmi-

101 794 122 818 »
157 785 265 820 tates
291 791 442 820 eorum
461 795 469 820 :
487 794 506 816 »
524 790 621 819 nam
646 775 680 819 si
701 775 782 818 sibi
804 773 947 819 adhuc
969 773 1060 818 sani
1077 772 1343 825 viderentur,
1364 787 1481 815 nun-

99 861 231 907 quam
253 845 553 889 accelerarent.
577 844 700 898 Quod
723 859 822 902 ergo
844 844 905 888 ibi
927 844 1093 888 dictum
1110 852 1172 887 est
1191 862 1199 887 :
1225 861 1244 884 «
1261 840 1480 900 Multipli-

101 934 124 958 >›
157 925 264 960 eatae
287 925 388 960 sunt
419 916 688 960 infirmitates
716 931 866 960 eorum
893 934 902 960 z
941 934 960 956 »
996 915 1078 959 hoc
1099 913 1266 958 dictum
1288 921 1351 956 est
1379 911 1475 955 hic:

104 1005 126 1029 «
158 986 596 1046 Comprehendantur
618 986 663 1029 in
684 985 885 1045 superbia
915 1001 990 1029 sua
1008 1020 1019 1040 ,
1049 994 1093 1029 et
1114 1000 1164 1027 ex
1185 981 1416 1027 maledicto
1437 990 1481 1024 et

101 1074 123 1100 »
157 1055 383 1100 mendacio
406 1057 786 1100 annuntiabuntur
807 1054 1201 1100 consummationes
1223 1054 1270 1097 in
1292 1054 1354 1097 ira
1380 1067 1483 1096 con-

104 1144 125 1168 »
159 1126 471 1170 summationis.
502 1145 521 1166 »
542 1129 599 1169 Et
619 1125 740 1185 quod
758 1125 820 1169 ibi
841 1125 1005 1170 dictum
1030 1134 1094 1169 est
1114 1144 1122 1170 z
1152 1128 1336 1169 «Postea
1360 1138 1482 1167 acceb

104 1214 126 1238 »
159 1195 437 1240 leraverunt:
463 1213 482 1236 »
509 1196 591 1240 hoc
618 1194 785 1239 dictum
816 1204 879 1239 est
898 1197 968 1240 hic
996 1215 1004 1240 :
1034 1215 1053 1236 «
1078 1198 1135 1239 Et
1162 1210 1251 1239 non
1279 1202 1429 1248 erunt,
1458 1211 1479 1234 n

102 1267 147 1310 in
169 1265 368 1325 superbia
394 1281 484 1310 sua.
515 1285 534 1307 «
558 1268 615 1309 Et
648 1265 784 1309 scient
816 1266 917 1325 quia
951 1268 1065 1309 Deus
1089 1263 1388 1309 dominabitur
1410 1265 1483 1307 Ja-

105 1355 126 1378 »
161 1336 259 1391 coh,
276 1346 319 1379 et
335 1336 486 1380 finium
509 1344 655 1380 terrae:
676 1355 695 1376 »
715 1345 759 1380 et
774 1338 1124 1381 «Convertentur
1143 1334 1197 1379 ad
1215 1349 1480 1394 vesperam.»

102 1409 273 1451 Bonum
296 1415 358 1450 est
381 1421 483 1464 ergo
504 1404 723 1449 humiliari
746 1415 1014 1464 peccatorem
1029 1440 1039 1458 ,
1064 1414 1107 1448 et
1133 1420 1262 1458 nemo
1285 1413 1347 1448 cst
1368 1404 1486 1447 insa-

104 1475 289 1522 nabilior
310 1491 360 1520 eo
381 1476 458 1535 qui
480 1476 559 1519 sibi
583 1490 711 1519 sanus
734 1475 920 1520 videtur.
949 1495 969 1518 «
993 1479 1051 1520 Et
1067 1475 1362 1520 circumibunt
1380 1474 1487 1519 civi-

107 1564 128 1588 »
163 1555 309 1593 tatem,
343 1567 360 1587 »
392 1548 489 1589 Jam
523 1555 566 1589 et
599 1546 801 1590 hesterno
830 1545 901 1590 die
933 1546 1208 1605 exposuimus
1241 1545 1483 1599 civitatem,

105 1616 151 1660 id
167 1626 256 1672 est,
276 1617 610 1661 circumstantiae
632 1617 848 1661 civitatem
865 1652 876 1672 ,
902 1632 1050 1661 omnes
1073 1625 1235 1674 gentes.

167 1689 244 1730 lX.
282 1706 302 1728 «
328 1687 638 1746 Dispergentur
664 1696 713 1730 ut
740 1686 872 1730 edant
901 1706 910 1731 :
942 1706 961 1728 »
993 1686 1040 1730 id
1061 1695 1150 1740 est,
1184 1695 1233 1730 ut
1265 1685 1489 1729 lucrentur

109 1755 212 1801 alios
228 1791 238 1811 ,
264 1765 314 1800 ut
330 1757 375 1799 in
392 1771 548 1815 corpus
566 1772 693 1799 suum
715 1755 1026 1801 transforment
1047 1756 1286 1800 credentes.
1304 1774 1323 1796 «
1347 1756 1389 1800 Si
1412 1771 1490 1798 au-

113 1845 132 1868 »
167 1834 254 1870 tem
280 1842 370 1870 non
399 1826 695 1881 satiabuntur,
727 1835 770 1869 et
792 1826 1145 1869 murmurabunt.
1169 1844 1189 1866 »
1218 1826 1329 1878 Quia
1350 1835 1393 1869 et
1414 1841 1488 1869 sn-

108 1897 252 1956 perius
279 1911 478 1940 murmur
506 1911 655 1940 eorum
686 1895 878 1951 dixerat,
917 1895 1157 1940 dicentium
1185 1915 1194 1940 :
1231 1915 1251 1937 «
1274 1895 1490 1949 Quoniam

113 1983 134 2007 »
172 1966 268 2026 quis
290 1965 468 2010 audivit.
501 1968 557 2009 Et
584 1974 656 2020 tu,
687 1966 894 2020 Domine,
919 1965 1084 2025 inquit,
1109 1965 1328 2009 deridebis
1349 1980 1442 2018 eos,
1466 1983 1487 2007 »

112 2035 302 2082 dicentes
339 2056 347 2081 :
378 2055 397 2077 «
422 2036 527 2089 Quis
559 2034 751 2090 audivit,
786 2053 806 2076 »
836 2038 994 2095 quare?
1027 2035 1165 2091 Quia,
1206 2054 1224 2077 (ι
1251 2039 1334 2080 Pro
1356 2034 1493 2087 nihilo

115 2127 136 2152 »
169 2107 351 2152 habebis
369 2122 518 2151 omnes
539 2115 699 2164 gentes.
725 2124 745 2147 »
773 2106 840 2150 Sic
863 2115 905 2150 et
924 2106 1015 2161 hic,
1044 2125 1064 2149 «
1092 2106 1135 2152 Si
1157 2115 1302 2151 autem
1320 2121 1408 2151 non
1426 2121 1494 2150 sa-

117 2198 136 2222 »
170 2179 399 2223 tiabuntur
416 2213 426 2232 ,
450 2187 494 2222 et
514 2178 865 2221 murmurabunt.
891 2195 911 2217 »

169 2251 228 2293 X.
248 2247 546 2293 Concludatur
568 2247 779 2291 Psalmus.
800 2247 955 2291 Videte
977 2246 1187 2305 angulum
1210 2246 1508 2302 exultantem,·

109 2320 199 2380 jam
217 2318 271 2363 de
287 2328 474 2378 utroque
492 2318 654 2377 pariete
674 2316 936 2376 gaudentem
950 2317 1314 2376 ².Supe1=biebant
1335 2320 1358 2361 J
1364 2318 1494 2373 udaei‚

115 2388 332 2434 humiliati
356 2398 477 2443 sunt,
503 2388 790 2447 desperabant
807 2390 980 2443 Gentes,
998 2397 1152 2432 erectae
1175 2398 1289 2432 sunt.
1312 2388 1499 2432 Veniant

118 2459 172 2503 ad
208 2458 438 2516 angulum,
476 2458 535 2501 ibi
565 2458 848 2511 conveniant,
872 2458 932 2502 ibi
956 2468 1245 2513 concurrant,
1284 2458 1345 2502 ibi
1383 2458 1498 2517 pacis

119 2529 315 2574 osculum
342 2529 590 2585 inveniant,
614 2528 669 2572 de
689 2528 857 2573 diverso
878 2530 1081 2584 veniant,
1107 2529 1178 2573 sed
1203 2530 1246 2573 in
1269 2529 1494 2573 adversum

169 2621 176 2637 ¹
201 2614 278 2646 psal.
301 2625 356 2655 xv,
383 2613 413 2655 4.
434 2630 473 2636 —
495 2620 506 2635 2
528 2613 643 2656 Ephes⁴
661 2623 696 2654 11,
715 2622 768 2647 20.
