1889 3285
395 261 480 302 394
828 275 860 300 s.
897 268 1131 300 AUGUSTINI
1164 273 1347 300 EPISCOPI

395 358 414 380 »
451 338 576 382 tibi1.
604 355 624 378 »
647 335 768 381 Filiis
798 337 928 397 hujus
944 373 954 391 ,
990 337 1035 380 id
1070 346 1155 390 est,
1177 337 1274 381 filiis
1296 336 1558 381 obedientiae
1580 345 1780 380 cantatur

395 407 588 453 Psalmus
605 443 616 463 ,
650 417 693 451 et
721 408 787 452 his
817 409 893 468 qui
928 407 1054 466 primi
1075 407 1232 466 captivi
1256 408 1376 451 ducti
1398 416 1524 461 sunt,
1551 414 1601 449 ut
1622 421 1780 464 agnos-

392 479 599 523 canu-hic
622 479 803 536 gemitus
826 487 986 532 noster,
1012 487 1054 521 et
1072 478 1259 521 sufficiat
1271 476 1529 520 dieimalitia
1545 479 1660 520 sua²‚
1684 478 1781 519 Jam

392 550 507 594 enim
529 586 540 606 ,
577 550 610 592 si
641 549 817 609 superbi
837 549 1105 593 deseruimus
1120 584 1130 603 ,
1155 548 1224 592 vel
1246 547 1412 605 fatigati
1430 547 1671 591 redeamus.
1693 549 1782 592 Nec

392 620 522 664 rediri
538 619 620 682 nisi
641 635 718 679 per
742 619 924 678 gratiam
945 628 1101 678 potest.
1129 619 1274 662 Gratia
1291 653 1302 673 ,
1329 617 1456 675 gratis
1470 617 1570 661 data
1583 619 1783 661 est.Nam

392 691 473 734 nisi
496 691 623 748 gratis
647 699 756 734 esset
771 725 781 744 ,
804 689 940 748 gratia
966 705 1056 733 non
1079 697 1201 732 esset.
1229 691 1363 732 Porro
1381 696 1526 731 autem
1549 687 1583 730 si
1605 695 1783 746 propte-

392 777 463 806 rea
498 762 634 820 gratia
663 770 748 816 est,
772 760 873 821 quia
899 761 1028 819 gratis
1059 769 1148 818 est3
1187 759 1296 804 nihil
1315 767 1441 803 tuum
1464 758 1710 817 praecessit,
1733 765 1784 801 ut

392 832 621 891 acciperes.
657 834 768 876 Nam
799 831 833 875 si
865 831 1011 891 aliqua
1043 831 1158 874 hona
1189 838 1414 889 operatua
1439 835 1781 887 praecesserunt,

392 903 581 963 pretium
599 903 799 962 accepisti
817 938 828 957 ,
852 917 944 946 non
968 901 1098 960 gratis
1122 921 1130 946 :
1148 900 1336 960 pretium
1355 909 1501 944 autem
1518 898 1637 959 quod
1659 898 1784 942 nobis

394 974 653 1029 debebatur,
691 973 954 1033 supplicium
985 982 1062 1016 est.
1099 972 1226 1025 Quod
1258 987 1360 1030 crgo
1396 970 1655 1024 liberamur,
1695 984 1786 1013 non

393 1045 548 1089 nostris
566 1045 729 1089 meritis
747 1080 757 1099 ,
784 1044 857 1088 sed
876 1043 989 1087 illius
1009 1043 1142 1101 gratia
1161 1051 1238 1086 est.
1258 1040 1389 1085 Illum
1411 1055 1512 1098 ergo
1534 1038 1782 1083 laudemus:

392 1114 457 1158 illi
480 1124 620 1159 totum
643 1114 763 1176 quod
782 1130 930 1158 sumus
946 1150 956 1169 ,
978 1123 1022 1157 et
1034 1113 1153 1174 quod
1167 1112 1273 1157 salvi
1285 1111 1514 1167 efficimur,
1530 1110 1782 1154 debeamus.

394 1184 463 1228 Ad
497 1186 617 1245 quod
647 1185 884 1240 conclusit,
918 1201 1018 1229 cum
1050 1183 1186 1227 multa
1213 1183 1409 1237 dixisset,
1446 1182 1594 1226 dicens
1621 1201 1630 1225 :
1659 1200 1679 1223 «
1700 1184 1788 1225 Do-

396 1271 416 1293 »
453 1255 586 1309 mine,
617 1256 893 1299 memorabor
905 1255 1084 1312 justitiae
1106 1264 1193 1296 tuae
1216 1253 1347 1295 solius
1363 1254 1424 1294 3.»
1451 1251 1520 1294 Ad
1541 1251 1673 1293 istum
1694 1265 1788 1294 ver-

392 1340 487 1368 sum
516 1323 721 1369 conclusa
752 1332 814 1367 est
847 1324 1046 1367 hesterna
1075 1322 1288 1367 tractatio.
1310 1321 1442 1365 Primi
1470 1336 1572 1379 ergo
1597 1321 1755 1381 captivi
1773 1356 1785 1377 ,

395 1395 441 1439 id
471 1405 562 1451 est,
599 1395 865 1455 pertinentes
900 1394 955 1438 ad
986 1395 1177 1454 primum
1210 1393 1433 1437 hominem
1465 1412 1473 1436 ;
1503 1401 1679 1451 propter
1704 1392 1788 1437 hoc

396 1467 514 1510 enim
537 1467 721 1526 captivi,
747 1475 926 1526 propter
946 1466 1139 1525 primum
1160 1465 1384 1510 hominem
1401 1499 1411 1518 ,
1438 1463 1485 1507 in
1517 1479 1607 1523 quo
1639 1479 1789 1507 omnes

397 1537 608 1581 morimur
634 1556 642 1581 :
664 1556 682 1578 «
709 1537 816 1589 Quia
834 1551 923 1579 non
947 1536 1066 1595 prius
1097 1535 1218 1596 quod
1239 1534 1430 1593 spiritale
1454 1543 1538 1589 est,
1565 1533 1641 1578 sed
1668 1533 1789 1593 quod

400 1626 420 1650 »
456 1608 661 1663 animale,
686 1617 835 1668 postea
854 1607 1094 1666 spiritale4:
1117 1626 1136 1648 n
1155 1611 1338 1666 Propter
1354 1607 1544 1666 primum
1567 1605 1790 1650 hominem

396 1678 526 1737 primi
553 1679 712 1736 captivi
745 1697 754 1722 :
790 1686 968 1737 propter
998 1677 1239 1722 secundum
1267 1677 1487 1721 hominem
1516 1675 1696 1720 secundi
1716 1691 1788 1719 re-

397 1749 578 1808 dempti.
600 1752 710 1793 Nam
736 1758 779 1792 et
801 1749 892 1808 ipsa
918 1748 1161 1809 redemptio
1183 1748 1341 1793 clamat
1365 1748 1659 1806 captivitatem
1684 1762 1788 1791 nos-

398 1828 524 1863 tram.
547 1819 673 1863 Unde
690 1819 805 1863 enim
829 1818 1066 1880 redempti,
1092 1819 1126 1863 si
1148 1835 1237 1862 non
1266 1827 1390 1861 antea
1409 1817 1599 1876 captivi?
1619 1819 1677 1860 Et
1692 1831 1789 1860 eam

397 1889 695 1949 captivitatem
719 1890 956 1949 expressius
985 1889 1039 1932 ab
1072 1887 1281 1947 Apostolo
1305 1888 1567 1932 insinuatam
1588 1902 1639 1930 ex
1659 1886 1788 1945 Epis-

398 1959 485 2004 tola
514 1961 605 2019 ejus
627 1960 761 2003 verba
785 1959 984 2020 quaedam
1006 1969 1417 2014 commemorantes,
1442 1958 1756 2002 insinuavimus
1772 1993 1783 2013 ,

398 2038 442 2074 et
464 2030 697 2088 repetimus
721 2048 731 2076 :
753 2030 921 2074 «Video
935 2029 1062 2073 aliam
1079 2029 1217 2086 legem
1235 2030 1280 2072 in
1293 2044 1405 2072 mem
1415 2028 1498 2072 bm's
1516 2027 1620 2071 meis
1633 2042 1788 2086 repug-

400 2117 421 2142 »
456 2110 633 2145 nantem
656 2100 742 2159 legi
771 2100 924 2144 mentis
954 2115 1087 2153 meae,
1119 2108 1162 2143 et
1188 2099 1407 2158 captivum
1437 2113 1507 2141 me
1553 2097 1787 2142 ducentem

403 2190 423 2212 »
457 2171 502 2215 in
523 2171 617 2230 lege
638 2172 825 2231 peccati,
851 2187 950 2232 quae
974 2180 1036 2215 est
1070 2171 1115 2214 in
1149 2170 1359 2214 membris
1384 2170 1531 2213 meis⁵.
1558 2187 1579 2210 »
1606 2172 1702 2227 Ipsa
1725 2176 1788 2212 est

398 2242 537 2301 prima
555 2243 779 2301 captivitas
796 2252 957 2296 nostra,
976 2257 1060 2301 qua
1079 2241 1347 2300 concupiscit
1363 2240 1567 2284 adversus
1589 2239 1787 2298 spiritum

399 2313 690 2358 caro⁶.Venit
718 2322 862 2357 autem
898 2314 982 2357 hoc
1015 2312 1070 2356 de
1101 2312 1446 2373 poenapeccati,
1480 2319 1530 2354 ut
1561 2311 1694 2355 homo
1717 2309 1787 2354 ad-

399 2398 546 2428 versus
565 2383 769 2442 seipsum
789 2383 1071 2437 divideretur,
1099 2382 1176 2443 qui
1199 2382 1275 2426 uni
1299 2381 1496 2425 subditus
1519 2396 1609 2425 esse
1625 2379 1782 2424 noluit.

399 2453 518 2500 Nihil
539 2454 655 2497 enim
676 2462 767 2497 tam
789 2453 964 2512 expedit
985 2453 1140 2496 animae
1163 2467 1295 2513 quam
1316 2451 1509 2496 obedire.
1539 2453 1595 2495 Et
1610 2450 1644 2494 si
1666 2465 1787 2510 expe-

447 2556 457 2573 ¹
480 2549 561 2583 Psal.
578 2561 643 2591 mn,
661 2550 692 2582 8.
716 2567 757 2572 —
777 2556 790 2572 2
805 2549 977 2589 Matth.v1,
998 2547 1053 2591 34.
1072 2566 1114 2572 ——
1134 2546 1147 2572 3
1166 2548 1246 2581 Psal.
1268 2559 1342 2589 Lxx,
1361 2548 1412 2581 16.
1429 2565 1471 2570 —
1489 2546 1506 2575 4
1528 2559 1540 2580 1
1560 2550 1633 2582 Cor.
1658 2558 1712 2589 xv,
1728 2545 1782 2589 [46.

402 2620 444 2629 —
463 2603 477 2628 5
498 2607 590 2638 Rom.
610 2616 667 2647 vn,
689 2605 744 2638 23.
764 2622 805 2628 -
822 2603 839 2628 6
861 2605 928 2638 Gal.
957 2615 991 2646 V,
1015 2615 1066 2646 17·
