1889 3285
448 244 689 274 ENARRATIO
720 247 765 274 m
796 244 999 274 PSALMUM
1031 248 1119 274 Lvt.
1427 234 1483 272 23

108 313 201 367 Hoc
232 320 458 371 propterea
482 310 593 366 dixi,
630 311 733 370 quia
755 311 928 362 videtur
949 310 1259 370 congruentius
1287 310 1372 354 dici
1399 326 1482 370 po-

106 382 235 425 tuisse
260 401 268 425 :
289 381 564 440 Magnificata
579 389 642 425 est
661 397 799 441 usque
822 381 877 425 ad
898 381 1031 426 coelos
1052 380 1208 425 veritas
1226 390 1300 424 tua
1315 415 1326 433 ‚
1351 390 1395 425 et
1415 397 1489 425 us-

105 466 191 510 que
212 443 273 494 ad
294 450 432 494 nubes
452 449 744 494 misericordia
770 460 860 495 tua.
886 451 1034 496 Nubes
1060 450 1176 494 enim
1208 449 1489 508 intelligimus

105 521 406 580 praedicatores
439 520 652 576 veritatis,
685 522 883 565 homines
914 530 1134 581 portantes
1159 521 1283 565 istam
1314 536 1490 566 carnem

105 590 381 649 caliginosam
404 589 594 650 quodam
618 591 772 646 modo,
799 591 917 635 unde
939 594 1052 635 Deus
1073 600 1115 635 et
1137 600 1334 635 coruscat
1356 592 1488 635 mira-

105 659 233 714 culis,
257 669 300 704 et
321 669 444 704 tonat
465 660 688 720 praeceptis
710 680 719 704 2
744 670 788 704 et
808 660 888 719 ipsi
910 669 1012 704 sunt
1034 660 1120 704 illae
1151 660 1290 704 nubes
1309 660 1363 704 de
1385 661 1487 720 qui—

106 729 189 772 bus
212 728 316 773 dicit
339 732 470 773 Isa‘ias
493 744 544 772 ex
571 744 755 788 persona
776 729 974 785 Domini,
997 730 1224 789 increpans
1254 729 1489 788 quamdam

105 798 277 842 vineam
298 798 455 842 malam
471 833 483 853 ‚
508 798 719 854 sterilem,
740 799 956 858 spinosam
979 818 987 843 :
1018 818 1038 841 «
1054 799 1273 845 Mandabo
1295 798 1488 843 nubibus

109 887 130 910 »
165 870 292 923 meis,
330 884 386 912 ne
415 869 570 928 pluant
596 884 724 929 super
746 885 840 913 eam
869 869 1076 913 imbrem¹
1102 889 1111 914 :
1136 888 1155 910 »
1180 868 1227 913 id
1248 878 1337 924 est,
1362 885 1488 913 man-

105 937 221 982 dabo
258 938 473 998 Apostolis
499 939 631 995 meis,
671 948 721 982 ut
755 938 953 982 deserant
978 938 1175 992 Judaeos‚
1211 948 1254 982 et
1288 954 1376 983 non
1405 938 1488 982 illis

105 1008 398 1067 evangelizent
414 1044 426 1064 ‚
456 1009 532 1054 sed
565 1008 889 1068 evangelizent,
911 1009 956 1052 in
977 1018 1090 1053 terra
1113 1009 1229 1053 bona
1247 1010 1453 1053 Gentium
1472 1043 1484 1063 ‚

105 1078 224 1131 unde
244 1094 335 1124 non
356 1078 491 1138 spinae
516 1094 598 1123 nec
625 1079 822 1133 rhamni,
847 1078 922 1122 sed
948 1094 1044 1122 uvae
1071 1078 1325 1138 procedant.
1353 1079 1487 1124 Novi-

104 1163 201 1192 mus
225 1162 326 1206 ergo
345 1148 484 1192 nubes
511 1149 589 1192 Dei
610 1164 699 1192 esse
716 1147 1019 1207 praedicatores
1046 1149 1236 1193 veritatis
1258 1183 1268 1204 ,
1290 1149 1486 1209 Prophe-

104 1226 168 1262 tas
187 1253 198 1273 ,
219 1217 446 1277 Apostolos
464 1253 474 1273 ‚
500 1233 648 1262 omnes
668 1227 784 1262 recte
804 1217 1070 1277 proferentes
1091 1219 1274 1263 verbum
1298 1219 1489 1263 veritatis

102 1296 147 1342 et
176 1287 387 1331 habentes
419 1287 465 1330 in
497 1303 540 1330 se
577 1287 728 1331 lumen
755 1288 998 1343 occultum,
1030 1289 1142 1333 sicut
1163 1289 1328 1332 habent
1348 1289 1489 1332 nubes

104 1356 222 1401 unde
248 1366 499 1409 coruscant3
535 1358 733 1402 homines
762 1373 864 1417 ergo
893 1359 1047 1403 nubes.
1082 1359 1199 1411 Quid
1229 1358 1311 1402 sibi
1343 1358 1490 1418 itaque

104 1427 220 1482 vult,
240 1428 424 1472 Domine
447 1447 455 1472 :
476 1447 497 1470 «
507 1429 618 1482 Quia
639 1429 916 1487 magnificata
938 1439 1002 1473 est
1022 1445 1160 1490 usque
1183 1429 1238 1473 ad
1255 1428 1387 1474 coelos
1404 1430 1486 1473 mi-

107 1516 128 1538 »
162 1497 392 1542 sericordia
412 1507 509 1553 tua,
534 1507 578 1542 et
598 1514 737 1559 usque
753 1498 808 1544 ad
830 1500 969 1544 nubes
989 1501 1144 1544 veritas
1166 1502 1267 1543 tua?
1285 1519 1305 1541 »
1323 1500 1490 1544 Veritas

102 1567 329 1627 praepollet
348 1568 395 1611 in
417 1568 593 1627 Angelis
625 1588 633 1613 :
661 1569 738 1612 sed
759 1568 915 1613 dedisti
936 1569 1054 1614 illam
1075 1579 1117 1614 et
1143 1570 1394 1614 hominibus
1410 1605 1421 1625 ‚
1445 1579 1490 1614 et

103 1636 321 1682 deduxisti
343 1637 463 1681 illam
482 1653 619 1698 usque
639 1637 695 1682 ad
716 1638 868 1682 nubes.
897 1642 1074 1684 Sursum
1098 1639 1388 1684 misericordia
1421 1640 1491 1683 vi-

103 1706 263 1751 dentur
279 1706 437 1766 Angeli
458 1724 547 1752 non
568 1708 763 1767 indigere
783 1728 791 1753 :
816 1709 892 1753 sed
913 1710 1013 1769 quia
1026 1710 1224 1754 homines
1246 1711 1423 1754 miseros
1441 1719 1492 1754 tu

102 1777 316 1822 miseraris
333 1813 343 1832 ,
380 1786 423 1822 et
454 1777 692 1837 praebendo
716 1778 802 1822 illis
829 1778 1165 1823 misericordiam
1195 1780 1493 1824 communica-

102 1846 221 1891 tione
256 1847 581 1892 resurrectionis
612 1847 801 1906 Angelos
836 1846 960 1902 facis,
1001 1864 1139 1908 usque
1179 1849 1235 1892 ad
1262 1848 1395 1893 coelos
1429 1858 1494 1895 est

101 1915 394 1961 misericordia
421 1925 511 1960 tua.
539 1916 684 1961 Gloria
706 1917 892 1961 Domino
914 1927 1084 1973 nostro,
1116 1927 1159 1962 et
1186 1918 1492 1963 misericordiae

102 1985 258 2045 ipsius,
281 1996 323 2030 et
339 1985 509 2030 veritati
523 1986 679 2045 ipsius,
703 1987 807 2046 quia
831 2002 910 2031 nec
934 1987 1124 2031 deseruit
1146 2003 1224 2032 nos
1245 1988 1491 2033 miscricor-

103 2054 174 2099 dia
195 2055 337 2100 facere
354 2056 503 2100 beatos
522 2071 599 2115 per
621 2056 800 2115 gratiam
825 2072 944 2101 suam
957 2092 967 2112 ‚
987 2072 1068 2102 nec
1089 2055 1310 2102 fraudavit
1326 2074 1404 2103 nos
1416 2075 1492 2103 ve-

103 2126 228 2170 ritate
253 2146 262 2171 :
288 2126 390 2187 quia
411 2126 552 2186 primo
574 2127 731 2171 veritas
758 2142 887 2171 carne
911 2137 1062 2187 operta
1080 2129 1200 2172 venit
1223 2127 1278 2172 ad
1307 2144 1385 2173 nos
1405 2165 1416 2184 ,
1448 2139 1493 2175 et

103 2195 268 2254 sanavit
284 2211 361 2256 per
383 2211 556 2240 carnem
574 2211 694 2240 suam
712 2196 890 2241 oculum
905 2197 1157 2242 interiorem
1174 2197 1315 2242 cordis
1333 2199 1486 2254 nostri,

103 2273 154 2308 ut
175 2280 267 2309 eam
294 2274 442 2325 postea
460 2264 570 2309 facie
591 2266 646 2310 ad
667 2264 821 2310 faciem
844 2267 991 2311 videre
1019 2272 1278 2324 possemus².
1303 2271 1490 2326 Agentes

104 2349 205 2392 ergo
222 2333 284 2378 illi
303 2335 475 2392 gratias,
501 2335 694 2379 dicamus
711 2351 809 2380 cum
833 2336 926 2396 ipso
944 2337 1114 2381 Psalmo
1132 2337 1307 2382 ultimos
1321 2353 1487 2394 versus,

104 2420 213 2464 quos
221 2404 484 2465 jamdudum
501 2405 630 2449 etiam
644 2405 776 2450 dixit:
798 2425 814 2445 α
830 2405 1030 2450 Exaltare
1047 2423 1174 2467 super
1189 2407 1336 2461 coelos,
1355 2412 1486 2463 Deus,

109 2494 128 2516 »
163 2484 207 2519 et
221 2491 351 2535 super
368 2490 541 2520 omnem
561 2486 720 2520 terram
735 2476 866 2534 gloria
885 2479 1000 2521 tua³.
1025 2496 1044 2519 »
1071 2481 1163 2522 Hoc
1185 2478 1301 2522 enim
1323 2479 1360 2522 ei
1386 2479 1492 2523 dixit

154 2559 162 2574 ¹
189 2558 263 2590 Isat.
284 2570 318 2599 v,
336 2559 369 2591 6.
391 2576 431 2582 —
451 2566 464 2581 ¹
487 2571 499 2590 1
521 2561 593 2591 Cor.
614 2570 684 2600 xm,
705 2568 755 2592 12.
778 2576 819 2582 ——
841 2558 854 2583 3
873 2559 952 2593 Psal.
974 2571 1039 2601 un,
1067 2570 1116 2592 ι’),
