1889 3285
376 296 618 325 ENARRATIO
652 299 696 325 IN
728 300 930 325 Psamwm
963 301 1079 326 var.
1351 287 1435 325 245

53 363 168 408 forte
187 399 199 420 ‚
224 363 293 408 vel
321 373 499 423 propter
529 363 831 423 supplementa
855 365 1116 409 necessitatis
1132 400 1143 419 ‚
1167 365 1237 409 vel
1263 374 1440 424 propter

53 433 243 493 aliquam
265 434 560 477 infirmitatem
581 432 816 490 desiderat,
842 434 1013 478 nonnisi
1038 433 1183 478 abillo
1197 434 1427 489 desideret,

53 504 131 564 qui
149 513 212 548 est
233 503 330 548 fons
348 504 543 549 omnium
565 504 783 548 bonorum
799 513 842 548 et
862 512 1030 548 creator
1052 513 1096 548 et
1116 513 1328 549 recreator
1342 507 1443 549 uni-

51 589 289 619 versorum.

113 648 196 690 III.
234 644 319 690 Sed
340 644 422 690 alia
444 655 547 690 sunt
568 645 682 690 dona
702 661 803 706 quae
822 645 899 691 dat
916 649 1031 691 Deus
1052 654 1096 689 et
1116 645 1299 690 inimicis
1326 647 1412 690 suis
1427 681 1438 702 ‚

0 722 1 731 ¹
52 715 135 760 alia
157 731 257 775 quae
279 731 369 759 non
391 725 531 760 servat
548 716 630 759 nisi
653 716 798 760 amieis
821 717 922 761 suis.
949 719 1057 770 Quae
1084 725 1185 760 sunt
1204 715 1318 761 dona
1338 732 1438 776 quae

50 784 125 829 dat
158 785 341 830 inimicis
359 786 477 831 suis?
498 789 561 831 Ea
589 802 688 846 quae
706 787 945 831 numeravi.
974 789 1072 832 Non
1091 786 1207 830 enim
1229 785 1308 830 soli
1335 786 1442 830 boni

51 855 201 915 plenas
218 856 384 900 habent
405 856 557 901 domos
575 857 704 900 rebus
726 857 972 900 necessariis
987 892 997 911 ,
1034 865 1109 900 aut
1135 855 1214 900 soli
1238 856 1343 900 honi
1370 855 1442 901 vel

47 925 153 970 salvi
181 935 282 970 sunt
298 961 309 981 ‚
333 926 404 971 vel
425 927 479 970 ab
499 927 757 986 aegritudine
777 927 1085 972 convalescunt
1104 962 1114 982 ‚
1136 937 1211 971 aut
1232 927 1312 972 soli
1336 926 1443 972 boni

46 995 156 1041 filios
169 998 348 1053 habent,
365 997 443 1042 soli
460 998 563 1042 boni
576 998 822 1058 pecuniam,
839 997 918 1042 soli
932 997 1036 1042 boni
1047 1007 1201 1042 caetera
1214 1007 1314 1057 apta
1333 997 1438 1042 huic

45 1066 147 1111 vitae
165 1067 394 1126 temporali
413 1077 542 1128 atque
566 1067 807 1112 transeunti
835 1086 844 1112 ε
867 1067 1034 1112 habent
1055 1068 1148 1112 haec
1174 1077 1217 1112 et
1237 1068 1368 1123 mali,
1399 1076 1444 1111 et

48 1136 284 1196 aliquando
308 1136 465 1181 desunt
485 1139 634 1182 honis:
663 1137 739 1182 sed
763 1136 921 1182 desunt
945 1147 988 1181 et
1010 1138 1153 1193 malis,
1183 1147 1228 1182 et
1248 1139 1445 1197 plerum-

47 1223 135 1267 que
153 1208 241 1251 istis
259 1209 390 1265 magis
412 1225 545 1269 quam
561 1209 644 1254 illis
667 1229 675 1253 :
696 1208 1025 1269 aliquandoillis
1044 1226 1176 1269 quam
1190 1210 1278 1254 istis
1294 1213 1441 1270 potius

44 1277 291 1322 abundant.
318 1279 534 1322 Permixta
553 1279 633 1323 ista
648 1279 903 1339 temporalia
921 1283 1036 1324 Deus
1052 1295 1142 1325 esse
1154 1280 1294 1325 voluit
1311 1300 1319 1326 :
1337 1283 1440 1341 quia

43 1349 78 1393 si
100 1348 226 1392 bonis
244 1348 342 1393 solis
365 1364 414 1393 ea
437 1349 581 1405 daret,
607 1359 812 1410 putarent
834 1359 877 1394 et
897 1350 1002 1395 mali
1029 1360 1208 1410 propter
1234 1352 1330 1396 haec
1362 1369 1438 1397 co-

43 1418 223 1463 lendum
258 1423 396 1464 Deum
425 1436 602 1465 :rursus
633 1422 666 1466 si
696 1437 745 1466 ea
779 1421 877 1466 solis
905 1421 1028 1466 malis
1065 1422 1209 1479 daret,
1234 1423 1439 1470 timerent

43 1489 151 1534 boni
164 1490 323 1534 infirmi
345 1492 538 1535 converti
556 1527 567 1547 ‚
594 1508 650 1536 ne
673 1492 752 1536 ista
773 1492 856 1536 illis
873 1491 985 1536 forte
999 1493 1211 1538 deessent.
1229 1497 1307 1538 Est
1321 1496 1438 1539 enim

42 1560 186 1605 adhuc
209 1562 351 1605 anima
369 1562 540 1607 infirma
561 1563 705 1607 minus
722 1579 856 1623 capax
867 1564 989 1622 regni
1004 1565 1080 1608 Dei
1098 1599 1109 1619 ‚
1136 1565 1303 1609 nutrire
1315 1566 1436 1611 illam

41 1630 175 1676 debet
198 1635 312 1676 Deus
333 1632 521 1691 agricola
542 1642 703 1677 noster.
729 1636 839 1678 Nam
865 1643 908 1677 et
929 1649 1029 1693 quae
1050 1634 1179 1679 arbor
1199 1636 1291 1695 jam
1320 1645 1436 1681 tem-

42 1710 229 1761 pestates
252 1702 408 1746 robore
435 1703 638 1758 sustinet,
663 1718 765 1747 cum
791 1703 846 1747 de
872 1711 984 1747 terra
1008 1713 1273 1761 nasceretur,
1297 1706 1435 1752 herba

40 1780 145 1816 erat.
172 1772 302 1817 Novit
323 1787 425 1830 ergo
449 1771 523 1816 ille
545 1772 733 1832 agricola
749 1788 840 1817 non
865 1772 1007 1817 solum
1036 1774 1233 1819 robustas
1254 1775 1433 1821 arbores

39 1851 196 1901 putare
214 1851 345 1902 atque
366 1857 552 1901 purgare
575 1862 583 1886 :
608 1842 684 1886 sed
709 1843 839 1886 etiam
860 1851 1030 1888 teneras
1054 1843 1100 1888 in
1136 1847 1299 1890 recenti
1332 1856 1433 1891 ortu

39 1912 192 1971 sepire.
214 1915 446 1972 Propterea
462 1947 473 1967 ‚
496 1912 768 1957 Dilectissimi
784 1948 795 1967 ,
820 1921 871 1956 ut
883 1911 1026 1957 dicere
1040 1929 1259 1973 coeperam
1277 1951 1288 1970 ‚
1312 1917 1346 1960 si
1368 1932 1432 1961 so-

38 1982 90 2027 lis
125 1984 248 2027 bonis
283 1983 491 2028 darentur
531 1984 637 2039 ista,
668 1999 817 2028 omnes
848 1993 1025 2043 propter
1051 1985 1146 2030 haec
1179 1986 1430 2047 accipienda

39 2053 202 2097 vellent
218 2054 412 2098 converti
436 2053 491 2098 ad
513 2057 653 2098 Deum
680 2073 688 2098 ε
714 2069 859 2097 rursus
886 2054 920 2097 si
942 2053 1040 2099 solis
1061 2054 1182 2100 malis
1201 2055 1426 2114 darentur,

38 2124 242 2167 timerent
261 2125 422 2168 infirmi
438 2160 449 2179 ‚
466 2140 520 2168 ne
534 2140 635 2169 cum
649 2134 1022 2180 converterentur,
1044 2126 1294 2172 amitterent
1306 2128 1429 2188 quod

15 2200 20 2203 *
38 2193 116 2239 soli
136 2194 239 2238 mali
261 2195 488 2239 haberent.
510 2196 725 2240 Permixte
751 2196 851 2240 data
882 2203 985 2239 sunt
1005 2206 1049 2240 et
1069 2196 1195 2241 bonis
1217 2207 1260 2242 et
1286 2199 1425 2244 malis.

39 2267 204 2308 Rursus
217 2267 250 2308 si
267 2265 367 2310 solis
388 2266 514 2310 bonis
536 2265 828 2320 auferrentur,
854 2265 971 2310 idem
987 2265 1061 2310 ille
1082 2267 1211 2311 timor
1228 2279 1337 2313 esset
1357 2270 1427 2314 111-

37 2334 288 2388 firmorum‚
326 2350 380 2378 ne
421 2344 779 2379 converterentur
808 2334 863 2379 ad
887 2339 1025 2379 Deum
1049 2355 1057 2380 :
1083 2352 1230 2382 rursus
1263 2339 1297 2382 si
1325 2338 1425 2383 solis

37 2403 158 2448 maiis
176 2402 464 2459 auferrentur,
484 2405 575 2464 ipsa
588 2405 675 2450 sola
698 2421 831 2465 poena
846 2414 1073 2465 putaretur
1086 2423 1173 2467 qua
1189 2407 1292 2452 mali
1304 2409 1425 2468 plec-

37 2483 206 2517 tuntur.
232 2474 361 2527 Quod
387 2490 490 2533 ergo
513 2475 588 2519 dat
608 2491 656 2519 ea
675 2476 823 2527 bonis,
860 2476 1108 2521 consolatur
1140 2478 1388 2522 itinerantes
1410 2497 1420 2524 z

38 2543 159 2603 quod
181 2544 255 2588 dat
279 2561 327 2588 ea
348 2554 390 2588 et
418 2544 540 2589 malis
556 2581 566 2601 ,
604 2545 811 2589 admonet
836 2546 974 2591 bonos
997 2557 1046 2590 ut
1072 2547 1154 2591 alia
1179 2547 1423 2593 desiderent

40 2629 138 2672 quse
153 2629 243 2659 non
268 2614 432 2658 habent
455 2630 554 2658 cum
573 2614 694 2659 malis
714 2617 976 2660 communia.
1003 2610 1168 2660 Rursus
1191 2617 1314 2661 bonis
1338 2634 1416 2662 au-
