1889 3285
439 219 520 257 452
877 229 908 255 S.
947 230 1174 258 Auous'rim
1206 232 1386 258 Episcom

435 295 615 347 duntur,
650 301 699 336 ut
724 301 893 337 terrena
924 294 1039 338 bona
1066 294 1242 352 eligant,
1287 304 1330 339 et
1366 295 1615 354 relinquant
1636 305 1812 340 aeterna.

430 367 568 422 Ergo,
589 362 743 408 fratres
759 399 770 419 ,
796 364 842 408 in
868 380 918 409 eo
941 365 1061 425 quod
1083 364 1283 409 fraudem
1304 365 1486 421 faciunt,
1514 364 1714 410 fraudem
1739 383 1817 427 pa-

428 433 614 477 tiuntur.
657 433 787 487 Quod
809 435 1071 495 jamdudum
1093 435 1198 491 dixi,
1227 434 1394 491 fratres,
1420 435 1549 496 quale
1571 452 1645 480 cor
1665 437 1815 492 habet,

426 503 502 563 qui
521 512 571 547 ut
590 502 785 548 lucretur
800 513 979 560 vestem,
1003 504 1147 564 perdit
1165 505 1294 549 fidem
1312 507 1329 549 P
1347 505 1426 549 Ille
1448 507 1518 550 cui
1539 505 1641 550 tulit
1653 515 1817 551 vestem

427 590 576 634 passus
599 584 664 620 est
684 575 901 631 fraudem,
926 591 980 620 an
1003 576 1083 620 iste
1105 578 1181 637 qui
1208 586 1332 621 tanto
1366 576 1527 622 damno
1545 579 1818 637 percutitur?
1882 622 1886 627 ,

429 645 472 691 Si
495 646 723 705 pretiosior
745 655 809 690 est
829 647 956 691 vestis
977 647 1245 707 quamfides,
1267 648 1428 707 majore
1445 648 1605 692 damno
1626 648 1700 692 ille
1722 648 1818 692 assi-

425 716 538 761 citur
559 736 567 761 :
594 717 629 760 si
647 725 792 761 autem.
811 717 1208 776 incomparabiliter
1225 717 1331 762 fides
1345 719 1512 763 excedit
1528 727 1670 763 totum
1686 734 1818 763 mun-

432 787 560 843 dum,
585 786 659 831 ille
687 788 906 832 videbitur
936 788 1147 833 damnum
1176 789 1305 833 vestis
1325 790 1520 849 perpeti,
1544 790 1647 834 huic
1671 799 1818 834 autem

428 857 586 902 dicitur
614 877 623 902 :
652 876 670 897 «
698 858 815 911 Quid
846 857 1022 918 prodest
1050 858 1242 915 homini,
1269 859 1303 904 si
1335 868 1477 905 totum
1505 860 1723 905 mundum
1744 860 1818 905 lu-

427 947 448 971 »
484 937 654 987 cretur,
683 929 836 973 animae
859 938 1007 974 autem
1027 945 1116 974 suae
1147 929 1356 975 damnum
1379 931 1571 990 patiatur
1587 934 1632 976 ¹?
1656 950 1676 974 »
1702 933 1818 991 Ergo

423 1000 529 1061 quid
553 1000 634 1045 illis
648 1000 856 1060 contigit?
881 1020 901 1043 «
926 1004 1109 1062 Propter
1131 1001 1405 1047 dolositatem
1422 1004 1603 1062 posuisti
1625 1004 1683 1048 eis
1708 1023 1716 1048 :
1737 1003 1818 1048 de-

429 1089 449 1113 »
477 1071 620 1131 jecisti
654 1087 725 1116 eos
753 1071 860 1116 dum
888 1072 1218 1117 extollerentur.
1246 1091 1266 1114 »
1302 1076 1400 1119 Non
1429 1074 1536 1118 dixit
1574 1093 1582 1117 :
1617 1074 1818 1134 Dejeeisti

427 1158 516 1197 eos,
554 1142 657 1202 quia
674 1142 774 1186 elati
789 1151 891 1186 sunt
913 1163 920 1187 :
943 1159 1032 1187 non
1054 1143 1176 1203 quasi
1196 1152 1479 1204 posteaquam
1501 1142 1602 1188 elati
1617 1153 1720 1188 sunt
1740 1144 1818 1189 de-

423 1213 564 1274 jecisti
595 1213 716 1270 illos,
742 1213 819 1258 sed
839 1214 885 1257 in
907 1229 958 1258 eo
975 1214 1066 1273 ipso
1086 1214 1208 1274 quod
1239 1214 1340 1259 elati
1362 1223 1485 1269 sunt,
1518 1214 1675 1274 dejecti
1696 1224 1812 1260 sunt.

427 1285 496 1329 Sic
519 1284 635 1328 enim
658 1283 824 1340 efferri,
843 1285 934 1345 jam
955 1284 1109 1328 cadere
1131 1293 1220 1340 est,
1251 1303 1271 1327 «
1292 1285 1493 1344 DeJeeisti
1515 1300 1587 1330 eos
1613 1285 1721 1329 dum
1740 1301 1816 1329 ex-

426 1373 446 1396 »
484 1353 757 1399 tollerentur.
787 1373 807 1396 ›>

483 1428 623 1470 XXV.
645 1444 667 1469 ι(
691 1424 920 1479 Quomodo
939 1425 1043 1470 facti
1065 1435 1166 1470 sunt
1187 1425 1233 1469 in
1255 1425 1568 1470 desolationem
1596 1426 1812 1471 subit02?»

425 1495 677 1542 Admiratur
707 1511 835 1556 super
857 1496 936 1551 eis,
977 1495 1221 1553 intelligens
1247 1495 1293 1539 in
1315 1495 1560 1540 novissima.
1589 1515 1608 1538 «
1633 1496 1816 1541 Defece-

427 1586 447 1610 »
484 1577 601 1612 runt.
626 1585 646 1607 »
668 1569 779 1610 Vere
802 1565 1024 1626 quomodo
1046 1581 1211 1619 sumus,
1242 1565 1318 1625 qui
1347 1566 1453 1609 dum
1478 1565 1715 1621 extollitur,
1736 1566 1816 1611 de-

424 1639 531 1693 ficit,
550 1636 819 1682 defecerunt.
842 1635 1070 1690 Quomodo
1083 1636 1230 1690 dieit,‹<
1249 1634 1564 1681 DefeceruntP»
1583 1636 1817 1690 ’Quomodo

425 1710 502 1770 qui
524 1708 726 1766 intelligit
743 1708 789 1751 in
806 1708 1050 1752 novissima.
1076 1726 1096 1750 «
1123 1705 1387 1752 Defecerunt
1407 1727 1415 1752 :
1437 1708 1660 1767 perierunt
1681 1724 1816 1768 prop-

429 1798 450 1823 »
489 1790 552 1824 ter
571 1779 848 1840 iniquitatem
869 1794 1006 1823 suam.
1039 1799 1056 1820 »

483 1852 646 1894 XXVI.
671 1868 688 1890 «
711 1848 859 1893 Veluti
879 1849 1098 1894 somnium
1119 1848 1366 1907 exurgentis
1381 1849 1411 1892 ³.
1439 1868 1457 1890 »
1478 1849 1711 1902 Quomodo
1733 1849 1814 1894 de—

424 1922 655 1967 fecerunt?
678 1918 907 1973 Quomodo
928 1919 1074 1963 deficit
1091 1919 1308 1963 somnium
1330 1920 1590 1978 exurgentis.
1622 1922 1709 1964 Fac
1731 1920 1815 1964 ho-

425 1993 587 2037 minem
609 1991 655 2035 in
676 1991 835 2036 somnis
855 1989 1003 2035 videre
1015 2005 1058 2034 se
1071 1990 1286 2034 invenisse
1307 1990 1531 2034 thesauros
1558 2010 1566 2034 2
1591 1991 1710 2035 dives
1733 2000 1812 2046 est,

425 2064 501 2108 sed
537 2063 676 2107 donec
707 2060 896 2120 evigilet.
927 2079 948 2103 «
977 2060 1126 2104 Veluti
1156 2061 1375 2105 somnium
1405 2061 1647 2118 exurgentis
1673 2080 1682 2105 ι
1710 2079 1731 2102 »
1757 2063 1816 2106 sie
1856 2085 1858 2088 ·

426 2133 702 2187 deiecerunt,
730 2131 953 2193 quomodo
974 2131 1190 2176 somnium
1212 2131 1468 2191 evigilantis.
1501 2131 1719 2184 Quaeritur
1734 2133 1816 2192 igi-

428 2214 514 2260 tur,
541 2215 584 2249 et
612 2220 701 2249 non
723 2213 788 2248 est
815 2224 823 2248 :
856 2203 967 2247 nihil
983 2204 1027 2247 in
1047 2203 1266 2257 manibus,
1296 2203 1406 2246 nihil
1426 2203 1472 2246 in
1490 2201 1618 2247 lecto.
1644 2207 1815 2263 Pauper
1856 2257 1859 2262 ἦ

427 2276 675 2330 dormierat,
702 2274 819 2320 dives
841 2275 887 2318 in
910 2275 1069 2319 somnis
1090 2273 1231 2318 factus
1253 2271 1396 2317 fuerat
1417 2292 1425 2318 :
1452 2274 1484 2317 si
1506 2289 1596 2318 non
1617 2274 1816 2333 evigilas-

427 2357 506 2402 set,
533 2345 652 2390 dives
674 2354 783 2389 esset
809 2365 817 2389 :
843 2345 1076 2404 evigilavit,
1105 2344 1271 2388 invenit
1299 2359 1564 2399 aerumnam,
1589 2360 1721 2404 quam
1742 2345 1813 2388 di-
1855 2381 1858 2401 ,

427 2421 602 2462 miserat
622 2416 853 2460 dormiens.
889 2418 947 2460 Et
967 2415 1036 2459 isti
1064 2415 1286 2458 invenient
1308 2415 1519 2458 miseriam
1539 2450 1550 2469 ,
1576 2430 1708 2474 quam
1730 2415 1813 2459 sibi
1855 2460 1858 2477 1

427 2497 796 2548 comparaverant.
812 2490 925 2532 Cum
940 2484 1234 2544 evigilaverint
1250 2484 1396 2529 dehac
1408 2485 1511 2541 vita,
1535 2485 1685 2530 transit
1701 2484 1811 2530 illud
1854 2522 1861 2593 1

478 2581 483 2595 “
512 2573 622 2606 Manli.
643 2584 709 2612 xvi,
729 2572 782 2604 26.
804 2589 844 2595 --
866 2579 876 2594 ²
898 2572 962 2603 Psal
1005 2582 1103 2611 ruti,
1127 2582 1174 2611 ις).
1196 2586 1236 2593 ——-
1257 2569 1268 2593 3
1287 2587 1318 2593 ›-
1347 2570 1424 2601 lbi‹l.
1451 2579 1504 2602 ¹20.
