1889 3285
439 262 680 291 ENAnnAzrio
712 265 757 291 JN
790 263 994 293 PSALMUM
1027 265 1131 291 inr.
1373 252 1450 289 161

78 328 210 373 etiam
223 326 527 371 necessitatum
541 336 616 371 aut
623 327 957 373 tribulationum
968 363 980 384 ‚
998 327 1076 387 qui
1087 326 1213 370 nobis
1231 326 1362 370 talem
1375 326 1463 370 hae-

79 396 307 442 reditatem
321 395 503 441 daturus
525 406 590 441 est
605 432 615 453 ,
631 414 730 458 quae
747 399 928 443 transire
939 413 1029 442 non
1045 397 1207 457 possit?
1222 396 1464 441 Haeredita-

77 477 166 513 tem
187 468 304 512 enim
333 467 458 513 nobis
480 467 603 513 dabit
619 484 663 513 se
683 470 824 529 ipsum
841 474 955 515 Deus
971 504 982 524 ‚
1012 478 1063 512 ut
1088 468 1230 528 ipsum
1247 467 1466 528 possidea-

78 555 199 595 mus,
220 548 265 584 et
285 539 340 583 ab
361 539 455 599 ipso
471 539 769 599 possideamur
784 541 831 585 in
851 550 1078 585 aeternum.

137 612 218 655 XI.
252 613 368 668 Ergo
388 610 436 654 in
457 620 605 656 saneto
637 627 919 671 appareamus
946 615 1035 656 Deo
1051 646 1062 666 ,
1084 619 1134 654 ut
1156 619 1360 670 appareat
1382 626 1465 655 no-

79 680 144 725 bis
169 699 180 725 :
205 680 563 740 appareamusilli
583 681 630 724 in
644 691 791 726 saneto
814 681 1048 736 desiderio,
1067 690 1118 725 ut
1127 689 1330 740 appareat
1341 681 1466 725 nobis

80 751 126 795 in
149 751 344 810 potentia
360 759 404 795 et
424 750 559 809 gloria
581 751 681 795 Filii
698 753 790 796 Dei.
811 751 960 797 Multis
983 752 1099 795 enim
1118 767 1209 796 non
1229 751 1429 811 apparuit
1454 770 1464 795 ι

80 820 166 865 sint
186 821 232 865 in
250 830 398 865 sancto
415 856 425 875 ,
442 829 493 865 ut
504 831 709 881 appareat
731 831 773 866 et
788 821 887 866 illis.
902 824 1011 867 Nam
1028 821 1155 866 multi
1170 831 1330 881 putant
1342 820 1468 866 illum

80 890 391 936 tantummodo
411 892 636 936 hominem
657 890 812 948 fuisse,
851 893 951 952 quia
983 891 1246 952 praedicatur
1266 901 1393 936 natus
1418 907 1469 936 ex

83 961 263 1005 homine
279 996 290 1016 ‚
311 955 540 1006 crucifixus
558 970 601 1005 et
621 971 840 1016 mortuus,
866 961 1107 1006 ambulasse
1124 962 1170 1005 in
1194 971 1305 1005 terra
1320 997 1331 1017 ,
1351 977 1473 1006 man-

81 1030 260 1076 ducasse
281 1040 325 1075 et
341 1031 500 1075 bibisse
522 1040 588 1086 ‚et
610 1041 764 1076 caetera
776 1032 911 1090 egisse
927 1067 937 1086 ‚
956 1048 1055 1092 quae
1068 1041 1170 1076 sunt
1186 1033 1402 1090 humana3
1428 1041 1471 1076 et

80 1110 240 1161 putant
255 1101 381 1145 illum
400 1100 531 1146 talem
546 1102 690 1157 fuisse,
711 1101 860 1161 quales
876 1111 977 1145 sunt
998 1102 1142 1146 caeteri
1159 1102 1372 1146 homines.
1388 1105 1474 1146 Au-

82 1170 203 1216 distis
239 1181 386 1216 autem
407 1173 540 1216 modo
563 1188 663 1216 cum
686 1171 974 1231 Evangelium
996 1171 1227 1230 legeretur,
1252 1171 1475 1232 quomodo

85 1241 408 1286 commendavit
423 1243 691 1302 majestatem
707 1257 828 1286 suam
853 1262 860 1286 :
889 1261 908 1283 «
927 1245 1021 1301 Ego
1037 1251 1079 1285 et
1093 1246 1219 1287 Pater
1236 1259 1374 1287 unum
1397 1258 1474 1287 su-

84 1329 106 1353 »
139 1327 236 1356 mus
254 1315 284 1355 1.
309 1331 328 1353 »
347 1315 460 1356 Eece
481 1322 645 1373 quanta
666 1314 863 1372 majestas
892 1323 934 1357 et
960 1322 1125 1373 quanta
1146 1314 1368 1373 aequalitas
1386 1319 1471 1360 Pa-

81 1382 157 1426 tris
182 1381 404 1424 deseendit
435 1381 489 1424 ad
517 1398 691 1423 carnem
720 1392 898 1438 propter
931 1383 1224 1426 infirmitatem
1260 1395 1465 1429 nostram.

82 1454 197 1496 Eece
219 1459 433 1510 quantum
457 1448 603 1493 dilecti
629 1463 778 1492 sumus
794 1484 804 1503 ‚
837 1459 1072 1509 antequam
1107 1455 1247 1496 Deum
1273 1453 1473 1512 diligere-

83 1537 197 1566 mus.
226 1522 269 1566 Si
292 1529 528 1580 antequam
549 1522 689 1563 Deum
711 1518 988 1577 diligeremus
1005 1554 1015 1574 ‚
1045 1529 1217 1565 tantum
1235 1523 1290 1567 ab
1314 1524 1388 1569 illo
1407 1525 1474 1570 di-

83 1592 187 1636 lecti
208 1607 356 1636 sumus
372 1627 382 1647 ‚
421 1599 471 1634 ut
493 1589 708 1650 aequalem
730 1589 811 1633 sibi
829 1588 990 1632 Filium
1010 1606 1139 1633 suum
1160 1591 1383 1638 hominem
1402 1596 1471 1640 fa-

86 1671 202 1707 ceret
221 1671 400 1722 propter
420 1677 525 1716 nos,
551 1659 659 1720 quid
685 1660 810 1704 nobis
833 1668 973 1705 servavt
988 1660 1078 1719 jam
1101 1659 1381 1719 diligentibus
1401 1669 1472 1710 se?

85 1736 202 1792 Ergo
232 1732 360 1776 multi
385 1731 530 1775 nescio
563 1729 671 1791 quid
697 1730 927 1774 minimum
948 1740 1108 1789 putant
1141 1734 1389 1791 apparuisse
1425 1737 1473 1780 in

86 1813 199 1848 terra
220 1802 381 1847 Filium
402 1802 479 1846 Dei
504 1822 515 1858 3
539 1801 641 1860 quia
659 1815 749 1843 non
771 1809 872 1844 sunt
896 1800 941 1842 in
958 1810 1129 1855 sancto,
1155 1817 1245 1846 11011
1262 1804 1321 1848 eis
1338 1821 1473 1865 appa-

87 1882 152 1918 ret
181 1873 375 1933 potentia
401 1871 534 1931 ipsius
563 1879 606 1914 et
630 1870 765 1928 gloria
794 1869 927 1929 ipsius
948 1890 956 1914 :
977 1871 1023 1914 id
1043 1880 1126 1926 est,
1147 1872 1249 1932 quia
1272 1875 1472 1921 nondum

88 1943 404 1988 sanctificatum
416 1941 582 1985 habent
594 1956 684 1995 cor,
704 1939 822 1984 unde
839 1940 1084 1999 intelligant
1101 1943 1378 1989 eminentiam
1387 1948 1473 1990 vir-

86 2014 192 2059 tutis
205 2012 336 2068 illius,
361 2021 405 2056 et
427 2011 582 2070 gratias
604 2019 732 2068 agant
753 2014 859 2066 Deo,
875 2011 978 2071 quia
996 2021 1173 2071 propter
1190 2014 1302 2073 ipsos
1327 2024 1470 2062 tantus

89 2100 179 2145 quo
201 2084 340 2138 venit,
383 2081 438 2126 ad
470 2097 602 2142 quam
630 2082 901 2126 nativitatem
920 2117 931 2136 ‚
956 2081 1012 2126 ad
1033 2099 1164 2143 quam
1198 2087 1438 2144 passionem
1455 2125 1466 2145 ,

87 2171 178 2200 non
201 2162 383 2215 possunt
403 2153 549 2197 videre
574 2151 752 2210 gloriam
769 2151 900 2211 ipsius
923 2161 966 2195 et
986 2154 1226 2211 potentiam
1249 2156 1395 2215 ipsius.

147 2229 252 2270 XII.
281 2243 302 2266 «
324 2223 540 2277 Quoniam
560 2221 713 2266 melior
734 2231 798 2266 est
833 2222 1123 2268 misericordia
1154 2234 1227 2269 tua
1255 2242 1383 2288 super
1401 2230 1469 2274 vi—

72 2296 75 2300 ”
92 2315 114 2339 »
134 2305 198 2341 tas
212 2299 245 2339 ².
273 2313 294 2336 »
319 2293 471 2339 Multae
487 2302 589 2337 sunt
603 2292 703 2337 vitae
721 2293 941 2348 humanae‚
967 2293 1041 2337 sed
1062 2298 1174 2339 Deus
1192 2312 1324 2342 unam
1336 2300 1471 2345 vitam

91 2365 306 2428 promittit
332 2384 340 2410 :
365 2373 408 2409 et
439 2380 529 2409 non
549 2363 667 2408 illam
700 2364 775 2408 dat
796 2364 920 2408 nobis
953 2365 1076 2425 quasi
1111 2377 1287 2426 propter
1319 2372 1470 2416 merita

93 2447 240 2483 nostra
260 2472 270 2492 ‚
293 2435 369 2480 sed
389 2444 566 2495 propter
580 2434 918 2479 misericordiam
934 2451 1070 2479 suam.
1092 2437 1207 2489 Quid
1232 2439 1345 2483 enim
1366 2441 1472 2485 boni

95 2509 284 2567 egimus,
304 2515 355 2551 ut
375 2505 485 2550 illud
507 2506 796 2550 mereremur?
818 2508 906 2550 Aut
930 2522 1030 2566 quae
1049 2506 1164 2556 bona
1185 2508 1300 2553 facta
1323 2520 1470 2556 nostra

142 2599 151 2616 ¹
172 2595 261 2625 Joan.
278 2602 312 2634 x,
327 2592 378 2623 30.
398 2608 438 2613 —
459 2597 471 2613 ²
491 2590 568 2623 Psil.
590 2589 717 2633 Lx11,l,.

281 2655 402 2686 CXVI.
679 2671 691 2678 ψ
1241 2649 1286 2686 11
