1889 3285
417 272 657 301 nuntium
689 275 734 301 IN
765 274 968 302 PsALMtJM
1000 273 1098 301 va.
1352 261 1434 299 217

65 356 85 380 «
119 337 308 382 Jubilate
329 339 463 382 Deo¹.
493 356 512 378 »
538 338 652 390 Qui?
678 357 697 380 «
726 339 877 383 Omnis
910 347 1037 381 terra.
1060 356 1080 378 »
1107 339 1203 381 Non
1225 352 1327 395 ergo
1348 337 1436 381 sola

61 408 228 452 Judaea.
272 407 425 451 Videte
441 443 451 461 ,
482 407 655 461 fratres,
700 408 1072 468 quemadmodum
1108 406 1437 451 commendetur

60 477 311 521 universitas
333 477 534 521 Ecclesiae
556 486 648 522 toto
670 478 773 521 orbe
796 478 965 522 diffusae
985 496 993 521 ;
1015 486 1058 520 et
1079 492 1169 519 non
1196 476 1335 520 solum
1358 477 1438 521 do·-

59 547 144 590 lete
161 546 335 590 ¹Iudaeos
353 582 362 600 ,
390 547 464 606 qui
487 547 667 604 gratiam
685 547 808 591 istam
832 547 1042 591 Gentibus
1060 546 1312 589 invidebant
1328 582 1337 600 ,
1363 546 1437 589 sed

59 616 156 676 plus
177 617 400 661 haereticos
427 616 631 675 plangite.
663 618 704 661 Si
720 619 833 661 enim
857 616 1030 661 dolendi
1054 625 1155 659 sunt
1171 617 1247 675 qui
1270 615 1438 660 collecti

59 702 148 731 non
170 696 270 730 sunt
289 722 300 741 ,
328 696 493 746 quanto
516 687 699 746 amplius
722 688 797 747 qui
820 687 988 731 collecti
1012 685 1133 730 divisi
1166 687 1293 729 sunt?
1316 705 1335 727 «
1356 688 1380 729 J
1385 702 1438 729 u-

62 755 248 800 »bilate
281 760 370 801 Deo
404 757 542 801 omnis
571 766 696 800 terra.
723 776 742 798 »
776 757 886 810 Quid
920 766 1010 811 est,
1045 776 1065 798 «
1089 756 1306 800 Jubilate?
1333 774 1351 796 »
1389 760 1440 799 In

58 842 208 872 vocem
237 828 449 886 erumpite
468 827 766 886 ffgaudfflmm,
806 829 839 871 si
869 844 957 871 non
986 827 1162 887 potestis
1187 827 1435 871 verborum.

59 899 155 942 Non
177 897 291 940 enim
313 897 454 940 verbis
472 897 698 957 jubilatur,
727 896 802 942 sed
826 898 941 941 solus
969 898 1249 955 gaudentium
1275 898 1440 940 sonitus

58 967 271 1023 redditur,
290 968 413 1028 quasi
432 970 708 1027 parturientis
725 978 768 1012 et
788 969 992 1028 parientis
1017 968 1155 1013 cordis
1177 968 1373 1012 laetitiam
1395 968 1441 1011 in

57 1053 208 1082 vocem
243 1038 305 1081 rei
339 1047 559 1098 conceptae
578 1074 588 1094 ,
627 1055 725 1099 quae
755 1039 895 1084 verbis
926 1039 1130 1098 explicari
1162 1054 1251 1082 non
1289 1038 1436 1097 possit.

63 1126 83 1150 «
117 1107 308 1151 Jubilate
347 1111 437 1152 Deo
471 1109 610 1152 omnis
643 1118 755 1154 terra
785 1127 793 1151 ε
822 1128 842 1150 »
879 1125 1007 1153 nemo
1034 1109 1193 1168 jubilet
1226 1109 1271 1152 in
1300 1117 1436 1168 parte.

57 1180 218 1232 Nemo,
238 1178 439 1237 inquam,
453 1178 612 1237 jubilet
632 1179 678 1222 in
700 1189 846 1239 parte:
866 1180 1003 1224 omnis
1025 1188 1137 1222 terra
1155 1177 1330 1238 jubilet,
1355 1180 1441 1222 Ca-

57 1246 218 1291 tholica
229 1247 403 1306 jubilet.
425 1248 652 1292 Catholica
668 1258 807 1292 totum
830 1258 970 1294 tenet:
989 1250 1256 1308 quicumque
1273 1257 1442 1307 partem

61 1326 203 1372 tenet,
226 1327 269 1362 et
290 1333 314 1361 a
339 1327 430 1362 toto
455 1319 658 1377 praecisus
683 1330 768 1374 est,
793 1319 962 1364 ululare
982 1320 1103 1375 vult,
1129 1336 1217 1364 non
1234 1319 1436 1380 jubilare.

60 1405 81 1428 ι)
117 1390 141 1430 J
145 1386 309 1431 ubilate
326 1392 415 1443 Deo
438 1391 575 1432 omnis
594 1398 720 1432 terra.
740 1408 759 1430 »

118 1460 200 1500 III.
217 1477 235 1498 «
251 1457 421 1501 Psallite
439 1468 582 1502 autem
595 1460 759 1502 nomini
776 1461 899 1519 ejus².
915 1478 934 1499 »
949 1460 1065 1513 Quid
1076 1458 1207 1503 dixit?
1221 1459 1442 1503 Psallenti·

57 1526 139 1570 bus
155 1527 277 1570 vobis
293 1528 572 1572 benedicatur
584 1544 744 1572 nomen
758 1530 862 1587 ejus.
881 1529 996 1581 Quid
1009 1529 1062 1572 sit
1082 1538 1227 1572 autem
1239 1528 1437 1588 psallere,

57 1596 149 1639 heri
163 1595 265 1651 dixi,
279 1605 321 1640 et
334 1596 463 1641 credo
476 1598 719 1642 meminisse
733 1599 997 1643 Charitatem
1008 1601 1220 1642 Vestram.
1237 1598 1438 1653 Psallere,

58 1676 122 1710 est
145 1682 354 1724 organum
376 1669 504 1712 etiam
526 1685 757 1724 assumere,
784 1670 904 1730 quod
926 1669 1175 1729 psalterium
1199 1669 1374 1725 dicitur,
1400 1680 1443 1715 et

57 1736 188 1796 pulsu
217 1748 348 1799 atque
374 1755 504 1798 opere
530 1756 740 1784 manuum
764 1741 944 1785 vocibus
962 1741 1240 1785 concordare.
1270 1742 1312 1785 Si
1341 1757 1442 1799 ergo

54 1807 247 1867 jubilatis
259 1843 269 1863 ,
289 1809 409 1868 quod
426 1812 539 1853 Deus
556 1810 704 1854 audiat
721 1832 731 1867 3
752 1810 920 1869 psallite
935 1811 1081 1865 etiam,
1107 1810 1227 1870 quod
1246 1811 1442 1856 homines

59 1887 103 1921 et
123 1878 299 1922 videant
322 1888 364 1922 et
396 1878 576 1923 audiant
603 1900 611 1923 :
638 1880 713 1923 sed
742 1896 830 1924 non
858 1881 1024 1924 nomini
1054 1890 1212 1924 vestro.
1240 1900 1260 1922 «
1283 1883 1442 1926 Cavete

62 1967 82 1990 »
118 1948 391 1992 enimsacere
409 1950 622 2008 justitiam
639 1959 825 1994 vestram
849 1966 993 1994 eoram
1013 1951 1280 2006 hominibus,
1307 1961 1355 1995 ut
1376 1952 1443 1995 vi-

63 2038 83 2061 »
118 2018 306 2063 deamini
325 2020 378 2063 ab
391 2021 484 2064 eisss.
499 2039 518 2061 n
532 2024 776 2081 Etpropter
792 2023 913 2081 cujus
935 2038 1111 2077 nomen,
1129 2023 1314 2082 inquies,
1335 2023 1442 2083 psal-

60 2090 162 2144 lam,
178 2098 228 2133 ut
240 2105 329 2133 non
347 2089 574 2134 videantur
589 2092 643 2135 ab
660 2093 910 2136 hominibus
934 2109 1062 2152 opera
1077 2096 1198 2136 mea?
1221 2093 1444 2138 Attendite

61 2159 144 2203 alio
166 2159 263 2204 loco
289 2179 297 2204 :
333 2179 352 2201 «
378 2163 570 2204 Luceant
599 2177 728 2220 opera
759 2172 897 2206 vestra
923 2179 1066 2206 coram
1089 2164 1361 2218 hominibus,
1394 2174 1445 2209 ut

64 2248 83 2271 »
118 2229 295 2273 videant
312 2230 424 2274 bona
446 2231 559 2275 facta
574 2241 728 2286 vestra,
746 2242 788 2276 et
802 2232 1042 2290 glorificent
1066 2237 1236 2277 Patrem
1253 2244 1444 2278 vestrum

64 2317 84 2339 n
120 2299 196 2358 qui
218 2300 262 2342 in
277 2298 396 2343 coelis
419 2301 524 2343 est4.
551 2301 737 2345 Videant
761 2302 875 2346 bona
897 2302 1009 2347 faeta
1031 2313 1192 2358 vestra,
1226 2314 1269 2348 et
1288 2304 1444 2363 glorifi-

3 2420 8 2422 -
65 2387 85 2408 »
121 2377 237 2422 cent,
251 2387 270 2409 n
284 2384 373 2412 non
389 2385 480 2424 vos,
497 2370 570 2413 sed
590 2374 744 2414 Deum.
762 2374 869 2415 Nam
885 2373 916 2415 si
932 2383 1108 2432 propter
1118 2390 1193 2418 vos
1208 2374 1446 2432 glorifican-

62 2437 139 2482 dos
154 2437 286 2482 facitis
309 2455 436 2497 opera
452 2440 581 2495 bona,
600 2442 886 2500 respondetur
899 2443 1017 2502 quod
1040 2444 1129 2503 ipse
1154 2445 1261 2488 dixit
1273 2444 1327 2488 de
1348 2446 1445 2504 qui-

62 2507 247 2552 busdam
259 2507 436 2553 talibus:
455 2513 623 2554 «Amen
635 2511 731 2555 dico
744 2513 881 2567 vobis,
898 2523 1185 2572 perceperunt
1199 2513 1443 2559 mercedem

112 2598 119 2613 ¹
148 2592 225 2623 psal.
247 2603 319 2633 txv,
340 2601 369 2625 7..
393 2610 433 2615 -
455 2600 467 2615 ²
493 2593 574 2625 Ibid.
598 2611 639 2617 —-
655 2593 668 2617 3
693 2596 806 2627 Matth.
827 2608 875 2635 vr,
900 2608 926 2627 r.
949 2595 1017 2625 —-'·
1039 2597 1082 2628 Id.
1105 2608 1139 2637 v,
1162 2600 1211 2629 16,
