1889 3285
421 246 660 272 ENARRATlo
693 248 735 272 m·
771 248 971 273 PSALMLM
1004 249 1121 273 LXlx.
1359 238 1440 276 353

69 310 179 353 tium
197 344 208 364 ,
226 319 449 370 expectare
465 325 535 354 eos
551 310 627 369 qui
636 309 833 354 nondum
845 310 1137 355 eruceChristi
1154 312 1309 370 signati
1325 323 1442 369 sunt,

68 379 245 438 quando
267 379 505 438 signentur,
531 388 573 422 et
593 379 770 438 quando
787 381 876 439 ejus
904 380 1159 425 auctoritate
1188 381 1350 441 alligati
1369 382 1447 426 de—

67 447 211 492 sinant
232 447 390 492 furere.
411 449 621 493 Videmus
644 449 774 493 etiam
793 459 1014 509 portantes
1036 450 1082 493 in
1110 450 1254 495 fronte
1274 452 1448 510 signum

67 519 158 577 ejus
172 552 184 573 ,
218 517 346 562 simul
368 518 413 561 in
444 517 536 577 ipsa
557 518 700 562 fronte
722 528 894 578 portare
914 519 1228 578 impudentiam
1249 520 1446 566 luxuria-

67 602 189 643 rum,
220 587 460 647 diebusque
489 597 532 632 et
563 587 911 632 solemnitatibus
935 591 1177 647 Martyrum
1213 605 1303 635 non
1325 591 1448 635 exul-

0 673 5 683 ·
66 666 182 712 tare,
207 656 283 701 sed
297 656 521 701 insultare.
545 661 603 702 Et
621 659 733 703 inter
748 659 841 703 haec
864 659 1074 718 gemimus
1090 695 1101 715 ,
1126 669 1169 704 et
1189 661 1283 705 haec
1299 676 1447 720 perse-

66 727 185 771 cutio
204 736 351 771 nostra
369 736 454 783 est,
480 728 515 771 si
531 737 595 772 est
614 729 659 772 in
677 729 801 773 nobis
820 729 1003 773 charitas
1022 745 1122 789 quae
1143 730 1284 775 dicat:
1305 732 1448 785 «Quis

70 815 91 839 »
125 798 383 854 infirmatur,
419 807 463 842 et
493 815 583 843 non
616 816 696 858 ego
716 800 945 845 infirmor?
977 801 1082 854 Quis
1113 801 1445 858 scandalizatur,

69 886 91 909 »
125 877 169 911 et
194 884 285 913 non
309 884 390 928 ego
409 885 512 913 uror
527 871 608 911 15²»
638 869 793 914 Nullus
816 885 916 928 ergo
935 886 1080 915 servus
1103 872 1180 915 Dei
1197 871 1287 916 sine
1303 888 1448 932 perse-

66 938 242 983 cutione
265 958 275 984 ;
299 954 542 999 verumque
562 949 626 984 est
645 939 755 983 illud
773 939 893 1000 quod
905 939 1138 1000 Apostolus
1157 941 1217 985 ait
1236 962 1245 986 :
1269 962 1290 985 «
1308 943 1393 988 Sed
1405 953 1448 988 et

68 1027 90 1049 »
124 1024 273 1053 omnes
295 1009 372 1069 qui
392 1009 548 1054 volunt
568 1010 613 1053 in
628 1010 800 1054 Christo
822 1010 892 1069 pie
908 1010 1050 1054 vivere
1066 1045 1077 1065 ,
1101 1014 1448 1070 persecutionem

68 1095 90 1120 »
123 1079 370 1137 patientur²
391 1081 409 1123 Ρ
434 1097 454 1120 »
476 1079 643 1123 Videris
664 1078 804 1134 unde,
838 1078 997 1124 videris
1024 1081 1269 1140 quomodo,
1295 1082 1450 1129 diabo-

0 1169 2 1184 ·
63 1145 132 1191 lus
160 1147 234 1192 ille
255 1148 448 1193 biformis
466 1158 544 1192 est,
575 1152 664 1192 Leo
687 1149 811 1193 estin
832 1148 1020 1208 impetn,
1045 1150 1176 1195 draco
1198 1151 1244 1196 in
1265 1151 1445 1198 insidiis.

65 1220 153 1261 Leo
176 1218 380 1274 minetur,
406 1218 605 1262 inimicus
622 1227 686 1262 est
706 1237 715 1262 :
740 1218 870 1263 draco
890 1218 1132 1275 insidietur,
1147 1221 1348 1267 inimicus
1367 1233 1446 1268 est.

66 1288 251 1341 Quando
287 1305 366 1333 nos
397 1290 568 1333 securi?
607 1293 719 1333 Ecce
748 1290 854 1333 fiant
873 1305 1022 1334 omnes
1044 1291 1296 1348 Christiani,
1316 1310 1451 1338 num-

65 1358 172 1417 quid
200 1367 243 1401 et
269 1357 469 1402 diabolus
491 1358 757 1403 Christianus
779 1359 891 1403 erit?
915 1363 1098 1404 Tentare
1119 1377 1220 1420 ergo
1244 1379 1334 1407 nou
1358 1380 1452 1409 ces-

65 1437 150 1482 sat,
178 1428 371 1472 insidiari
391 1445 481 1473 non
511 1438 659 1473 cessat.
687 1429 933 1474 Infrenatus
951 1440 1015 1475 est
1035 1440 1165 1492 atque
1192 1432 1382 1494 illigatus
1403 1436 1450 1481 in

66 1497 271 1542 cordibus
305 1499 561 1557 impiorum,
597 1514 652 1542 ne
688 1500 835 1543 saeviat
861 1500 907 1543 in
928 1500 1188 1557 Ecclesiam,
1213 1512 1256 1547 et
1295 1514 1450 1549 autum

65 1567 196 1612 faciat
211 1577 426 1628 quantum
450 1568 560 1613 vult.
583 1571 795 1612 Fremunt
821 1569 972 1614 dentes
994 1570 1229 1630 impiorum
1247 1574 1451 1620 adversus

66 1638 320 1695 dignitatem
341 1637 546 1683 Ecclesiae
563 1648 605 1682 et
624 1654 776 1697 pacem
792 1639 1158 1697 Christianorum,
1178 1652 1222 1686 et
1243 1635 1345 1703 quia
1360 1661 1452 1690 non

65 1708 232 1752 habent
259 1707 368 1768 quid
397 1718 524 1766 agant
550 1708 789 1764 saeviendo,
819 1709 1016 1754 saltando
1032 1745 1043 1765 ,
1075 1711 1419 1771 blasphemando
1437 1752 1449 1773 ,

64 1778 351 1833 luxuriando,
389 1794 479 1823 non
506 1777 734 1835 impellunt
766 1795 947 1838 corpora
975 1781 1317 1828 Christianorum
1336 1821 1348 1841 ,
1374 1787 1453 1832 sed

65 1848 257 1892 lacerant
274 1848 436 1893 animas
450 1849 808 1893 Christianorum.
842 1848 1089 1894 Clamemus
1111 1866 1213 1910 ergo
1235 1869 1322 1898 una
1344 1870 1452 1901 voce

67 1933 217 1962 omnes
230 1919 362 1962 verba
371 1918 466 1962 haec
483 1934 492 1959 ε
512 1921 674 1972 «Deus,
695 1917 740 1961 in
752 1917 820 1978 adj
829 1919 1020 1962 utorium
1038 1935 1185 1964 meum
1198 1922 1449 1970 intende³.»

67 1989 186 2047 Opus
209 1987 324 2031 enim
352 1987 562 2031 habemus
585 1987 847 2046 sempiterno
865 1987 1078 2048 adjutorio
1099 1991 1145 2034 in
1169 1991 1251 2037 isto
1270 1996 1446 2041 saeculo.

68 2057 253 2111 Quando
276 2067 422 2102 autem
443 2058 554 2102 non!
589 2057 723 2103 Modo
751 2067 897 2102 tamen
927 2060 972 2103 in
1008 2060 1289 2108 tribulatione
1320 2067 1451 2124 positi

67 2128 251 2172 maxime
272 2128 466 2173 dicamus
487 2148 495 2173 :
518 2147 538 2170 «
553 2131 683 2184 Deus,
699 2129 746 2172 in
766 2128 1030 2189 adjutorium
1054 2147 1201 2176 meum
1221 2134 1447 2180 intende.»

126 2202 209 2243 III.
248 2218 268 2241 «
302 2197 668 2254 Confundantur,
710 2208 753 2243 et
786 2210 1064 2245 revereantur
1089 2237 1100 2257 ,
1136 2205 1213 2263 qui
1245 2218 1451 2266 quaerunt

70 2286 92 2310 »
128 2269 314 2312 animam
343 2284 487 2312 meam
500 2270 532 2312 4.
568 2287 589 2310 »
620 2269 817 2314 Christus
850 2269 957 2315 dicit
983 2290 992 2316 :
1027 2273 1115 2317 sive
1142 2285 1272 2334 caput
1304 2277 1448 2334 dicat,

70 2338 158 2382 sive
180 2353 336 2397 corpus
358 2337 496 2395 dicat,
511 2338 585 2382 ille
613 2337 719 2382 dicit
735 2373 746 2394 ,
773 2340 849 2399 qui
873 2339 999 2386 dixit:
1031 2360 1051 2383 «
1077 2342 1190 2395 Quid
1216 2360 1286 2389 me
1308 2362 1453 2406 perse-

74 2426 96 2450 »
132 2408 332 2468 queris⁵P
360 2429 377 2450 »
403 2408 481 2453 Ille
502 2408 635 2465 dicit,
659 2410 736 2470 qui
755 2410 890 2457 dixit:
912 2431 932 2454 «
952 2414 1060 2460 Cum
1086 2415 1163 2459 uni
1186 2431 1238 2460 ex
1263 2418 1453 2465 minimis

120 2509 129 2526 ¹
150 2512 170 2536 2
199 2506 271 2536 Cor.
298 2515 342 2544 xi,
365 2514 418 2548 29.
440 2520 481 2527 —
500 2511 514 2527 ²
533 2513 552 2537 2
569 2504 650 2537 Tim.
665 2515 711 2547 m,
735 2514 786 2538 12.
812 2504 881 2529 —3
905 2507 985 2540 Psal.
1007 2519 1089 2550 unx,
1114 2520 1143 2541 2.
1162 2528 1204 2534 —
1224 2510 1240 2540 4
1259 2512 1338 2545 lbid.
1357 2514 1386 2546 3.
1408 2533 1450 2540 —

14 2546 16 2559 ¹
73 2574 115 2580 -
132 2557 147 2581 5
165 2557 354 2599 Act.1x‚4.

263 2623 383 2653 cxw.
1216 2623 1265 2660 23
