1889 3285
380 197 464 233 292
820 207 853 232 s.
890 205 914 231 Α
923 206 1120 232 oeus-mm
1152 206 1333 233 Eriscom

374 271 568 313 sanaret?
587 268 673 312 Sed
688 283 742 311 ne
756 276 1001 312 occurreret
1016 267 1290 326 cogitationi:
1305 269 1395 313 Cur
1411 282 1513 326 ergo
1530 268 1756 323 morimur,

373 339 407 383 si
435 353 511 397 per
536 338 625 397 ejus
650 337 827 395 gratiam
850 336 956 381 salvi
977 337 1080 381 facti
1101 340 1278 382 sumus?
1305 339 1517 382 continuo
1541 338 1726 397 subjecit
1747 357 1757 382 :

378 428 399 451 «
431 411 489 452 Et
504 407 678 452 Domini
699 407 835 451 exitus
857 406 1006 451 mortis
1027 425 1035 451 z
1067 427 1085 448 »
1110 416 1319 467 tanquam
1337 407 1501 452 diceret
1521 427 1529 451 :
1556 407 1672 460 Quid
1692 407 1761 450 in-

373 477 563 537 dignaris
597 477 790 520 humana
822 476 1015 521 conditio
1046 477 1207 521 habere
1239 486 1281 521 te
1317 478 1480 521 exitum
1507 477 1683 522 mortis?
1704 480 1761 521 Et

372 547 548 592 Domini
569 547 634 591 tui
650 547 787 591 exitus
805 562 894 591 non
918 545 1026 590 alius
1047 562 1180 607 quam
1201 547 1353 591 mortis
1374 546 1474 591 fuit.
1492 547 1642 592 Potius
1660 561 1760 605 ergo

371 616 596 663 consolare
612 633 744 678 quam
762 616 1015 674 indignare:
1042 633 1143 662 nam
1169 637 1189 660 «
1212 621 1270 662 Et
1286 617 1460 662 Domini
1488 618 1628 662 exitus
1648 632 1763 661 mor-

374 707 395 730 »
430 688 499 733 tis.
528 690 611 747 Spe
635 687 749 731 enim
769 685 874 731 salvi
889 685 992 731 facti
1009 703 1156 731 sumus
1182 706 1190 731 ε
1217 687 1251 731 si
1272 695 1417 731 autem
1439 686 1561 747 quod
1581 702 1671 731 non
1692 686 1760 731 vi-

374 776 395 800 »
430 757 584 802 demus
609 773 830 818 speramus
848 792 858 812 ,
895 771 971 816 per
997 757 1251 816 patientiam
1280 759 1598 816 expectamus1.
1627 775 1647 797 »
1683 760 1764 801 Pa-

371 828 528 872 tienter
550 843 629 886 ego
653 828 783 872 etiam
796 828 933 887 ipsam
956 835 1142 871 mortem
1159 824 1347 870 feramus
1361 861 1371 880 ,
1396 825 1512 870 illius
1532 826 1729 886 exemplo
1747 861 1758 881 ,

373 899 449 958 qui
468 897 571 943 licet
596 896 718 942 nullo
750 906 929 957 peccato
951 905 1060 941 esset
1081 895 1254 940 debitor
1284 897 1456 951 mortis,
1488 905 1531 940 et
1552 897 1763 941 Dominus

372 980 497 1025 esset,
518 987 541 1015 a
564 986 653 1031 quo
675 985 804 1014 nemo
827 969 1015 1013 animam
1032 967 1220 1023 tolleret,
1241 966 1316 1010 sed
1338 967 1429 1026 ipse
1451 982 1546 1010 eam
1569 982 1593 1010 a
1610 975 1764 1010 semet-

371 1041 466 1100 ipso
484 1050 686 1099 poneret,
712 1041 840 1084 etiam
860 1040 993 1100 ipsius
1008 1039 1092 1083 fuit
1113 1039 1250 1082 exitus
1268 1039 1432 1082 mortis.

433 1112 576 1155 XXX.
607 1129 628 1151 «
651 1113 963 1154 Verumtamen
987 1113 1101 1153 Deus
1124 1108 1430 1168 conquassabit
1452 1107 1592 1167 capita
1615 1106 1762 1150 inimi-

375 1200 396 1222 »
432 1194 585 1224 corum
621 1193 798 1223 suorum
815 1213 826 1233 ,
869 1179 1076 1221 verticem
1111 1177 1254 1235 capilli
1285 1176 1682 1235 perambulantium
1718 1176 1763 1220 in

376 1268 396 1292 »
433 1249 601 1294 delictis
633 1249 718 1293 suis
733 1252 750 1274 '³
770 1267 778 1293 ι
801 1266 822 1289 »
848 1248 894 1292 id
920 1257 1009 1302 est,
1041 1247 1167 1291 nimis
1202 1262 1246 1290 se
1281 1246 1608 1301 extollentium,
1636 1246 1763 1290 nimis

373 1320 721 1381 superbientium
742 1320 788 1362 in
809 1317 978 1362 delictis
1000 1318 1086 1361 suis
1109 1336 1117 1361 :
1145 1318 1190 1361 in
1219 1318 1378 1376 quibus
1401 1316 1551 1361 saltem
1575 1316 1762 1361 humiles

374 1406 463 1436 esse
485 1390 722 1444 deberent,
760 1388 952 1432 dicentes
974 1404 982 1429 z
1012 1407 1031 1428 «
1056 1387 1266 1442 Domine,
1296 1387 1509 1446 propitius
1537 1396 1628 1431 esto
1655 1386 1763 1429 mihi

375 1481 395 1503 »
430 1461 665 1520 peccatori.
683 1479 702 1501 »
732 1457 815 1504 Sed
832 1458 1137 1518 conquassabit
1159 1473 1310 1502 eorum
1329 1457 1489 1517 capita:
1511 1476 1530 1499 ι(
1551 1457 1763 1511 Quoniam

377 1551 397 1573 »
434 1531 511 1589 qui
534 1545 578 1573 se
599 1530 781 1583 exaltat,
806 1527 1149 1573 humiliabitur&
1173 1546 1192 1569 »
1219 1530 1281 1571 Ac
1304 1543 1381 1587 per
1402 1529 1485 1572 hoc
1502 1527 1698 1587 quamvis
1721 1535 1766 1571 et

373 1599 549 1647 Domini
571 1600 624 1643 sit
645 1599 781 1643 exitus
802 1598 952 1642 mortis
970 1617 978 1642 :
999 1607 1146 1641 tamen
1163 1597 1281 1641 idem
1303 1597 1528 1651 Dominus,
1554 1598 1764 1655 quoniam

372 1676 488 1716 Deus
517 1680 605 1725 est,
631 1678 674 1713 et
698 1668 923 1713 voluntate
940 1703 950 1722 ,
977 1683 1065 1711 non
1087 1667 1339 1709 necessitate
1355 1700 1365 1719 ,
1398 1664 1639 1708 secundum
1667 1681 1763 1709 car-

374 1757 474 1787 nem
498 1750 696 1785 mortuus
721 1749 784 1784 est
802 1758 811 1782 ;
837 1757 857 1779 «
872 1736 1192 1795 Conquassabit
1214 1736 1354 1795 capita
1375 1735 1649 1780 inimicorum
1667 1752 1764 1781 suo-

376 1832 397 1855 »
434 1826 555 1866 rum,
582 1829 601 1850 »
633 1825 723 1853 non
752 1807 893 1852 solum
921 1822 1072 1850 eorum
1109 1806 1184 1865 qui
1217 1806 1421 1850 crucifixo
1459 1805 1691 1850 iuudentes
1721 1816 1764 1852 et

372 1889 596 1926 moventes
618 1878 760 1938 capita
785 1876 991 1922 dicebant
1013 1895 1021 1920 :
1052 1895 1068 1915 «
1099 1875 1141 1920 Si
1161 1875 1296 1920 Filius
1318 1876 1395 1920 Dei
1417 1885 1501 1932 est,
1529 1876 1763 1921 descendat

375 1973 396 1996 >›
432 1951 487 1996 de
509 1966 660 2007 cruce3
679 1969 698 1991 »
717 1947 793 1993 sed
810 1948 936 1992 etiam
961 1947 1157 1991 omnium
1175 1946 1477 1991 extollentium
1496 1963 1541 1991 se
1559 1948 1763 1992 adversus

371 2022 618 2068 doctrinam
638 2021 744 2080 ejus,
763 2029 806 2063 et
827 2028 1035 2077 tanquam
1057 2025 1243 2061 mortem
1264 2017 1450 2061 hominis
1466 2016 1757 2062 irridentium.

371 2092 496 2139 Idem
519 2091 680 2151 quippe
702 2090 791 2149 ipse
813 2088 867 2132 de
889 2103 977 2147 quo
997 2087 1163 2131 dictum
1186 2095 1269 2130 est:
1288 2105 1306 2127 »
1331 2086 1448 2131 Alios
1470 2086 1608 2131 salvos
1629 2087 1757 2143 fecit,

372 2182 393 2205 »
429 2161 707 2220 semetipsum
728 2174 818 2203 non
837 2166 978 2217 potest
999 2156 1166 2201 salvum
1188 2154 1367 2199 facere&
1390 2160 1503 2199 Deus
1521 2165 1584 2200 est
1599 2157 1760 2201 sanita-

371 2253 392 2275 »
429 2241 524 2276 tum
541 2240 801 2284 nostrarum,
823 2238 865 2272 et
881 2231 993 2272 Deus
1021 2236 1084 2270 est
1106 2226 1243 2270 salvos
1259 2224 1471 2269 faciendi:
1495 2243 1513 2266 »
1533 2226 1607 2270 sed
1625 2241 1759 2286 prop-

371 2315 433 2351 ter
453 2301 710 2347 humifitatis
732 2309 775 2343 et
796 2298 1015 2359 patientiae
1038 2297 1352 2341 documentum
1375 2306 1417 2340 et
1439 2298 1649 2355 sanguine
1677 2313 1756 2342 suo

370 2373 608 2419 delendum
641 2380 890 2415 nostrorum
921 2368 1258 2426 chirographum
1290 2376 1595 2426 peccatorum,
1626 2369 1756 2411 etiam

419 2464 427 2480 ¹
450 2460 541 2489 Rom.
561 2466 631 2496 vui,
650 2453 704 2496 24.
726 2470 765 2477 -
789 2460 801 2477 ²
819 2452 901 2484 I‘sal.
922 2463 1012 2491 van,
1035 2459 1087 2481 22.
1102 2467 1143 2473 —
1158 2448 1170 2473 3
1187 2452 1267 2482 Luc.
1287 2460 1376 2491 xviii,
1400 2450 1452 2491 13,
1478 2449 1528 2492 ¹4·
1546 2467 1585 2472 —
1604 2449 1619 2480 4
1639 2450 1753 2482 matth.

372 2527 433 2548 xxv
448 2526 470 2550 1,
490 2512 532 2555 [fo
549 2517 581 2544 et
599 2511 652 2553 ..ξε
