1889 3285
465 262 706 291 ENARRATIO
738 265 782 291 m
816 264 1017 293 PsALMUM
1050 265 1152 291 [vn.
1437 252 1491 290 53

111 330 145 373 si
168 338 468 373 convertamus
501 346 600 384 nOS‚
632 329 827 374 aufertur
847 332 907 375 ira
925 366 935 386 ‚
961 330 1182 390 praebetur
1212 329 1361 387 gratia.
1393 331 1492 374 Non

111 400 172 443 vis
194 399 409 457 converti3
425 399 546 444 addis
563 400 690 444 etiam
708 416 835 460 super
851 400 895 445 id
917 399 1036 461 quod
1051 408 1177 444 natus
1194 414 1258 443 es:
1280 408 1492 460 tanquam

109 469 152 512 in
175 470 236 514 ira
254 470 512 514 combiberis
529 471 574 514 in
596 471 799 530 praesenti
824 480 1031 530 tempore.

165 542 288 583 XXI.
311 541 541 598 Agnoscite
558 554 659 598 ergo
676 541 801 584 istam
821 556 1013 600 poenam,
1039 548 1082 584 et
1105 538 1289 597 gaudete
1311 554 1386 584 vos
1403 555 1494 584 non

107 625 196 653 esse
210 610 256 653 in
276 610 356 653 hac
380 625 511 669 poena
534 625 682 654 omnes
699 611 773 670 qui
802 611 1008 670 proficitis
1023 646 1033 664 ,
1060 625 1208 654 omnes
1231 610 1306 669 qui
1327 609 1492 653 intelli-

108 679 204 737 gitis
234 689 277 723 et
299 680 448 723 amatis
470 680 692 724 veritatem
707 715 717 734 ,
749 695 897 739 omnes
920 680 996 740 qui
1018 679 1116 739 plus
1144 681 1188 722 in
1211 679 1332 723 vobis
1360 680 1490 724 vultis

106 749 329 793 victoriam
360 750 549 794 veritatis
572 765 702 809 quam
731 759 915 795 vestram
933 785 943 804 ,
975 750 1048 809 qui
1072 765 1159 793 non
1191 749 1390 793 clauditis
1413 749 1493 794 ad-

104 834 249 863 versus
266 820 488 863 veritatem
506 835 630 864 aures
643 829 819 874 vestras,
836 821 889 863 de
910 819 1186 879 praesentium
1203 819 1491 865 delectatione

105 899 146 933 et
168 890 222 933 de
250 890 567 949 praeteritorum
596 891 893 934 recordatione
921 909 930 935 :
968 906 1022 934 ne
1041 891 1130 934 sitis
1157 890 1273 935 canis
1296 906 1489 935 reversus

105 959 158 1003 ad
181 975 309 1004 suum
335 961 592 1004 vomitum¹.
620 962 779 1004 Omnes
802 961 907 1004 tales
929 961 1005 1020 qui
1027 960 1125 1004 estis
1140 995 1151 1014 ‚
1179 961 1321 1004 videte
1337 976 1490 1020 poenas

103 1045 252 1074 eorum
280 1031 356 1090 qui
380 1031 486 1075 tales
505 1047 593 1076 non
621 1040 722 1074 sunt
738 1066 750 1086 e
776 1039 820 1074 et
842 1030 1042 1089 gaudete.
1069 1030 1226 1074 Adhuc
1249 1031 1490 1075 inferorum

101 1117 245 1161 poenae
275 1118 364 1146 non
396 1113 637 1156 venerunt,
670 1101 813 1146 adhue
845 1101 955 1160 ignis
990 1111 1177 1145 aeternus
1211 1118 1299 1146 non
1332 1103 1448 1147 venit
1476 1122 1485 1148 :

101 1181 321 1230 comparet
343 1173 417 1231 qui
435 1172 606 1231 proficit
622 1172 665 1215 in
684 1175 773 1215 Deo
795 1168 839 1215 ἑο
863 1171 993 1216 modo
1013 1186 1112 1215 cum
1131 1172 1265 1231 impio
1280 1207 1290 1226 ‚
1321 1187 1485 1216 caecum

100 1257 173 1286 cor
191 1257 292 1285 cum
313 1241 559 1286 illuminato
585 1241 715 1286 corde
745 1261 753 1286 ;
780 1250 1028 1300 comparate
1051 1241 1182 1297 duos,
1204 1242 1422 1286 videntem
1445 1253 1489 1287 et

98 1327 187 1355 non
204 1311 425 1356 videntem
446 1313 489 1356 in
507 1328 650 1357 carne.
677 1315 733 1355 Et
755 1311 862 1372 quid
888 1327 1089 1369 magnum
1113 1321 1176 1356 est
1190 1313 1294 1356 visio
1319 1314 1486 1357 carnis?

98 1382 322 1442 Numquid
360 1383 515 1427 Tobias
543 1383 735 1426 habebat
770 1397 946 1426 carneos
979 1382 1159 1426 oculos?
1188 1383 1322 1427 Filius
1356 1384 1488 1444 ipsius

98 1452 308 1506 habebat,
331 1462 374 1496 et
396 1451 470 1496 ille
491 1469 581 1498 non
597 1452 816 1509 habebat3
842 1461 885 1496 et
901 1452 1016 1497 viam
1039 1453 1138 1496 vitae
1161 1469 1300 1497 emens
1317 1453 1487 1497 videnti

98 1522 353 1566 ostendebat
366 1526 397 1566 ².
419 1525 533 1581 Ergo
555 1525 680 1566 istam
696 1538 872 1581 poenam
895 1522 1072 1582 quando
1093 1523 1246 1567 videtis
1265 1559 1274 1578 ‚
1302 1523 1487 1582 gaudete

97 1592 197 1652 quia
212 1592 257 1636 in
279 1591 352 1636 illa
376 1608 465 1636 non
487 1593 600 1636 estis.
630 1597 862 1650 Propterea
892 1592 996 1635 dicit
1022 1594 1242 1651 Scriptura
1266 1614 1273 1636 :
1305 1614 1323 1634 «
1341 1598 1486 1639 Laeta-

101 1680 120 1702 »
156 1662 449 1721 biturjustuS,
471 1677 571 1706 cum
595 1661 749 1706 viderit
770 1660 1024 1705 vindictam.
1054 1680 1074 1702 »
1099 1665 1197 1707 Non
1219 1662 1336 1706 illam
1358 1664 1484 1708 futu-

96 1747 187 1775 ram
211 1751 219 1776 :
246 1747 345 1775 nam
369 1731 467 1775 vide
489 1730 598 1792 quid
632 1730 828 1791 sequitur
857 1750 866 1775 z
897 1749 915 1771 «
945 1733 1099 1776 Manus
1132 1747 1228 1777 suas
1249 1732 1413 1777 lavabit
1439 1735 1486 1779 in

99 1820 119 1842 »
154 1801 363 1860 sanguine
380 1801 661 1860 peccatoris?
686 1820 705 1841 n
723 1800 839 1853 Quid
860 1810 923 1844 est
937 1801 1049 1845 hoc?
1070 1802 1275 1847 Intendat
1289 1804 1486 1850 Charitas

96 1873 260 1915 Vestra.
299 1870 524 1931 Numquid
563 1870 740 1930 quando
773 1870 991 1914 feriuntur
1024 1872 1252 1916 homicidae
1268 1909 1278 1927 ‚
1320 1873 1485 1919 debent

96 1940 200 1986 illuc
218 1942 468 1985 innocentes
495 1941 577 1993 ire,
605 1950 647 1984 et
670 1939 812 1984 lavare
837 1957 989 1985 manus
1012 1944 1138 1986 suas?
1159 1942 1241 1987 Sed
1261 1944 1369 2004 quid
1393 1954 1481 2000 est,

99 2030 118 2053 «
155 2015 206 2055 In
240 2012 447 2069 sanguine
469 2011 703 2070 peccatoris
734 2010 899 2055 lavabit
931 2027 1084 2056 manus
1120 2015 1244 2057 suas?
1276 2033 1295 2055 »
1334 2017 1485 2060 Justus

94 2081 270 2141 quando
292 2082 410 2126 videt
438 2097 613 2141 poenam
637 2081 874 2141 peccatoris
891 2116 902 2134 ‚
928 2082 1100 2140 proficit
1123 2082 1212 2142 ipse
1248 2103 1256 2127 :
1293 2094 1336 2129 et
1370 2101 1484 2131 mors

96 2150 270 2195 alterius
286 2151 401 2195 valet
421 2151 475 2195 ad
494 2151 625 2195 vitam
646 2149 835 2195 alterius.
857 2151 898 2195 Si
916 2152 1029 2195 enim
1047 2152 1297 2211 spiritaliter
1314 2156 1484 2213 sanguis

95 2221 229 2265 currit
256 2220 310 2264 de
330 2220 397 2265 his
420 2221 495 2281 qui
518 2221 776 2265 intrinsecus
806 2220 1075 2276 moriuntur,
1102 2231 1151 2266 tu
1179 2223 1330 2268 videns
1352 2225 1484 2271 talem

95 2289 329 2334 vindictam
341 2326 352 2344 ,
369 2290 464 2335 lava
480 2289 568 2335 illie
590 2306 744 2334 manus
762 2299 880 2348 tuas3
896 2289 951 2334 de
965 2301 1122 2336 caetero
1146 2293 1350 2339 mundius
1365 2295 1479 2341 vive.

94 2363 151 2404 Et
172 2360 393 2420 quomodo
414 2359 577 2404 lavabit
595 2376 749 2404 manus
767 2376 878 2415 suas,
903 2361 936 2404 si
954 2362 1095 2420 justus
1117 2365 1206 2407 est?
1227 2364 1344 2417 Quid
1367 2368 1483 2410 enini

97 2430 227 2474 habet
248 2430 293 2473 in
309 2431 510 2474 manibus
529 2430 648 2490 quod
669 2430 853 2485 lavetur,
871 2432 903 2474 si
920 2432 1062 2490 justus
1085 2435 1178 2477 est?
1200 2453 1219 2475 «
1244 2435 1327 2478 Sed
1340 2435 1482 2494 justus

99 2517 119 2540 »
154 2516 203 2543 ex
222 2500 307 2544 fide
322 2500 468 2545 vivit&
493 2518 511 2541 »
538 2503 559 2544 J
567 2509 681 2545 ustos
707 2516 808 2559 ergo
831 2501 939 2546 dixit
958 2501 1129 2547 fideles:
1152 2513 1194 2548 et
1216 2520 1266 2547 ex
1289 2520 1377 2564 quo
1391 2506 1480 2564 jam

147 2591 151 2606 ¹
181 2597 188 2615 ι
214 2587 299 2616 Petr.
321 2593 432 2625 11,2'2.
452 2602 492 2607 —
509 2592 521 2608 ²
542 2584 934 2627 Tol›.1v‚1.—3t‘sal.
961 2599 1034 2629 mn,
1055 2599 1105 2621 11.
1126 2607 1167 2611 —
1191 2588 1203 2618 4
1223 2591 1311 2621 nom.
1341 2601 1364 2630 ι,
1392 2601 1440 2631 ¹7-
