1889 3285
387 162 472 202 230
825 170 859 199 s.
895 170 1126 200 mensum
1156 173 1338 202 Emscom

391 249 455 284 est
474 239 580 293 hoc,
606 237 789 282 fratres?
809 236 920 298 quid
941 238 1195 298 deprecatus
1216 241 1304 284 est?
1325 240 1508 297 Magnus
1533 247 1597 284 est
1611 247 1770 299 puteus

384 307 661 369 profunditas
681 308 924 368 iniquitatis
945 308 1150 352 humanae
1179 328 1189 354 ε
1213 308 1318 354 illuc
1339 309 1523 370 quisque
1543 309 1578 352 si
1599 308 1769 354 cecide-
1836 327 1837 331 ¹
1878 300 1889 314 “

383 381 460 435 rit,
483 380 530 423 in
553 379 690 423 altum
712 378 852 424 cadet.
895 378 979 424 Sed
1005 388 1150 423 tamen
1171 380 1233 423 ibi
1256 380 1442 439 positus,
1478 380 1513 424 si
1538 381 1770 425 confitetur
1837 406 1839 411 <

381 459 559 510 peccata
577 454 666 495 Deo
693 465 787 506 suo,
802 466 894 495 non
909 465 1038 509 super
1051 464 1151 494 eum
1173 449 1347 495 claudet
1360 460 1518 511 puteus
1540 466 1586 496 os
1608 444 1736 495 s’uum
1756 470 1766 497 ε

381 529 434 564 ut
454 529 518 565 est
542 520 589 577 in
611 520 695 565 alio
716 520 909 581 quodam
932 519 1104 565 Psalmo
1127 520 1336 580 scriptum
1363 540 1373 566 ε
1403 540 1423 564 «
1456 524 1519 566 De
1540 513 1769 581 profundis

386 608 407 632 »
441 590 623 634 clamavi
636 589 692 634 ad
703 599 760 645 te,
777 591 961 635 Domine
978 610 989 647 3
1005 591 1371 645 Domine‚exaudi
1386 606 1538 635 vocem
1560 592 1767 635 meam1.»

385 660 429 706 Si
449 669 596 704 autem
621 659 787 704 factum
819 661 865 703 in
883 659 959 704 illo
987 659 1118 704 suerit
1145 660 1265 720 quod
1287 660 1368 705 alia
1390 661 1602 705 sententia
1627 661 1771 720 Scrip-

383 741 495 776 turae
519 730 626 776 dicit
645 751 653 776 ε
686 750 705 773 «
727 735 947 786 Peccator,
966 747 1067 776 cum
1084 732 1254 777 venerit
1273 733 1319 776 in
1339 731 1610 792 profundum
1633 731 1771 777 malo-

385 822 406 845 »
441 818 557 858 rum,
572 812 826 848 contemnet
839 806 856 829 ²
874 822 882 847 :
900 803 1086 847 »clausit
1106 819 1236 863 super
1256 819 1357 848 eum
1381 812 1539 863 puteus
1561 818 1608 848 os
1624 796 1766 847 suum.

383 876 528 928 Quare
565 873 721 918 clausit
754 874 800 918 cs
825 875 984 917 suum?
1014 874 1125 927 Quia
1153 873 1307 918 clausit
1339 889 1385 919 os
1412 873 1544 918 illius.
1578 872 1771 918 Perdidit

383 945 498 988 enim
532 942 875 1002 confessionem3
918 959 1017 988 vere
1050 954 1248 988 mortuus
1270 953 1360 999 est,
1384 943 1705 1004 impletumque
1725 944 1770 987 in

383 1030 434 1059 eo
451 1024 515 1059 est
536 1014 656 1074 quod
673 1014 775 1058 alibi
794 1014 954 1059 dicitur
975 1033 984 1060 2
1013 1034 1033 1056 «
1057 1017 1095 1059 A
1111 1024 1314 1070 mortuo,
1334 1013 1457 1058 velut
1477 1014 1553 1074 qui
1575 1029 1665 1058 non
1687 1014 1768 1069 sit,

385 1103 406 1127 »
441 1085 556 1144 perit
577 1084 836 1130 confessio?
866 1103 885 1126 »
911 1084 1148 1129 Metuenda
1170 1085 1251 1129 ista
1271 1100 1337 1128 res
1357 1085 1659 1139 vehementer,
1685 1082 1773 1128 fra'-

382 1165 483 1200 tres.
512 1155 555 1200 Si
586 1154 744 1199 videris
766 1155 989 1199 hominem
1022 1154 1172 1199 fecisse
1198 1155 1495 1215 iniquitatem,
1520 1169 1686 1199 mersus
1709 1163 1772 1199 est

383 1226 428 1268 in
449 1234 632 1284 puteum
656 1244 664 1269 :
685 1224 864 1284 quando
887 1234 1032 1268 autem
1059 1224 1122 1268 illi
1141 1224 1293 1268 dixeris
1309 1224 1585 1284 iniquitatem
1607 1224 1738 1284 ipsius
1756 1259 1768 1280 ‚

382 1304 425 1339 et
453 1296 608 1340 dixerit
632 1315 640 1339 ;
676 1298 787 1338 Vere
811 1295 1010 1354 peccavi,
1037 1293 1198 1353 fateor3
1232 1292 1472 1355 non‘super
1496 1311 1596 1339 eum
1617 1287 1771 1340 clausit

381 1375 539 1426 puteus
572 1382 618 1410 os
651 1382 779 1410 suum
803 1385 811 1411 ε
837 1381 937 1410 cum
961 1375 1106 1410 autem
1144 1365 1300 1410 videris
1323 1381 1423 1410 eum
1445 1366 1588 1410 dicere
1611 1385 1619 1410 ε
1654 1365 1769 1419 Quid

383 1437 499 1480 enim
529 1436 631 1480 mali
664 1436 777 1480 feci?
814 1435 955 1480 factus
988 1445 1052 1481 est
1079 1434 1281 1480 defensor
1309 1436 1476 1496 peccati
1497 1436 1591 1494 sui3
1616 1436 1770 1481 clausit
1803 1449 1809 1456 ·

383 1522 511 1566 super
542 1521 643 1549 eum
686 1515 844 1565 puteus
878 1521 923 1549 os
965 1521 1094 1549 suum
1112 1541 1123 1557 ,
1160 1521 1246 1565 qua
1283 1515 1460 1551 eruatur
1492 1522 1582 1550 non
1616 1505 1765 1550 habet.

381 1576 546 1621 Amissa
567 1575 839 1620 confessione
854 1611 865 1629 ,
891 1590 980 1619 non
997 1575 1078 1619 erit
1099 1574 1221 1619 locus
1242 1576 1562 1620 misericordiae.
1585 1579 1654 1625 ‚Tu
1675 1575 1768 1620 fac-

383 1656 451 1691 tus
473 1662 516 1690 es
537 1647 701 1706 peccati
723 1647 786 1690 tui
803 1645 1030 1702 defensor,
1057 1642 1279 1706 quomodo
1298 1647 1379 1691 erit
1400 1650 1514 1692 Deus
1532 1647 1769 1692 liberator?

384 1719 440 1761 Ut
461 1732 563 1775 ergo
584 1717 637 1761 sit
652 1716 725 1760 illc
746 1716 953 1761 liberator
967 1751 978 1772 ‚
1003 1726 1052 1761 tu
1075 1726 1166 1762 esto
1186 1726 1425 1762 accusator.

432 1818 440 1834 ¹
459 1811 538 1844 Psal.
560 1823 665 1854 cxxix,
688 1824 715 1845 1.
738 1829 778 1835 --
801 1819 813 1835 ²
837 1814 930 1845 Prov.
953 1823 1044 1854 xvm,
1062 1812 1091 1846 3.
1117 1830 1158 1836 -
1179 1811 1192 1836 3
1212 1813 1309 1846 Eccli.
1328 1825 1407 1855 xvn,
1423 1813 1478 1846 26.
