1889 3285
221 253 462 281 ENAnnATio
496 255 509 279 1
542 254 584 280 nv
620 254 821 281 PSALMUM
854 255 1017 292 vaul,
1052 254 1189 282 selmo
1222 257 1251 281 1.
1364 245 1447 282 317

125 320 200 361 VI.
231 337 249 359 «
272 317 383 362 Veni
404 317 450 361 in
472 316 747 361 altitudinem
771 319 899 362 maris
921 327 964 362 et
992 327 1220 378 tempestas
1247 318 1452 363 demersit

68 407 87 429 »
121 389 231 431 me1.
263 408 281 429 »
306 387 471 431 Gratias
496 387 629 446 ipsius
651 388 954 433 misericordiae
982 389 1058 448 qui
1086 389 1206 433 venit
1233 390 1278 432 in
1302 388 1452 433 altitu-

0 503 1 507 ,
65 456 212 501 dinem
235 459 390 513 maris,
416 467 459 502 et
482 457 629 516 glutiri
659 474 683 502 a
702 460 869 504 marino
891 469 988 503 ceto
1012 459 1218 517 dignatus
1251 469 1314 504 est
1340 480 1351 518 3
1381 459 1456 504 sed

66 529 278 573 evomitus
301 538 364 573 est
384 529 513 573 tertio
546 528 617 572 die
633 532 664 573 2.
690 531 821 574 Venit
845 531 892 574 in
926 529 1200 574 altitudinem
1229 531 1378 586 maris,
1402 531 1449 574 in

0 615 1 625 ¹
65 615 152 658 qua
177 598 406 644 altitudine
427 615 505 644 nos
522 599 709 659 depressi
727 616 916 655 eramus,
940 601 986 644 in
1010 616 1097 661 qua
1118 600 1348 645 altitudine
1369 616 1448 645 nos

66 668 344 727 naufragium
369 670 480 728 passi
503 685 672 714 eramus
700 689 708 714 z
734 671 855 715 venit
875 670 979 715 illuc
1009 670 1124 729 ipse,
1151 680 1192 714 et
1217 679 1450 730 tempestas

19 790 26 798 .
67 739 268 783 demersit
281 739 407 783 illum
426 758 434 784 :
453 740 554 800 quia
576 740 736 784 fluctus
756 740 815 784 ibi
834 756 983 800 passus
1003 749 1081 795 est,
1099 741 1212 800 ipsos
1227 740 1447 798 homine83

66 819 361 870 tempestates,
391 826 518 855 voces
548 810 788 856 dicentium
817 827 825 852 z
858 832 876 852 «
903 813 1147 870 Crucifige,
1181 812 1400 871 crucifige.
1429 831 1447 853 »

66 881 247 926 Dicente
269 880 408 925 Pilato
434 900 442 925 2
473 900 489 921 «
516 884 614 926 Non
643 881 816 926 invenio
843 897 1017 926 causam
1037 881 1173 926 ullam
1194 882 1240 926 in
1261 883 1344 926 hoc
1368 882 1451 926 ho-

73 970 91 993 »
126 951 242 995 mine
265 967 399 1011 quare
430 951 695 996 occidendus
722 953 777 996 sit
802 972 810 996 :
842 972 858 994 »
884 952 1205 997 invalescebant
1234 968 1362 997 voces
1383 951 1452 996 di-

69 1022 286 1066 centium:
317 1041 334 1062 «
356 1023 594 1080 Cmcifige,
621 1023 864 1081 crucifiget
891 1042 908 1064 »
930 1023 1183 1080 Augebatur
1205 1032 1450 1082 tempestas,

70 1091 209 1136 donec
240 1091 512 1151 demergeret
546 1093 622 1153 qui
655 1102 833 1138 venerat
861 1093 906 1136 in
930 1092 1204 1136 altitudinem
1226 1094 1368 1137 maris.
1399 1097 1457 1138 Et

70 1179 217 1223 passus
238 1173 301 1207 est
324 1165 532 1208 Dominus
549 1164 662 1208 inter
680 1180 833 1207 manus
856 1164 1127 1218 Judaeorum‚
1145 1164 1266 1224 quod
1286 1180 1374 1209 non
1393 1173 1456 1208 est

71 1249 218 1293 passus
251 1249 349 1278 cum
379 1250 508 1293 super
535 1249 667 1294 aquas
701 1233 975 1278 ambularet4
1008 1254 1016 1278 :
1044 1234 1164 1294 quod
1194 1251 1283 1279 non
1316 1235 1456 1279 solum

69 1304 161 1363 ipse
195 1319 341 1362 passus
373 1319 462 1347 non
493 1312 612 1358 erat,
638 1303 713 1347 sed
744 1319 823 1347 nec
858 1307 1036 1347 Petrum
1069 1305 1158 1363 pati
1187 1306 1452 1364 permiserat.

76 1394 94 1415 «
129 1375 239 1418 Veni
260 1374 306 1418 in
322 1373 598 1418 altitudinem
620 1375 764 1428 maris,
789 1385 831 1418 et
852 1384 1080 1434 tempestas
1104 1374 1307 1419 demersit
1329 1391 1413 1419 me.
1435 1397 1452 1417 »

123 1447 222 1490 Vll.
235 1464 255 1486 α
271 1445 484 1489 Laboravi
496 1444 700 1499 clamans,
716 1460 856 1488 raucae
868 1445 995 1489 factae
1009 1455 1110 1489 sunt
1121 1446 1267 1490 fauces
1280 1449 1422 1490 mcae5.
1433 1465 1454 1488 n

74 1519 168 1560 Hoc
186 1516 293 1559 ubi?
310 1517 393 1560 hoe
407 1516 614 1576 quando?
628 1519 951 1574 Interrogemus
974 1516 1276 1574 Evangelium.
1297 1517 1459 1561 Passio-

73 1601 173 1629 nem
201 1586 363 1645 quippe
390 1585 563 1629 Domini
591 1585 727 1628 nostri
748 1585 793 1628 in
825 1585 908 1629 hoc
938 1585 1107 1629 Psalmo
1140 1588 1455 1643 cognoscimus.

74 1659 131 1700 Et
153 1656 330 1716 quidem
348 1671 521 1715 passum
544 1671 644 1699 eum
662 1656 883 1713 novimus,
904 1659 1081 1700 intrasse
1098 1672 1230 1716 aquas
1245 1673 1382 1717 usque
1404 1657 1461 1702 ad

76 1727 263 1776 animam
280 1727 371 1786 ejus
384 1762 395 1781 ‚
418 1727 518 1786 quia
534 1725 686 1785 populi
702 1725 1025 1785 praevaluerunt
1045 1742 1183 1786 usque
1205 1728 1259 1771 ad
1276 1737 1460 1772 mortem

77 1799 197 1858 ejus,
234 1797 438 1855 legimus,
479 1797 724 1847 credimus;
768 1805 1024 1855 tempestate
1055 1797 1180 1840 illum
1216 1797 1461 1842 demersum

78 1883 188 1924 esse,
214 1869 315 1929 quia
336 1867 565 1928 praevaluit
582 1866 734 1911 seditio
753 1866 808 1911 ad
830 1883 930 1911 eum
959 1866 1247 1911 occidendum
1267 1904 1272 1915 .
1305 1885 1462 1927 agnos-

79 1939 216 1984 cimus
240 1959 248 1983 :
276 1954 428 1984 verum
450 1947 493 1982 et
512 1937 728 1982 laborasse
750 1953 849 1981 eum
870 1937 1097 1982 clamando
1112 1974 1122 1993 ‚
1148 1948 1190 1981 et
1206 1954 1354 1983 raucas
1372 1938 1464 1984 fac-

80 2019 144 2055 tas
162 2026 251 2054 esse
272 2008 418 2053 fauces
434 2008 548 2053 illius
563 2044 574 2063 ‚
600 2024 689 2052 non
712 2008 850 2052 solum
872 2025 962 2053 non
994 2008 1198 2067 legimus,
1236 2009 1310 2053 sed
1335 2011 1466 2054 etiam

81 2090 232 2127 contra
265 2079 446 2138 legimus
464 2115 474 2134 ,
513 2080 616 2140 quia
647 2095 737 2124 non
768 2080 1059 2139 respondebat
1086 2080 1144 2123 eis
1171 2081 1380 2136 verbum,
1416 2090 1468 2126 ut

81 2151 334 2211 impleretur
352 2150 472 2211 quod
488 2151 534 2193 in
557 2150 640 2194 alio
663 2149 833 2194 Psalmo
852 2149 1018 2194 dictum
1037 2159 1098 2193 est
1117 2169 1125 2194 :
1147 2170 1167 2191 «
1189 2154 1346 2195 Factus
1370 2167 1468 2195 sum

85 2242 106 2265 »
142 2223 264 2283 quasi
296 2223 428 2266 homo
460 2237 550 2265 non
583 2220 783 2275 audiens,
816 2231 860 2265 et
891 2237 980 2265 non
1011 2221 1174 2265 habens
1207 2222 1252 2265 in
1283 2238 1356 2266 ore
1389 2239 1468 2268 suo

86 2312 107 2335 »
142 2292 512 2350 redargutionesfi.
540 2310 561 2332 )›
587 2295 643 2335 Et
676 2290 793 2351 quod
827 2291 872 2334 in
902 2294 1013 2334 Isa'ia
1042 2292 1350 2351 prophetatum
1378 2303 1467 2350 est,

90 2383 110 2406 «
137 2363 258 2408 Sicut
279 2362 369 2407 ovis
391 2363 446 2406 ad
478 2361 796 2406 immolandum
818 2361 976 2406 ductus
1009 2371 1072 2406 est
1093 2398 1103 2417 ,
1128 2372 1172 2406 et
1203 2363 1314 2408 sicut
1335 2380 1471 2423 agnus

90 2452 110 2475 »
145 2449 288 2479 coram
317 2432 527 2478 tondente
556 2448 626 2489 se,
663 2435 722 2477 sic
744 2448 835 2477 non
868 2432 1038 2492 aperuit
1069 2448 1116 2476 os
1151 2449 1280 2478 suum
1305 2436 1335 2477 ⁷.
1371 2453 1390 2475 »
1428 2435 1471 2478 Si

137 2538 146 2553 ¹
166 2531 248 2563 Psal.
262 2541 377 2572 vain,
399 2530 429 2561 3.
441 2537 503 2552 —-²
518 2529 635 2561 Matth.
652 2540 705 2570 xu,
721 2528 774 2572 40.
790 2546 830 2551 -
849 2527 862 2552 3
881 2531 974 2561 Joan.
990 2540 1055 2571 iux,
1071 2529 1103 2562 6.
1117 2546 1159 2552 -—
1173 2528 1188 2556 4
1207 2529 1321 2563 Matth.
1341 2530 1471 2572 xiv,25.

93 2604 133 2609 -
153 2585 165 2609 5
187 2586 265 2618 Psal.
285 2597 394 2627 Lxx-111,
413 2585 443 2627 4.
464 2603 504 2607 -—
523 2583 537 2607 (3
552 2585 598 2618 ld.
626 2596 743 2626 xxxvii,
768 2585 816 2617 15.
839 2602 879 2608 —
901 2586 1082 2626 7Isa'i.L=11‚
1099 2596 1128 2627 7.
