1889 3285
449 226 688 255 ENARRATio
721 229 766 254 m
798 225 999 255 PsALMUM
1032 228 1118 254 LXI.
1377 216 1454 253 131

88 312 109 336 »
143 294 394 353 repellere&
423 312 443 334 υ
474 296 571 339 Non
598 293 823 348 dixerunt,
857 292 934 338 sed
965 303 1111 338 tamen
1141 293 1456 350 cogitaverunt.

88 382 110 406 «
142 364 450 422 Cogitaverunt
464 363 672 423 repellere
692 365 903 408 honorem
924 377 1086 407 meum.
1106 380 1127 402 »

145 435 223 479 IX.
262 452 283 476 «
308 433 491 479 Cucurri
520 434 566 477 in
595 434 678 478 siti.
707 453 727 475 »
753 433 1072 479 Retribuebant
1098 431 1215 475 enim
1245 431 1359 475 mala
1385 445 1465 490 pro

85 503 210 548 bonis
222 507 254 548 ².
281 503 350 548 Illi
373 504 691 548 interficiebant
705 539 716 559 ,
745 503 808 547 illi
830 502 1122 564 repellebant,
1145 515 1225 558 ego
1246 516 1319 545 eos
1346 501 1466 545 sitie-

85 573 188 618 bam
209 588 217 614 :
241 571 303 617 illi
323 574 534 618 honorem
555 588 701 618 meum
719 573 1018 631 cogitaverunt
1033 570 1270 631 repellere3
1293 585 1372 629 ego
1395 586 1467 615 eos

86 643 132 687 in
151 658 308 702 corpus
326 658 473 687 meum
493 643 690 687 sitiebam
704 643 913 703 trajicere.
933 640 1131 687 Bibendo
1153 641 1269 684 enim
1282 639 1390 701 quid
1409 640 1467 686 fa-

64 758 67 761 .
85 713 224 759 cimus
239 749 249 769 ,
270 714 352 758 nisi
371 715 601 759 humorem
623 713 726 759 foris
747 715 938 774 positum
957 714 1004 758 in
1024 712 1219 757 membra
1237 712 1466 767 mittimus,

86 793 131 829 et
151 784 198 828 in
218 800 374 845 corpus
395 794 591 830 nostrum
623 785 853 830 ducimus?
881 787 975 829 Hoc
999 782 1101 828 fecit
1131 785 1303 840 Moyses
1331 783 1377 826 in
1397 781 1472 827 illo

88 856 228 916 capite
247 855 416 901 vituliss.
437 857 580 915 Caput
598 855 738 911 vituli,
757 870 965 915 magnum
978 862 1312 899 sacramentum.
1327 855 1472 913 Caput

87 926 204 970 enim
225 926 348 970 vituli
380 941 537 986 eorpus
559 935 650 971 erat
670 926 903 986 impiorum
919 961 930 980 ,
956 926 1003 969 in
1034 923 1318 968 similitudine
1346 922 1474 968 vituli

89 996 392 1041 manducantis
412 995 625 1052 foenum4,
643 1006 814 1042 terrena
831 996 1120 1056 quaerentium
1138 1011 1146 1035 z
1164 995 1268 1055 quia
1290 994 1476 1038 «Omnis

92 1084 114 1108 »
148 1082 247 1111 caro
269 1066 440 1110 foenum
455 1069 485 1110 ⁵.
515 1085 536 1108 >›
561 1070 665 1111 Erat
687 1082 805 1125 ergo,
835 1075 886 1110 ut
903 1065 1017 1121 dixi,
1040 1080 1200 1125 corpus
1220 1064 1471 1124 impiorum.

90 1140 228 1182 Iratus
243 1140 414 1195 Moyses
430 1137 476 1180 in
497 1137 642 1196 ignem
658 1137 790 1192 misit,
815 1137 1087 1191 comminuit,
1108 1136 1153 1179 in
1175 1150 1286 1195 aqua
1306 1134 1474 1194 sparsit,

24 1260 27 1261 ⁷
90 1207 332 1251 bibendum
353 1207 517 1267 populo
549 1206 723 1265 dedit03
746 1216 789 1250 et
816 1207 878 1251 ira
900 1207 1130 1266 Prophetae
1164 1205 1479 1249 administratio

90 1276 206 1322 facta
227 1288 290 1322 est
311 1279 566 1337 prophetice.
591 1281 760 1337 Corpus
786 1278 902 1321 enim
926 1276 1038 1320 illud
1059 1277 1105 1320 in
1126 1276 1272 1334 ignem
1293 1275 1480 1319 mittitur

91 1347 445 1403 tribulationum,
470 1357 512 1391 et
533 1348 668 1392 verbo
686 1348 759 1391 Dei
781 1346 1106 1391 comminuitur.
1128 1344 1344 1389 Paulatim
1363 1346 1480 1389 enim

93 1417 308 1463 desistunt
334 1418 389 1462 ab
416 1419 581 1462 unitate
609 1418 799 1477 corporis
827 1419 934 1477 ejus.
968 1417 1088 1462 Sicut
1111 1416 1227 1459 enim
1247 1416 1481 1460 vestimen-

97 1497 192 1532 tum
209 1523 220 1543 ,
250 1489 310 1532 ita
339 1503 416 1547 per
442 1497 613 1547 tempus
643 1488 901 1531 absumitur.
926 1490 984 1531 Et
1013 1487 1310 1546 unusquisque
1332 1486 1408 1545 qui
1431 1487 1481 1530 fit

0 1582 1 1594 π
38 1566 46 1570 “
95 1558 391 1613 Christianus,
421 1566 642 1617 separatur
673 1557 728 1601 ab
762 1556 839 1601 illo
862 1555 1049 1616 populo,
1079 1565 1123 1600 et
1145 1556 1268 1615 quasi
1296 1571 1321 1599 a
1342 1570 1481 1600 massa

95 1629 422 1673 comminuitur.
455 1628 701 1687 Conspirati
740 1627 954 1683 oderunt,
984 1626 1240 1671 comminuti
1275 1626 1476 1670 credunt.

96 1701 153 1743 Et
168 1697 276 1758 quid
293 1699 385 1758 jam
406 1697 674 1752 evidentius,
699 1712 832 1757 quam
856 1696 977 1756 quod
998 1697 1044 1740 in
1065 1711 1222 1755 corpus
1243 1694 1356 1738 illud
1372 1695 1480 1739 civi-

96 1769 195 1814 tatis
215 1767 470 1822 Jerusalem,
492 1768 615 1827 cujus
635 1767 777 1825 imago
797 1776 887 1810 erat
906 1766 1095 1825 populus
1111 1765 1262 1821 Israel,
1281 1780 1359 1824 per
1376 1765 1478 1825 bap-

98 1839 275 1884 tismum
291 1836 532 1897 trajiciendi
558 1847 680 1880 erant
701 1837 924 1881 homines?
946 1836 1052 1880 Ideo
1073 1835 1120 1879 in
1147 1851 1259 1895 aqua
1283 1851 1479 1894 sparsum

96 1920 185 1966 est,
211 1920 261 1954 ut
276 1911 322 1954 in
343 1918 496 1969 potum
523 1908 712 1952 daretur.
740 1910 834 1953 Hoc
866 1923 1005 1968 usque
1032 1908 1078 1951 in
1104 1908 1239 1951 finem
1260 1907 1349 1951 sitit
1371 1907 1476 1963 iste,

95 1982 232 2027 currit
252 1990 296 2026 et
314 1982 417 2025 sitit.
449 1980 611 2025 Multos
632 1979 749 2023 enim
772 1979 905 2034 bibit,
930 1978 1006 2024 sed
1027 1994 1253 2039 nunquam
1280 1964 1361 2022 erit
1388 1979 1479 2022 sine

95 2053 179 2097 siti.
205 2051 315 2096 Inde
336 2060 401 2096 est
426 2051 543 2095 enim
568 2067 576 2092 ε
605 2070 626 2093 «
654 2051 757 2095 Sitio
774 2085 784 2105 ,
814 2049 985 2105 mulier,
1019 2048 1076 2093 da
1101 2049 1209 2093 mihi
1236 2049 1385 2093 bibere
1400 2049 1431 2092 ⁷.
1455 2066 1476 2090 »

99 2124 366 2170 Samaritana
386 2121 460 2166 illa
482 2122 538 2166 ad
558 2131 742 2182 puteum
764 2121 980 2165 sitientem
1002 2120 1237 2166 Dominum
1260 2120 1385 2164 sensit
1405 2154 1416 2176 ,
1437 2128 1480 2164 et

98 2210 122 2239 a
143 2195 313 2239 sitiente
328 2194 477 2238 satiata
498 2202 559 2237 est
579 2213 587 2238 :
609 2193 739 2237 sensit
755 2191 872 2252 prior
892 2191 966 2236 illa
983 2191 1215 2247 sitientem,
1235 2200 1287 2235 ut
1307 2190 1480 2234 biberet

98 2265 171 2309 ille
190 2265 461 2321 credentem.
495 2267 553 2308 Et
585 2264 630 2308 in
661 2278 790 2308 cruce
817 2262 981 2323 positus
1007 2277 1016 2303 ε
1048 2281 1069 2305 «
1097 2262 1230 2317 Sitio,
1266 2280 1286 2303 »
1321 2260 1430 2305 dixit
1441 2262 1474 2315 8,

97 2335 293 2396 quamvis
321 2334 384 2378 illi
406 2350 496 2379 non
519 2335 602 2382 hoc
630 2333 830 2378 dederint
850 2332 971 2393 quod
998 2332 1184 2377 sitiebat.
1217 2334 1337 2392 Ipsos
1362 2330 1479 2374 enim

97 2405 170 2450 ille
190 2405 362 2450 sitiebat
381 2423 390 2449 :
414 2414 458 2448 at
478 2403 540 2448 illi
557 2413 725 2448 acetum
742 2403 980 2458 dederunt,
1008 2418 1099 2447 non
1114 2404 1267 2447 vinum
1288 2415 1476 2454 novum,

144 2510 153 2526 ¹
176 2502 254 2535 Psal.
274 2512 339 2542 m,
359 2503 390 2533 5.
408 2517 449 2524 ——
469 2508 482 2524 ²
501 2501 548 2533 Id.
567 2511 673 2541 xxxlv,
693 2510 743 2532 1¹2.
768 2517 809 2522 —
826 2498 839 2523 3
857 2499 955 2532 Exod.
971 2510 1072 2540 xxxn,
1087 2508 1141 2532 20.
1159 2516 1200 2522 —-
1218 2497 1234 2528 4
1258 2498 1339 2530 Psal.
1356 2508 1405 2537 cv,
1419 2503 1473 2528 20.

99 2578 140 2584 —
156 2558 170 2584 5
189 2559 249 2592 lsai
265 2568 318 2598 XL,
338 2559 369 2589 6.
393 2573 434 2579 --
448 2554 464 2579 6
478 2556 577 2589 Exod.
599 2567 700 2596 xxxii,
719 2564 774 2588 20.
793 2572 834 2578 -
853 2563 866 2588 7
886 2557 978 2587 Joan.
999 2565 1044 2596 ιν,
1062 2566 1093 2597 7.
1114 2572 1155 2578 -
1174 2553 1189 2577 8
1207 2555 1253 2586 m.
1274 2564 1342 2594 xix,
1364 2553 1418 2584 28.

1225 2611 1262 2645 9.
