1889 3285
24 247 28 324 j
226 267 468 296 ENAnnATm
503 270 514 294 1
546 268 591 294 IN
623 264 825 294 PsALMUM
858 266 1017 304 vam,
1052 265 1189 293 sssnmo
1222 267 1252 293 1.
1353 254 1436 292 329

57 332 189 376 situm
210 333 323 377 bene
341 332 560 391 accepistis
580 365 591 385 ,
615 329 734 390 quod
767 330 837 374 hic
864 329 1046 374 audiatis
1083 329 1321 389 expressius
1349 344 1438 373 non

57 412 135 447 est.
157 404 269 448 Hinc
290 419 334 447 se
355 402 460 447 dicit
479 401 755 445 liberandum
770 437 781 456 ,
806 402 884 445 ubi
905 416 949 445 se
971 409 1070 444 ante
1093 399 1201 445 dixit
1220 401 1403 444 infixum
1426 421 1434 445 :

22 485 25 516 i
59 491 82 526 .“
118 471 292 518 Salvum
309 488 379 516 me
400 471 468 516 fac
485 470 540 515 de
560 470 654 515 luto
672 506 683 526 ‚
705 480 755 515 ut
776 486 865 515 non
882 470 1130 514 inhaeream.
1152 488 1172 511 »
1190 473 1246 513 Et
1263 470 1439 530 exponit

9 542 25 602 fl
56 542 244 602 hocipse
270 562 279 587 ι
309 561 329 584 «
353 545 493 586 Eruar
505 556 556 585 ex
577 542 626 585 iis
645 541 722 601 qui
738 541 925 585 oderunt
945 555 1028 584 me.
1053 557 1073 581 »
1096 540 1183 598 Ipsi
1216 555 1316 598 ergo
1338 549 1440 584 sunt

6 610 14 644 'v
55 612 201 656 lutum
221 613 299 656 ubi
320 613 543 656 haeseram.
566 610 650 656 Sed
666 611 749 656 hoc
765 611 877 655 forte
898 610 1156 670 suggeritur.
1181 609 1317 654 Paulo
1340 619 1440 654 ante

57 683 250 728 dixerat:
281 703 301 726 «
322 684 484 728 Infixus
501 697 596 727 sum
614 717 624 737 ,
638 700 658 723 »
684 681 815 726 modo
827 681 958 726 dicit:
983 699 1000 721 «
1026 679 1202 726 Salvum
1214 695 1283 723 me
1296 678 1363 724 fae
1385 678 1440 723 de

57 772 80 796 »
114 754 236 810 luto,
267 763 318 798 ut
339 770 429 799 non
457 755 692 798 inhaeream
715 773 724 798 ι
751 771 772 795 »
797 768 896 798 cum
919 750 1160 797 secundum
1182 751 1440 795 sententiam

54 824 244 884 priorem
266 824 447 868 deberet
464 823 608 869 dicere
638 843 647 868 :
684 822 859 868 Salvum
879 838 949 866 me
971 820 1038 866 fac
1055 821 1110 866 de
1135 820 1230 866 luto
1251 821 1328 866 ubi
1347 822 1440 865 hae-

7 916 9 919 ·
56 909 194 939 seram
211 930 222 950 ,
243 893 436 939 eruendo
459 909 529 938 me
544 929 555 949 ,
575 909 665 939 non
684 892 850 953 agendo
873 901 924 937 ut
946 908 1036 937 non
1048 892 1300 936 inhaeream.
1326 894 1441 951 Ergo

54 965 239 1009 haeserat
260 979 389 1009 carne
403 999 413 1019 ,
430 964 506 1008 sed
527 979 617 1008 non
633 964 817 1008 haeserat
837 963 1006 1022 spiritu.
1032 962 1240 1007 Dicithoc
1255 977 1308 1006 ex
1319 962 1442 1006 infir-

6 1055 7 1058 ¹
55 1035 208 1079 mitate
228 1035 526 1080 membrorum
548 1050 742 1079 suorum.
767 1032 955 1087 Quando
977 1032 1089 1078 forte
1106 1032 1270 1092 caperis
1293 1033 1347 1076 ab
1370 1047 1438 1088 eo,

56 1105 132 1166 qui
146 1114 189 1149 te
202 1105 361 1164 premit
376 1104 431 1149 ad
443 1105 716 1165 iniquitatem
728 1139 738 1159 ,
754 1112 927 1147 tenetur
936 1103 1115 1163 quidem
1127 1117 1283 1161 corpus
1295 1111 1438 1156 tuum,

2 1205 5 1214 ,
55 1173 299 1219 secundum
323 1190 480 1234 corpus
496 1175 653 1218 infixus
668 1188 711 1217 es
730 1173 774 1217 in
793 1172 898 1217 limo
912 1170 1120 1232 profundi
1133 1170 1229 1216 :sed
1245 1170 1441 1231 quandiu

55 1259 146 1288 non
168 1244 382 1288 consentis
402 1279 413 1299 ,
446 1260 537 1288 non
558 1243 719 1287 haesisti
738 1263 748 1300 3
779 1242 812 1286 si
837 1251 982 1286 autem
1005 1241 1243 1296 consentis,
1262 1241 1437 1285 haesisti.

0 1293 19 1358 i
56 1314 204 1359 Oratio
226 1329 329 1372 ergo
351 1323 426 1358 tua
448 1314 509 1357 ibi
541 1314 594 1357 sit
610 1349 620 1368 ,
655 1322 706 1357 ut
734 1312 956 1373 quomodo
978 1313 1066 1372 jam
1095 1320 1269 1355 tenetur
1286 1326 1442 1371 corpus

0 1410 18 1435 Ἰ,
55 1392 183 1428 tuum
199 1419 210 1439 ,
236 1399 324 1428 non
348 1392 547 1427 teneatur
567 1391 611 1427 et
631 1382 773 1426 anima
795 1391 870 1426 tua
886 1416 897 1437 ,
929 1382 982 1426 sis
1011 1381 1121 1425 liber
1157 1381 1202 1425 in
1237 1381 1438 1426 vinculis.

14 1463 18 1507 3:
60 1473 80 1497 «
114 1456 254 1498 Eruar
281 1468 331 1498 ex
359 1453 427 1498 his
453 1453 529 1513 qui
561 1452 750 1498 oderunt
780 1467 850 1496 me
877 1471 886 1497 ε
912 1461 955 1496 et
987 1449 1041 1497 de
1062 1449 1285 1511 profundo
1308 1467 1442 1513 aqua·

13 1532 17 1566 Ι
59 1542 79 1566 »
115 1540 229 1568 rum.
251 1542 272 1564 »

13 1577 16 1660 ξ
113 1595 236 1638 ΧΙΧ.
266 1611 286 1635 «
304 1594 402 1638 Non
424 1607 493 1636 me
514 1591 738 1650 demergat
758 1600 989 1651 tempestas
1011 1606 1135 1650 aquae
1151 1593 1180 1636 ¹.
1205 1608 1226 1633 »
1255 1589 1339 1635 Sed
1352 1592 1442 1651 jam

12 1661 15 1712 ἰ
56 1663 275 1707 demersus
296 1672 402 1707 erat.
433 1682 453 1704 «
477 1662 588 1706 Veni
605 1662 649 1705 in
672 1660 946 1706 altitudinem
969 1661 1120 1716 maris,
1147 1679 1168 1703 »
1194 1670 1244 1705 tu
1266 1659 1409 1705 dixisti
1431 1680 1440 1705 :

59 1752 80 1776 «
113 1736 170 1777 Et
190 1742 420 1793 tempestas
438 1731 642 1777 demersit
663 1746 748 1786 me,
768 1750 788 1772 »
807 1739 856 1775 tu
878 1730 1035 1775 dixisti.
1054 1731 1269 1775 Demersit
1290 1746 1444 1775 secun-

11 1827 14 1862 μ
57 1803 164 1847 dum
185 1818 358 1847 carnem
377 1838 388 1858 ,
420 1817 509 1846 nou
529 1801 753 1860 demergat
774 1800 1016 1845 secundum
1038 1800 1255 1860 spiritum.
1278 1800 1444 1854 Quibus

58 1872 224 1917 dictum
255 1882 318 1917 est
349 1893 357 1918 :
387 1892 407 1915 «
446 1873 487 1917 Si
520 1887 595 1917 vos
618 1870 834 1932 persecuti
866 1869 1029 1914 fuerint
1061 1870 1106 1913 in
1128 1886 1217 1915 una
1239 1870 1440 1926 civitate,

11 1999 13 2004 Ι
63 1964 81 1985 »
116 1942 253 2002 fugite
285 1943 330 1987 in
366 1942 522 1987 aliam²
549 1962 557 1987 ε
589 1961 608 1983 »
635 1943 719 1987 hoc
752 1941 810 1985 eis
842 1941 1007 1985 dictum
1030 1948 1114 1995 est,
1139 1949 1190 1984 ut
1212 1955 1291 1984 nec
1315 1955 1444 1985 carne

57 2013 293 2067 haererent,
314 2027 394 2056 nec
411 2012 578 2071 spiritu.
600 2013 697 2057 Non
719 2010 833 2054 enim
849 2008 1147 2069 appetendum
1171 2018 1260 2065 est,
1288 2019 1337 2054 ut
1358 2010 1445 2054 hae-

10 2080 13 2108 ²
57 2097 226 2126 reamus
246 2082 316 2126 vel
344 2097 497 2140 carne,
523 2080 598 2126 sed
629 2090 842 2142 quantum
871 2095 1125 2140 possumUS,
1149 2080 1284 2124 vitare
1306 2079 1444 2124 debe-

57 2167 168 2197 mus.
200 2153 242 2197 Si
262 2168 364 2197 vero
392 2153 664 2207 haeseri111us,
688 2161 731 2196 et
760 2152 805 2195 in
828 2167 981 2195 manus
1006 2160 1281 2210 peccatorum
1304 2166 1441 2196 vene-

58 2223 193 2266 rimus
209 2258 219 2278 ,
229 2223 319 2282 jam
332 2238 511 2282 corpore
526 2223 744 2277 haesimus,
758 2222 831 2265 fixi
853 2237 1002 2265 sumus
1023 2221 1067 2264 in
1087 2221 1191 2266 limo
1208 2220 1441 2281 profundi:

58 2302 190 2337 restat
210 2309 289 2352 pro
311 2294 454 2337 anima
481 2292 723 2353 deprecari,
755 2301 805 2336 ut
826 2307 915 2336 non
946 2291 1256 2346 inhaereamus,
1286 2290 1332 2335 id
1354 2301 1441 2346 cst,

59 2379 150 2408 non
171 2364 502 2419 consentiamus,
528 2379 618 2409 non
639 2379 717 2408 nos
738 2363 960 2421 demergat
982 2371 1212 2422 tempestas
1234 2378 1373 2422 aquae,
1395 2371 1445 2405 ut

60 2449 206 2478 eamus
224 2435 268 2478 in
283 2433 550 2494 profundum
573 2434 680 2478 limi.
705 2453 724 2475 «
746 2436 896 2493 Neque
918 2432 1148 2477 absorbeat
1169 2448 1239 2476 me
1256 2432 1444 2492 profun-

7 2518 10 2555 ι
64 2522 84 2544 »
119 2503 224 2548 dum
239 2539 250 2559 ,
271 2519 414 2564 neque
435 2513 626 2549 coarctet
648 2518 777 2563 super
798 2518 869 2547 mc
892 2511 1049 2561 puteus
1067 2518 1113 2547 os
1136 2517 1279 2546 suum.
1296 2499 1444 2553 »Quid

112 2594 119 2609 ¹
139 2587 216 2619 Psal.
238 2598 346 2627 vam,
369 2588 418 2619 16.
441 2604 480 2609 —-
506 2594 517 2608 ²
537 2586 647 2618 Matth.
673 2597 705 2627 x,
726 2586 778 2618 23.
