1889 3285
390 290 408 326 1
418 285 472 325 24
814 296 847 321 S.
887 291 1116 320 AUGUSTINI
1151 292 1333 319 EPISCOPI

389 382 408 405 >›
443 361 596 422 pulsae,
624 379 644 401 »
662 359 917 413 incumbite,
933 356 1156 417 impellite.
1177 356 1338 401 Audite
1359 371 1488 416 supra
1512 373 1521 400 :
1547 373 1564 395 «
1590 356 1770 414 Suscep-

390 452 410 475 »
445 442 513 476 tor
530 447 664 485 meus,
681 446 770 474 non
787 429 996 473 movebor
1015 427 1214 488 amplius¹
1239 448 1247 472 :
1269 427 1369 488 quia
1387 436 1598 486 tanquam
1619 440 1771 469 cumu-

391 522 411 545 ³)
446 503 513 546 lus
559 517 699 545 arenae
741 499 950 560 impulsus
1000 513 1097 542 sum
1134 507 1184 542 ut
1227 497 1421 542 caderem
1436 533 1446 553 ,
1485 506 1528 540 et
1560 495 1771 540 Dominus

391 592 412 616 »
448 573 633 632 suscepit
649 575 753 615 me'2.
783 591 800 612 »

448 647 502 688 V.
530 663 550 685 «
580 646 891 687 Verumtamen
911 641 1123 684 honorem
1142 656 1287 684 meum
1309 640 1608 697 cogitaverunt
1629 637 1772 698 repel-

392 733 412 756 η
444 714 556 757 lere3
581 733 589 757 ;
613 731 632 753 »
663 713 765 756 victi
788 713 894 756 dum
915 711 1182 755 interficiunt
1210 709 1437 764 cedentes,
1464 709 1674 767 sanguine
1703 709 1773 752 in-
1825 719 1829 722 ⁴
1886 718 1889 722 “

390 783 669 828 terfectorum
697 781 1033 841 multiplicantes
1065 780 1235 836 fideles,
1271 780 1473 825 cedentes
1506 780 1570 824 his
1608 788 1650 823 et
1683 780 1775 839 jam

391 871 479 899 non
492 854 683 898 valentes
701 851 912 897 occidere.
943 872 961 894 ι(
981 854 1289 896 Verumtamen
1313 852 1526 895 honorem
1544 865 1688 894 meum
1707 865 1777 894 co-

394 943 413 966 »
442 925 686 983 gitaverunt
716 922 939 982 repellere.
983 940 1002 962 »
1034 920 1168 966 Modo
1197 922 1297 982 quia
1334 937 1422 965 non
1463 929 1606 980 potest
1638 919 1777 963 occidi

393 995 680 1049 Christianus,
721 995 860 1052 agitur
897 1003 945 1037 ut
987 994 1278 1037 exhonoretur
1319 992 1604 1037 Christianus.
1651 993 1778 1035 Nune

394 1066 509 1109 enim
549 1066 714 1110 honore
758 1065 1103 1109 Christianorum
1144 1062 1274 1107 corda
1313 1071 1574 1123 torquentur
1617 1061 1778 1121 impio-

394 1152 491 1179 rum
515 1137 625 1195 :jam
645 1137 805 1195 Joseph
828 1134 900 1178 ille
924 1134 1123 1194 spiritalis
1146 1145 1242 1193 post
1264 1133 1560 1178 venditionem
1582 1149 1606 1177 a
1632 1133 1778 1177 fratri-

394 1207 474 1249 bus
489 1242 499 1259 ,
525 1215 621 1265 post
644 1205 965 1249 translationem
984 1204 1038 1248 de
1053 1205 1188 1264 patria
1205 1221 1280 1248 sua
1297 1204 1351 1248 ad
1374 1214 1543 1262 gentes,
1569 1213 1779 1263 tanquam

394 1279 438 1320 in
461 1280 701 1335 AEgyptum
720 1278 757 1331 4,
785 1286 882 1335 post
906 1275 1250 1320 humiliationem
1276 1276 1475 1329 carceris,
1507 1285 1604 1334 post
1628 1273 1782 1318 factio-

396 1363 496 1391 nem
519 1347 634 1391 falsae
648 1347 765 1390 testis
777 1383 787 1401 ,
807 1357 1037 1406 postquam
1056 1347 1221 1390 factum
1237 1345 1433 1405 estquod
1451 1345 1506 1388 de
1525 1344 1599 1389 illo
1614 1343 1782 1389 dictum

398 1427 481 1471 est,
513 1436 531 1459 «
557 1420 737 1461 Ferrum
762 1417 1036 1476 pertransivit
1058 1417 1246 1460 animam
1270 1417 1359 1476 ejus
1374 1419 1389 1442 ⁵
1413 1435 1422 1460 ι
1446 1435 1465 1456 »
1490 1417 1579 1476 jam
1602 1415 1785 1459 honori-

398 1489 550 1532 ficatus
566 1498 643 1542 est,
662 1490 753 1548 jam
771 1504 860 1531 non
877 1497 939 1530 est
957 1487 1156 1531 subditus
1170 1486 1375 1530 fratribus
1389 1486 1693 1539 vendentibus,
1712 1485 1788 1530 sed

398 1557 617 1601 frumenta
647 1568 794 1615 erogat
818 1557 1105 1602 esurientibus
1143 1558 1174 1599 ⁰.
1209 1557 1323 1600 Victi
1351 1557 1440 1616 ejus
1467 1555 1714 1600 humilitate
1743 1565 1787 1600 ct

398 1628 592 1672 castitate
608 1663 618 1682 ,
644 1629 990 1687 incorruptione,
1014 1620 1349 1680 tentationibus,
1377 1626 1648 1685 passionibus
1664 1661 1674 1680 ,
1695 1627 1786 1686 jam

400 1715 500 1742 eum
523 1700 784 1742 honoratum
806 1699 979 1752 vident,
1006 1707 1048 1741 et
1062 1698 1270 1741 honorem
1285 1696 1415 1756 ipsius
1437 1697 1629 1755 cogitant
1651 1695 1786 1756 repel-

397 1770 499 1813 lere.
525 1772 575 1812 In
598 1769 930 1826 cogitationibus
944 1768 1106 1827 quippe
1126 1782 1277 1810 eorum
1296 1776 1359 1810 est
1379 1765 1511 1821 illud,
1541 1786 1560 1807 «
1580 1770 1786 1811 Peccator

404 1861 420 1881 »
456 1841 646 1895 videbit,
675 1858 695 1880 »
721 1855 862 1899 neque
885 1840 999 1882 enirn
1017 1855 1106 1883 non
1122 1838 1310 1893 videbit,
1331 1839 1508 1898 quando
1530 1855 1619 1882 non
1642 1848 1785 1899 potest

396 1912 543 1956 civitas
562 1911 770 1956 abscondi
785 1927 913 1970 supra
931 1921 1123 1955 montem
1147 1911 1424 1954 constituta7.
1452 1914 1658 1955 Peccator
1679 1926 1785 1969 ergo

399 2001 418 2022 »
455 1981 641 2035 videbit,
681 1991 724 2025 et
744 1982 972 2034 irascetur,
1010 1980 1214 2024 dentibus
1243 1981 1328 2024 suis
1366 1979 1538 2024 frendet
1561 1990 1604 2024 et
1641 1981 1784 2025 tabes-

399 2070 418 2092 »
437 2061 504 2095 cet
518 2053 549 2094 3.
572 2055 721 2096 »Latet
741 2053 786 2095 in
807 2051 957 2103 corde,
984 2061 1027 2094 et
1039 2051 1200 2109 tegitur
1222 2049 1364 2094 fronte
1385 2067 1604 2095 venenum
1626 2052 1672 2095 in
1701 2068 1782 2096 sae—

395 2123 610 2166 vientibus
637 2132 678 2166 et
703 2122 1046 2181 indignantibus.
1075 2125 1306 2181 Propterea
1334 2122 1469 2166 ethic
1500 2123 1782 2181 cogitationes

396 2207 546 2236 eorum
565 2192 693 2247 dicit,
723 2212 739 2232 «
763 2196 1006 2247 Honorem,
1032 2191 1197 2251 inquit,
1225 2207 1372 2235 meum
1395 2192 1695 2250 cogitaverunt
1711 2209 1782 2237 re-

398 2281 418 2303 »
454 2262 627 2322 pellere.
658 2282 676 2303 υ
699 2266 795 2308 Non
818 2264 931 2307 enim
954 2262 1116 2306 audent
1133 2263 1274 2306 verbis
1296 2261 1488 2322 proferre
1518 2263 1639 2323 quod
1661 2265 1781 2322 cogi-

397 2343 504 2378 tant.
532 2335 740 2392 Optemus
762 2333 843 2377 illis
875 2334 1010 2388 bona,
1036 2334 1203 2377 etiamsi
1228 2342 1381 2392 optant
1408 2333 1535 2377 mala.
1575 2353 1596 2375 «
1622 2337 1646 2378 J
1653 2335 1780 2379 udica

401 2424 420 2445 »
455 2404 550 2449 illos
570 2408 701 2460 Deus,
729 2404 932 2448 decidant
951 2422 973 2449 a
992 2405 1329 2464 cogitationibus
1351 2405 1436 2448 suis
1450 2406 1511 2448 ⁰.»
1530 2404 1646 2458 Quid
1666 2406 1785 2449 enim

447 2528 455 2542 ¹
476 2520 552 2551 Psal.
571 2531 634 2561 m,
655 2521 684 2551 3.
703 2537 743 2542 —-
760 2527 773 2542 ²
792 2520 836 2551 Id.
854 2531 949 2559 cxvii,
972 2521 1021 2552 13.
1043 2538 1083 2543 —-
1104 2519 1116 2542 3
1136 2521 1181 2552 Id.
1202 2532 1265 2562 txi,
1286 2521 1316 2552 5.
1336 2538 1378 2542 —-
1400 2519 1415 2548 4
1434 2523 1512 2552 Gen.
1528 2531 1652 2559 xxxvii,
1669 2519 1726 2561 36,
1748 2524 1782 2552 et

401 2588 515 2617 xxxix,
538 2589 550 2607 1
565 2603 573 2617 ,
588 2585 629 2615 2,
647 2581 712 2608 etc.
739 2593 780 2598 —-
799 2574 813 2597 5
840 2575 918 2607 Psal.
939 2588 1002 2616 civ,
1022 2565 1072 2609 18]
1094 2594 1135 2599 -—
1153 2576 1167 2600 ⁶
1187 2579 1264 2610 Gen.
1287 2587 1350 2616 xm,
1370 2576 1423 2608 55.
1445 2594 1485 2599 —
1509 2584 1522 2609 7
1542 2576 1653 2609 Matth.
1676 2587 1709 2618 v,
1731 2575 1778 2608 14.

405 2649 441 2652 —
461 2633 788 2673 S1‘sal.‹:.xz1,10.—
808 2640 822 2663 9
841 2633 886 2663 Id.
911 2644 943 2673 v,
969 2643 1018 2664 ii.
