1889 3285
387 234 471 272 216
816 243 848 269 s.
885 240 1114 268 Anonsruu
1147 241 1328 268 prscom

383 312 635 367 tigarcntur‚
656 322 744 350 non
768 306 1002 350 deficerent
1021 306 1066 348 in
1092 306 1171 349 ista
1193 306 1432 365 quaestione
1450 340 1460 359 ,
1493 304 1526 348 si
1548 319 1637 348 non
1658 302 1760 348 talia

383 380 461 423 sibi
481 379 527 422 in
551 376 861 421 resurrectione
885 383 1118 434 sperarent,
1133 374 1275 435 qualia
1293 375 1476 432 agebant
1491 374 1537 416 in
1557 374 1638 417 hac
1655 373 1756 416 vita.

382 449 589 494 Dominus
610 455 755 490 autem
777 444 1069 505 aequalitatem
1085 444 1351 503 Angelorum
1374 444 1646 504 promittens,
1670 457 1761 486 non

383 520 619 563 humanam
652 515 790 559 carnis
823 513 1167 572 corruptionem,
1201 515 1259 557 ait
1279 514 1362 558 illis
1392 533 1401 558 z
1431 533 1451 555 «
1475 513 1662 567 Erratis,
1687 527 1764 555 ne-

387 608 407 630 »
443 588 624 632 scientes
642 585 880 644 Scripturas
902 599 1045 643 neque
1057 585 1262 628 virtutem
1277 585 1376 641 Dei3
1392 585 1437 627 in
1452 583 1766 627 resurrectione

388 678 408 700 n
444 658 559 702 enim
581 671 724 715 neque
737 655 922 708 nubent,
943 669 1085 714 neque
1107 670 1260 698 uxores
1277 655 1463 698 ducent:
1489 668 1632 713 neque
1650 652 1767 696 enim

387 748 407 770 »
442 727 650 786 incipient
671 725 805 779 mori,
831 724 906 767 sed
938 733 1066 767 erunt
1087 723 1273 784 aequales
1295 724 1467 781 Angelis
1493 723 1610 767 Dei1.
1638 741 1657 763 »
1689 724 1769 766 De-

386 797 642 842 monstravit
666 795 785 855 quod
806 795 868 838 ibi
897 795 950 838 sit
972 795 1207 838 necessaria
1229 794 1440 839 successio
1455 829 1466 849 ‚
1488 794 1566 837 ubi
1595 792 1768 836 doletur

387 868 573 913 decessio
594 886 605 911 ;
629 867 691 910 ibi
722 866 822 925 quia
849 864 1092 909 decessores
1115 880 1204 908 non
1227 874 1355 908 erunt
1371 899 1382 918 ‚
1405 880 1486 908 nec
1509 877 1770 906 successores

1829 0 1849 128 [1,

1831 138 1851 237 {l

1832 255 1834 262 A
1849 250 1851 256 1

388 948 653 1000 quaerentur.
685 936 753 981 Ad
778 938 860 980 1100
889 936 1002 979 enim
1032 935 1217 995 subjecit
1243 955 1253 979 :
1290 938 1386 979 Non
1415 935 1530 978 enim
1564 934 1773 991 incipient
1837 940 1839 947 ’

388 1011 512 1055 mori.
539 1012 850 1052 Verumtamen
871 1007 971 1067 quia
989 1007 1130 1050 Judaei
1161 1007 1390 1061 tenebant,
1417 1006 1494 1049 etsi
1526 1004 1770 1059 carnaliter,

390 1096 511 1140 spem
542 1077 865 1122 resurrectionis
899 1076 1088 1131 futurae⁷
1123 1076 1255 1135 gavisi
1285 1085 1385 1119 sunt
1406 1090 1659 1134 responsum
1687 1088 1776 1117 esse
1838 1104 1839 1126 1

395 1150 642 1195 Sadducaeis
660 1184 670 1202 ,
696 1163 796 1192 cum
819 1147 978 1206 quibus
1003 1146 1085 1189 illis
1115 1156 1204 1189 crat
1231 1146 1286 1189 de
1312 1146 1394 1189 hac
1427 1144 1603 1203 ancipiti
1631 1153 1672 1187 et
1696 1143 1776 1187 ob·
1838 1174 1841 1201 3

390 1235 513 1264 scura
547 1218 789 1278 quaestione
821 1225 1055 1259 certamen.
1093 1216 1319 1258 Tenebant
1352 1230 1454 1273 ergo
1484 1213 1626 1257 Judaei
1657 1228 1778 1272 spem
1838 1204 1841 1219 ¹

391 1288 716 1334 resurrectionis
749 1295 1021 1329 mortuorum
1049 1304 1057 1328 :
1085 1294 1128 1328 et
1157 1284 1267 1328 solos
1300 1299 1344 1328 se
1366 1284 1421 1327 ad
1444 1284 1615 1327 beatam
1647 1282 1779 1325 vitam
1838 1284 1841 1319 ἓ

394 1367 708 1403 resurrecturos
741 1356 973 1414 sperabant
999 1363 1178 1413 propter
1204 1369 1312 1412 opus
1348 1354 1498 1412 Legis,
1536 1362 1578 1396 et
1605 1360 1781 1411 propter

391 1428 718 1490 justificationes
750 1426 1066 1484 Scripturarum
1083 1459 1094 1478 ‚
1120 1440 1225 1483 quas
1248 1424 1471 1467 habebant
1493 1422 1572 1467 soli
1605 1412 1778 1476 Judaei;

396 1510 439 1544 et
462 1501 621 1543 Gentes
642 1512 732 1540 non
748 1495 985 1539 habebant.
1016 1513 1036 1536 «
1061 1494 1303 1538 Crucifixus
1325 1503 1389 1537 est
1412 1493 1608 1537 Christus
1627 1512 1637 1548 3
1657 1491 1784 1535 03301-

400 1589 420 1611 »
456 1579 520 1613 tas
543 1584 594 1611 ex
613 1576 734 1626 parte
752 1565 882 1609 Israel
911 1564 1023 1608 facta
1047 1573 1137 1619 est,
1163 1573 1213 1608 ut
1236 1552 1464 1623 plenitudo
1488 1563 1693 1606 Gentium
1716 1561 1786 1604 in-

401 1659 422 1681 »
457 1642 619 1683 1131οΗ
640 1657 648 1681 :
670 1655 690 1677 »
711 1638 795 1680 hoc
815 1635 1024 1695 Apostolo
1046 1634 1232 1678 dicente.
1259 1634 1406 1693 Coepit
1428 1634 1557 1676 etiam
1570 1632 1787 1676 'Gentibus

399 1709 594 1771 promitti
627 1707 883 1751 resurrectio
916 1714 1216 1759 mortuorum,
1253 1703 1532 1748 credentibus
1562 1702 1608 1746 in
1641 1705 1788 1746 Jesum

400 1781 620 1825 Christum
635 1777 753 1836 quod
772 1775 1066 1820 resurrexerit.
1087 1775 1194 1817 Inde
1209 1773 1403 1818 Psalmus
1415 1774 1494 1817 iste
1508 1782 1572 1816 est
1588 1772 1788 1816 adversus

401 1848 785 1910 praesumptionem
812 1855 855 1890 et
878 1845 1126 1904 superbiam
1151 1843 1428 1898 Judaeorum‚
1453 1859 1532 1903 pro
1558 1843 1646 1886 fide
1675 1844 1790 1886 Gen-

404 1922 513 1964 tium
530 1918 586 1963 ad
603 1918 800 1962 eamdem
821 1931 941 1975 spem
966 1915 1286 1959 resurrectionis
1304 1923 1572 1957 vocatarum.

462 1993 521 2034 II.
547 1988 748 2042 Quodam
765 1986 918 2040 modo,
942 1986 1093 2029 fratres
1115 1985 1226 2039 mei,
1250 1985 1442 2028 animum
1461 1983 1621 2028 Psalmi
1643 1981 1790 2026 audis-

406 2061 474 2104 tis.
496 2062 548 2103 In
568 2059 652 2102 1100
679 2056 798 2117 quod
820 2055 930 2109 dixi,
949 2055 994 2098 in
1015 2055 1099 2099 hoc
1127 2053 1247 2114 quod
1274 2054 1506 2113 proposui,
1540 2062 1632 2096 tota
1652 2062 1792 2096 vestra

408 2128 697 2188 suspendatur
723 2126 932 2182 intentio3
968 2124 1070 2168 hinc
1102 2140 1178 2167 vos
1209 2122 1328 2167 nulla
1361 2123 1564 2180 cogitatio
1596 2131 1789 2166 avertat:

409 2208 559 2244 contra
582 2197 966 2257 praesumptionem
988 2194 1147 2238 dicitur
1170 2197 1193 2237 J
1201 2193 1423 2237 udaeorum
1446 2228 1457 2247 ,
1492 2192 1569 2252 qui
1591 2192 1646 2236 de
1665 2192 1792 2251 justi-

408 2268 684 2314 ficationibus
709 2267 833 2323 Legis
862 2265 1094 2325 sperabant
1115 2264 1196 2306 sibi
1217 2264 1574 2307 resurrectionem
1591 2297 1602 2316 ‚
1628 2270 1672 2305 et
1693 2276 1794 2305 cru-

410 2341 639 2385 cifixerunt
661 2338 881 2382 Christum
905 2336 979 2396 qui
1008 2335 1170 2394 primus
1199 2333 1452 2387 resurrexit,
1489 2348 1578 2376 non
1600 2331 1795 2375 membra

412 2417 703 2454 resurrectura
729 2407 839 2451 solos
864 2409 1038 2449 Judaeos
1073 2404 1297 2448 habiturus
1315 2438 1325 2457 ,
1362 2402 1436 2447 sed
1471 2417 1620 2446 omnes
1648 2401 1722 2460 qui
1750 2401 1794 2444 in

413 2494 514 2524 eum
547 2477 852 2531 credidissent,
883 2477 927 2520 id
967 2484 1056 2529 est,
1092 2488 1241 2517 omnes
1272 2474 1446 2515 Gentes.
1490 2470 1597 2515 Inde
1630 2470 1790 2530 coepit:

467 2571 475 2586 ¹
496 2564 610 2595 Matth.
628 2573 704 2602 xxn,
723 2562 843 2602 23-30,
866 2565 897 2592 et
918 2563 992 2592 Luc.
1015 2570 1070 2599 xx,
1090 2558 1199 2599 27-36.
1223 2575 1263 2580 -
1284 2560 1394 2588 ²Rom.
1412 2568 1458 2596 xr,
1477 2556 1530 2588 ⁰25.
