1889 3285
419 257 663 286 ENAunAno
696 260 740 286 m
773 258 975 288 PsALMUM
1007 261 1151 288 Lxxiv.
1391 251 1469 288 501

96 302 216 368 C⁸alix
247 336 347 380 ergo
376 322 456 366 iste
487 321 652 382 aliquid
683 324 910 383 significat.
948 325 1222 369 Inveniemus
1243 325 1341 369 hoc.
1374 344 1395 367 «
1422 327 1474 369 In

96 412 117 435 »
152 409 286 438 manu
308 402 453 438 autem
470 394 668 449 Domini,
694 413 714 435 »
741 404 804 439 est
824 395 870 439 in
886 404 1098 455 potestate
1118 396 1304 440 Domini.
1321 399 1475 441 Manus

93 463 210 508 enim
225 464 302 507 Dei
319 498 330 519 ,
355 473 542 523 potestas
559 465 636 508 Dei
655 465 957 509 commendata
974 474 1052 510 est.
1073 468 1183 511 Nam
1204 475 1248 510 et
1267 465 1322 509 de
1338 466 1478 510 homi-

92 535 223 579 nibus
251 533 509 594 plerumque
544 534 702 579 dicitur
724 555 732 580 :
755 539 807 579 In
828 551 963 579 manu
981 536 1065 580 hoc
1081 535 1213 585 hahet
1239 555 1247 580 :
1272 536 1355 580 hoc
1379 545 1442 580 cst
1461 571 1473 591 ‚

93 605 137 649 in
154 613 366 664 potestate
388 605 542 661 habet,
564 620 662 649 cum
680 605 776 650 vult
803 604 921 650 facit.
951 624 971 647 «
991 606 1092 650 Vini
1113 606 1219 649 meri
1242 605 1395 664 plenus
1415 615 1480 650 est

94 692 115 717 »
150 675 299 719 mixto.
329 693 348 716 >›
375 677 704 735 Consequenter
726 676 816 735 ipse
838 676 1064 735 exposuit:
1092 694 1112 717 «
1134 675 1364 720 Inclinavit
1382 711 1392 731 ,
1416 676 1477 719 in-

94 763 115 788 »
150 746 267 806 quit,
296 761 346 789 ex
380 746 464 790 hoc
494 746 539 789 in
570 747 720 804 hunc,
755 756 1054 791 verumtamen
1085 745 1169 789 faex
1197 747 1286 806 ejus
1308 755 1479 790 nonest

93 834 113 858 »
148 816 378 860 exinanita.
401 834 420 857 »
439 819 552 861 Ecce
570 817 687 860 unde
703 817 836 861 mixto
852 816 954 861 vino
976 816 1128 876 plenus
1144 826 1248 860 erat.
1266 819 1363 861 Non
1376 831 1477 874 ergo

89 901 164 931 vos
190 895 378 942 terreat,
405 887 507 947 quia
529 896 571 931 et
593 902 763 931 merum
792 896 835 931 et
855 887 1040 931 mixtum
1067 906 1076 932 z
1106 902 1276 930 merum
1301 896 1478 946 propter

88 957 401 1012 sinceritatem,
418 957 600 1001 mixtum
615 966 791 1016 propter
806 956 971 1001 faecem.
989 957 1103 1010 Quid
1116 971 1216 1014 ergo
1233 956 1292 1000 ibi
1305 957 1474 1011 vinum,

89 1036 132 1071 et
152 1026 258 1087 quid
285 1025 394 1071 faex?
418 1030 475 1071 Et
491 1027 598 1087 quid
620 1037 702 1083 est,
732 1047 752 1070 «
775 1027 1008 1072 Inclinavit
1029 1042 1080 1070 ex
1107 1027 1191 1071 hoc
1213 1027 1260 1071 in
1280 1028 1422 1082 hunc,
1451 1044 1473 1069 11

87 1097 143 1142 ita
162 1106 212 1141 ut
228 1096 312 1140 faex
332 1101 424 1157 ejus
445 1113 534 1142 non
552 1107 661 1142 esset
678 1098 920 1142 exinanita?

145 1169 246 1212 XII.
284 1168 409 1212 Unde
440 1167 607 1211 venerit
639 1167 694 1212 ad
728 1169 840 1223 hoc,
864 1166 1177 1211 recordamini:
1203 1185 1222 1208 «
1241 1169 1369 1210 Hunc
1390 1167 1477 1210 hu·
1507 1193 1513 1198 -

90 1256 110 1279 »
144 1237 283 1281 miliat
303 1272 313 1292 ,
339 1246 382 1280 et
399 1238 517 1280 hunc
546 1237 718 1280 exaltat.
751 1257 767 1277 »
789 1237 915 1289 Quod
937 1239 1173 1296 figuratum
1199 1246 1261 1280 est
1283 1236 1406 1280 nobis
1430 1237 1476 1280 in

85 1306 324 1365 Evangelio
345 1322 423 1366 per
445 1306 554 1350 duos
576 1306 795 1360 homines,
822 1306 1087 1350 Pharisaeum
1103 1315 1146 1350 et
1162 1305 1475 1361 Publicanum,

85 1378 169 1422 hoc
200 1376 330 1421 latius
361 1377 644 1436 accipientes,
681 1376 972 1435 intelligamus
1004 1377 1114 1421 duos
1144 1377 1355 1437 populos,
1393 1380 1476 1421 Ju-

85 1447 283 1492 daeorum
307 1456 349 1491 et
371 1447 579 1492 Gentium
600 1467 609 1491 ι
631 1447 885 1491 Judaeorum
902 1447 1091 1507 populus
1109 1448 1350 1491 Pharisaeus
1370 1447 1443 1491 ille
1460 1481 1472 1502 ,

86 1518 293 1562 Gentium
315 1517 504 1577 populus
527 1517 790 1561 Publicanus
812 1516 898 1560 ille.
920 1520 943 1560 J
949 1516 1175 1561 udaeorum
1191 1518 1379 1576 populus
1391 1519 1477 1577 jac-

85 1588 206 1632 tabat
228 1588 380 1631 merita
405 1604 479 1632 sua
498 1622 509 1642 ,
535 1587 741 1631 Gentium
764 1587 1055 1631 confitebatur
1075 1596 1250 1646 peccata
1273 1603 1362 1630 sua.
1394 1588 1477 1640 Qui

85 1658 206 1703 novit
235 1659 279 1703 in
297 1659 470 1703 Litteris
490 1658 647 1702 sanctis
662 1693 672 1712 ,
702 1666 745 1701 et
761 1656 975 1716 Epistolas
991 1656 1261 1716 apostolicas,
1287 1666 1330 1700 et
1344 1661 1478 1701 Actus

83 1729 420 1788 Apostolorum,
456 1727 576 1771 videt
606 1727 669 1770 ibi
697 1727 817 1787 quod
848 1727 947 1771 dico
974 1746 982 1771 :
1008 1742 1062 1770 ne
1089 1725 1271 1785 longum
1296 1727 1444 1770 faciam
1459 1762 1475 1782 ,

83 1798 308 1859 quomodo
330 1798 527 1858 Apostoli
547 1798 888 1842 exhortabantur
907 1799 1065 1841 Gentes
1087 1812 1142 1841 ne
1165 1796 1444 1856 desperarent
1463 1832 1475 1852 ,

83 1869 204 1928 quod
240 1870 284 1912 in
319 1870 484 1928 magnis
520 1869 705 1928 peccatis
729 1868 963 1927 jacuissent
984 1888 994 1924 3
1019 1876 1062 1911 et
1083 1867 1377 1926 reprimebant
1395 1871 1476 1912 Ju-

83 1938 221 1993 daeos,
256 1954 311 1982 116
346 1954 390 1982 se
421 1939 679 1983 extollerent
702 1939 823 1999 quasi
847 1954 896 1982 ex
917 1938 1300 1998 justificationibus
1324 1941 1473 1998 Legis,

84 2019 127 2053 et
144 2008 242 2053 ideo
264 2024 308 2052 se
329 2018 538 2068 putarent
551 2011 711 2068 justos,
733 2008 924 2053 Gentiles
941 2018 1085 2052 autem
1101 2017 1346 2067 peccatores
1368 2025 1477 2066 esse,

84 2081 186 2141 quia
214 2079 376 2124 Judaeis
408 2089 450 2123 et
474 2083 560 2123 Lex
584 2089 674 2123 erat
691 2114 701 2133 ,
727 2090 770 2122 et
805 2079 1017 2139 templum
1053 2088 1170 2134 erat,
1207 2089 1251 2123 et
1272 2080 1477 2125 sacerdo-

83 2151 192 2195 tium
216 2153 346 2194 erat¹.
379 2149 448 2193 Illi
471 2159 616 2193 autem
642 2165 789 2193 omnes
816 2150 1002 2193 cultores
1020 2149 1235 2194 idolorum
1253 2185 1263 2204 ,
1288 2166 1478 2195 venera-

84 2231 197 2266 tores
220 2221 536 2265 daemoniorum
550 2257 559 2275 ,
585 2221 713 2278 longe
733 2220 909 2280 quidem
925 2220 1070 2279 positi,
1087 2221 1197 2264 sicut
1210 2222 1478 2267 Publicanus

83 2292 157 2336 ille
188 2291 243 2336 de
271 2291 513 2352 longinquo
547 2292 703 2335 stabat.
746 2291 864 2335 Sicut
892 2289 954 2333 illi
977 2291 1270 2350 superbiendo
1293 2308 1478 2337 recesse-

84 2372 213 2414 runt,
238 2363 296 2407 sic
315 2363 381 2406 isti
403 2362 653 2407 confitendo
671 2364 1090 2422 propinquaverunt.
1119 2363 1241 2408 Calix
1258 2379 1362 2422 ergo
1383 2364 1474 2408 vini

83 2434 190 2477 meri
204 2433 358 2493 plenus
380 2434 424 2477 in
442 2449 574 2478 manu
595 2433 784 2488 Domini,
803 2441 1016 2493 quantum
1039 2432 1174 2477 donat
1195 2434 1405 2477 Dominus
1425 2442 1476 2478 ut

84 2503 324 2563 intelligam
352 2523 360 2548 :
381 2506 553 2562 (Potest
581 2505 696 2548 enim
730 2503 837 2548 alius
858 2502 1014 2548 melius
1031 2538 1041 2558 ,
1067 2504 1168 2563 quia
1192 2503 1250 2548 sic
1275 2519 1318 2547 se
1338 2504 1472 2548 habet

135 2594 143 2610 ¹
167 2589 255 2620 Rom.
272 2599 318 2628 111,
335 2587 366 2630 4.
