1889 3285
445 266 687 297 ENARRATIO
717 270 764 296 m
795 268 998 298 rsALiva
1029 271 1149 299 unx.
1404 260 1488 299 359

108 348 199 382 non
220 336 327 381 dixit
343 335 447 380 ille:
482 353 503 377 «
538 338 801 379 Avertantur
831 335 1001 391 statim,
1029 344 1074 379 et
1094 337 1378 392 erubescant,
1412 337 1491 397 qui

113 425 133 448 υ
168 404 322 450 dicunt
341 404 476 448 mihi:
499 408 648 463 Euge,
672 419 782 463 euge
808 422 818 449 ε
844 421 865 445 »
890 419 971 449 nee
997 419 1069 448 eos
1093 406 1308 464 corrigere
1321 404 1486 462 voluit,

107 485 160 520 ut
181 476 353 521 Christo
387 474 607 519 dicerent:
638 478 733 519 Dux
764 475 903 530 bone,
936 474 1025 518 dux
1057 475 1277 534 praeclare.
1303 478 1362 520 At
1386 491 1490 521 vero

107 545 339 606 Apostolus
361 544 644 590 reformidans
674 548 797 604 Euge
824 546 1074 600 hominum,
1100 554 1150 590 ut
1171 561 1270 589 vere
1290 546 1491 591 laudare-

107 625 180 661 tur
195 616 241 659 in
261 615 455 670 Christo,
477 615 619 659 noluit
634 630 678 658 se
698 614 866 659 laudari
888 631 967 675 pro
999 616 1195 673 Christ03
1221 615 1490 660 dicentibus-

107 702 196 746 que
217 685 479 746 quibusdam
495 706 505 742 3
534 704 554 727 «
568 688 660 743 Ego
678 701 773 729 sum
792 686 928 741 Pauli,
947 705 966 727 >›
985 684 1208 746 respondit
1227 686 1273 729 in
1290 685 1491 731 libertate

106 757 310 811 Domini,
339 776 359 799 «
379 757 599 816 Numquid
624 754 784 800 Paulus
807 758 1036 801 crucifixus
1058 767 1122 801 est
1137 773 1216 816 pro
1234 757 1358 802 vobis
1377 758 1395 798 ἱ)
1416 766 1491 802 aut

110 845 131 869 »
166 828 212 871 in
233 827 410 871 nomine
423 826 547 870 Pauli
564 826 768 886 baptizati
791 827 889 870 estis
902 829 937 869 ¹?
950 846 970 869 (ι
987 830 1103 886 Ergo
1118 827 1265 871 dicant
1279 830 1490 885 Martyres

105 898 152 942 in
183 896 485 956 persecutione
518 896 648 940 etiam
669 896 942 940 adulantium
966 916 975 941 z
1013 916 1034 940 «
1058 901 1322 942 Avertantur
1343 898 1489 942 statim

109 985 131 1009 n
165 968 467 1012 erubescentes
481 1000 492 1022 ,
513 967 589 1026 qui
605 966 760 1011 dicunt
777 968 884 1010 mihi
904 987 912 1012 :
933 970 1079 1026 Euge,
1103 983 1228 1027 euge.
1255 986 1276 1009 »

164 1041 242 1083 VI.
279 1042 336 1083 Et
363 1037 470 1098 quid
499 1039 575 1093 fit,
610 1053 711 1082 cum
748 1037 811 1081 illi
841 1046 1113 1093 avertuntur,
1152 1047 1195 1082 et
1227 1038 1491 1083 erubescunt

105 1123 281 1166 omnes;
305 1109 393 1153 sive
420 1108 496 1168 qui
517 1118 721 1168 quaerunt
749 1109 937 1152 animam
959 1116 1100 1152 meam
1118 1143 1128 1163 ‚
1154 1109 1242 1152 sive
1264 1109 1340 1168 qui
1368 1108 1490 1167 cogi-

104 1188 200 1223 tant
221 1179 328 1222 mihi
345 1178 479 1233 mala,
502 1179 589 1222 sive
605 1179 682 1238 qui
708 1193 920 1237 perversa,
947 1186 990 1222 et
1012 1177 1210 1222 simulata
1227 1178 1492 1222 benevolen-

105 1249 166 1293 tia
181 1284 192 1304 ‚
216 1248 366 1306 lingua
388 1247 543 1292 volunt
577 1247 772 1292 emollire
795 1247 916 1307 quod
938 1247 1121 1306 feriant3
1146 1263 1247 1292 cum
1267 1247 1427 1292 fuerint
1447 1258 1491 1293 et

104 1319 187 1379 ipsi
204 1318 339 1362 aversi
357 1327 399 1361 et
420 1315 615 1372 confusi,
639 1317 746 1377 quid
769 1318 871 1361 fiet?
897 1337 916 1358 «
941 1318 1164 1373 Exustent,
1185 1327 1227 1361 et
1237 1318 1490 1378 jucunden-

107 1407 128 1431 »
163 1399 236 1433 tur
251 1389 298 1432 in
316 1393 413 1433 te‘2:
442 1406 462 1429 »
490 1405 579 1432 non
595 1389 642 1431 in
663 1403 756 1443 me,
780 1404 870 1432 non
892 1390 938 1432 in
953 1388 1045 1444 illo,
1071 1398 1146 1433 aut
1163 1389 1208 1432 in
1227 1389 1324 1444 illo,
1349 1389 1424 1433 sed
1445 1390 1492 1435 in

103 1475 194 1521 quo
221 1458 324 1503 sacti
351 1467 453 1502 sunt
480 1458 554 1502 lux
579 1459 655 1518 qui
686 1457 866 1502 fuerunt
900 1459 1108 1503 tenebrae.
1139 1478 1157 1499 «
1184 1458 1415 1514 Exultent,
1446 1469 1490 1504 et

105 1548 127 1572 »
156 1528 459 1589 jucundentur
480 1530 525 1571 in
548 1537 613 1583 te,
648 1543 797 1572 omnes
825 1529 901 1587 qui
923 1537 1129 1588 quaerunt
1146 1537 1203 1572 te.
1229 1546 1248 1569 »
1272 1527 1405 1573 Aliud
1427 1539 1492 1573 est

102 1614 297 1661 quaerere
318 1602 458 1643 Deum
474 1634 485 1653 ,
512 1598 630 1643 aliud
653 1614 849 1659 quaerere
871 1599 1109 1643 hominem.
1137 1616 1154 1639 c<
1182 1599 1491 1644 Jucundentur

104 1689 126 1713 >2
160 1672 238 1732 qui
264 1680 470 1731 quaerunt
497 1681 554 1715 te.
579 1690 596 1711 »
622 1673 720 1715 Non
747 1671 1114 1730 jucundabuntur
1136 1685 1237 1728 ergo
1261 1671 1338 1731 qui
1364 1687 1489 1731 qnae-

101 1750 207 1786 runt
227 1756 286 1794 se,
307 1756 417 1799 quos
438 1740 556 1799 prior
575 1740 768 1800 quaesisti
791 1749 1024 1800 antequam
1040 1750 1287 1800 quaererent
1299 1749 1356 1784 te.
1374 1744 1490 1786 Non-

80 1870 83 1873 *
102 1812 209 1856 dum
232 1811 455 1871 quaerebat
477 1811 566 1854 ovis
588 1809 662 1853 illa
683 1819 896 1869 pastorem
912 1831 922 1867 3
939 1810 1211 1854 aberraverat
1228 1826 1251 1853 a
1273 1824 1400 1869 grege
1415 1846 1426 1866 ,
1447 1821 1490 1856 et

102 1880 325 1925 descendit
346 1881 401 1923 ad
424 1895 544 1937 eam3
578 1879 778 1939 quaesivit
809 1895 926 1934 eam,
968 1880 1202 1938 reportavit
1232 1881 1277 1923 in
1298 1881 1488 1925 humeris

102 1952 205 1996 suis³
225 1986 234 1994 .
267 1953 530 1995 Contemnet
560 1959 629 2005 te,
657 1966 683 1994 o
711 1950 821 2005 ovis,
855 1959 1122 2010 quaerentem
1155 1963 1222 2007 se,
1259 1951 1337 2012 qui
1368 1952 1487 2011 prior

100 2021 303 2082 quaesivit
336 2029 689 2065 contemnentem
721 2036 790 2075 se,
816 2030 859 2064 et
880 2037 969 2065 non
998 2030 1267 2081 quaerentem
1289 2024 1363 2066 se?
1390 2025 1487 2067 Jam

101 2107 204 2150 ergo
221 2106 416 2151 quaerere
437 2105 535 2134 eum
552 2091 693 2150 incipe
704 2126 714 2144 ‚
737 2092 812 2151 qui
834 2092 951 2150 prior
968 2092 1166 2152 quaesivit
1183 2101 1227 2135 te
1243 2127 1253 2147 ‚
1279 2101 1323 2136 et
1337 2108 1486 2152 repor-

99 2161 208 2206 tavit
233 2162 280 2205 in
312 2160 503 2204 humeris
538 2160 639 2204 suis.
671 2163 703 2204 F
710 2176 758 2205 ac
790 2160 910 2221 quod
938 2161 1030 2206 ait:
1069 2180 1089 2203 «
1113 2164 1222 2214 Quae
1254 2171 1357 2208 sunt
1384 2178 1484 2207 oves

101 2243 124 2274 ·»
157 2246 291 2285 meae,
325 2246 478 2275 vocem
507 2245 648 2274 meam
676 2231 886 2286 audiunt,
918 2240 961 2275 et
988 2241 1232 2292 sequuntur
1252 2233 1368 2276 me⁴.
1394 2252 1412 2274 »
1441 2232 1484 2277 si

99 2316 203 2360 ergo
225 2299 505 2361 quaeris'eum
537 2301 614 2360 qui
641 2302 759 2360 prior
780 2302 980 2361 quaesivit
1001 2311 1068 2357 te,
1104 2310 1147 2345 et
1175 2304 1265 2347 ovis
1294 2302 1406 2348 facta
1440 2319 1484 2349 es

100 2373 214 2432 ejus,
242 2381 286 2415 et
318 2369 440 2414 audis
460 2386 612 2415 vocem
630 2372 810 2431 pastoris
840 2373 931 2427 tui,
957 2380 999 2416 et
1027 2373 1216 2433 sequeris
1239 2388 1361 2431 eum3
1385 2373 1486 2417 vide

100 2441 208 2502 quid
230 2441 310 2485 tibi
331 2441 386 2485 de
402 2456 446 2484 se
465 2441 678 2497 ostendit,
708 2442 816 2503 quid
847 2443 902 2486 de
925 2458 1105 2503 corpore
1126 2459 1227 2499 suo,
1251 2459 1307 2487 ne
1327 2444 1372 2487 in
1395 2445 1488 2503 ipso

101 2523 278 2568 errareS,
299 2527 354 2556 ne
370 2512 417 2556 in
438 2512 630 2557 Ecclesia
643 2528 821 2569 errares,
847 2529 903 2558 ne
920 2514 1016 2574 quis
1038 2513 1118 2558 tibi
1135 2514 1322 2558 diceret:
1343 2514 1491 2559 Chris·-

149 2603 159 2618 ¹
187 2606 200 2627 1
225 2598 297 2628 Cor.
317 2607 341 2636 ι,
363 2605 414 2629 12.
437 2612 480 2620 --
499 2603 512 2619 ²
531 2596 611 2629 Psal.
631 2607 719 2637 uix,
739 2597 771 2629 5.
793 2614 834 2620 —
855 2596 868 2620 3
892 2599 970 2630 Luc.
992 2609 1050 2638 xv,
1070 2597 1102 2639 4,
1123 2614 1164 2621 --
1185 2596 1202 2627 4
1225 2599 1314 2630 Joan.
1334 2600 1368 2639 x,
1387 2597 1419 2629 3.
