1889 3285
380 252 463 288 392
811 263 843 292 s.
883 263 1110 292 Arcus‘rlm
1144 267 1324 294 Eprseom

376 328 476 372 volo
503 327 692 386 gloriari.
719 348 738 371 «
762 330 872 375 Mihi
896 339 1038 374 autem
1055 366 1066 386 ,
1097 332 1157 374 ait
1176 331 1431 391 Apostolus,
1460 331 1570 376 absit
1594 331 1766 391 gloriari

377 416 397 439 »
434 398 516 441 nisi
535 398 583 442 in
604 415 732 444 cruce
755 401 928 445 Domini
949 401 1084 445 nostri
1108 403 1212 446 Jesu
1233 403 1394 446 Christi
1411 404 1476 458 1,»
1502 402 1583 446 nisi
1612 402 1659 445 in
1685 401 1762 447 illo
1809 409 1815 413 '

375 468 452 528 qui
470 483 513 511 se
534 468 640 512 mihi
656 469 779 514 vivus
794 480 985 526 mortuo,
998 480 1049 515 ut
1063 486 1345 530 resurgerem,
1357 473 1573 532 coaptavit
1588 491 1597 517 t
1613 481 1664 516 ut
1669 473 1760 532 jam

373 554 464 582 non
485 554 565 597 ego
586 540 776 584 viverem
789 576 799 596 ,
825 541 991 585 viveret
1011 550 1157 585 autem
1185 542 1231 585 in
1246 557 1316 586 me
1338 543 1534 587 Christus
1547 547 1579 586 2.
1604 543 1759 602 Inipsa

373 610 509 668 gratia
549 609 736 669 glorians
751 647 762 667 ,
802 631 823 654 «
856 612 1162 656 Litteraturam
1194 629 1284 658 non
1303 614 1487 672 cognovi
1509 633 1517 658 :
1548 632 1568 655 »
1593 613 1640 657 id
1661 623 1725 658 est
1743 649 1755 669 ,

367 679 567 725 homines
596 680 650 725 de
685 682 827 725 littera
850 691 1160 742 praesumentes
1177 718 1188 738 ,
1214 692 1258 727 et
1280 699 1303 728 a
1326 685 1460 742 gratia
1488 683 1723 729 resilientes
1743 719 1754 739 ‚

367 759 463 795 toto
486 752 617 797 corde
631 753 874 811 reprobavi.

428 824 528 866 XX.
575 823 732 867 Merito
755 823 950 883 sequitur
972 858 983 878 ,
1019 842 1040 865 «
1083 824 1280 869 Introibo
1314 825 1360 869 in
1391 826 1632 885 potentiam
1667 828 1758 870 Do-

371 910 393 933 »
428 892 560 936 mini3
578 913 587 937 :
602 912 621 934 »
637 909 727 938 non
740 909 898 949 meam,
918 892 1008 949 sed,
1033 913 1052 936 «
1069 895 1286 939 Domini.»
1301 899 1411 941 Nam
1426 895 1488 939 illi
1502 896 1547 939 in
1565 897 1759 955 potentia

363 977 445 1009 sua
466 962 521 1007 de
535 963 678 1008 littera
693 963 861 1023 gloriati
880 973 998 1019 sunt,
1016 963 1116 1008 ideo
1133 964 1385 1025 adjunctam
1401 965 1556 1010 litterae
1574 966 1756 1024 gratiam

366 1049 457 1078 non
479 1044 782 1094 cognoverunt
799 1036 831 1079 ⁴.
854 1054 874 1077 «
893 1038 1004 1081 Nam
1022 1038 1110 1079 Lex
1131 1051 1208 1095 per
1223 1039 1407 1094 Moysen
1424 1036 1525 1081 data
1545 1046 1610 1081 est
1625 1072 1636 1092 ,
1660 1052 1758 1096 gra-

367 1120 391 1144 »
427 1104 486 1148 tia
507 1114 550 1149 et
565 1105 720 1150 veritas
742 1121 819 1165 per
833 1108 982 1150 Jesum
1009 1105 1231 1151 Christum
1253 1106 1367 1151 sacta
1388 1115 1466 1151 est.
1486 1125 1505 1148 »
1527 1109 1623 1165 Ipse
1642 1107 1759 1151 enim

365 1173 486 1218 venit
507 1183 558 1217 ut
579 1178 739 1233 Legem
773 1175 1004 1235 impleret,
1046 1175 1224 1236 quando
1255 1176 1511 1221 charitatem
1544 1175 1754 1232 donavit,

364 1257 442 1301 per
468 1259 603 1302 quam
639 1248 727 1288 Lex
758 1254 902 1302 posset
932 1245 1118 1304 impleri.
1159 1264 1179 1287 «
1210 1245 1444 1289 Plenitudo
1478 1247 1594 1288 enim
1633 1245 1757 1304 Legis

368 1330 390 1353 »
425 1312 610 1357 charitas
625 1315 655 1357 ⁵.
680 1331 700 1355 »
724 1312 794 1357 Illi
825 1328 915 1357 non
940 1313 1152 1358 habentes
1182 1314 1437 1358 charitatem
1452 1349 1462 1369 ,
1486 1314 1532 1358 id
1553 1325 1642 1371 est,
1666 1331 1758 1360 non

368 1383 579 1428 habentes
599 1384 800 1443 spiritum
832 1384 980 1443 gratiae
1000 1403 1008 1429 :
1040 1403 1058 1424 «
1075 1384 1183 1437 Quia
1206 1385 1389 1429 charitas
1412 1385 1489 1429 Dei
1511 1384 1670 1430 diffiisa
1691 1395 1756 1448 est

368 1472 389 1494 »
424 1455 469 1498 in
484 1454 690 1500 cordibus
713 1455 870 1499 nostris
889 1471 965 1515 per
990 1456 1198 1514 Spiritum
1221 1465 1420 1500 sanctum
1438 1457 1515 1517 qui
1541 1456 1667 1501 datus
1689 1466 1754 1502 est

367 1541 388 1564 »
421 1524 591 1580 nobisss,
620 1543 640 1566 »
665 1534 967 1569 remanserunt
991 1524 1223 1584 gloriantes
1252 1527 1298 1569 in
1327 1526 1484 1570 littera.
1515 1546 1535 1569 «
1553 1526 1756 1587 Sedquia

364 1612 385 1636 »
420 1595 563 1640 littera
596 1595 754 1640 occidit
770 1631 780 1651 ,
807 1596 990 1656 Spiritus
1014 1605 1159 1640 autem
1181 1597 1402 1641 vivificat⁷
1423 1613 1431 1638 z
1458 1613 1548 1642 non
1570 1598 1756 1657 cognovi

363 1682 384 1706 »
420 1664 711 1710 litteraturam
745 1675 789 1710 et
815 1667 1007 1710 introibo
1039 1667 1085 1710 in
1115 1668 1356 1726 potentiam
1387 1668 1578 1712 Domini.
1602 1687 1622 1710 »
1650 1668 1755 1713 Ideo

362 1750 509 1780 versus
529 1736 607 1780 iste
625 1752 809 1796 sequens
827 1737 1056 1781 confirmat
1067 1737 1322 1797 perficitque
1343 1739 1618 1793 sententiam,
1634 1740 1693 1783 ita
1705 1748 1756 1783 ut

361 1822 458 1850 eam
481 1807 585 1865 figat
607 1808 651 1851 in
666 1807 870 1851 cordibus
892 1808 1122 1852 hominum
1139 1843 1150 1862 ,
1177 1823 1258 1851 nec
1276 1808 1409 1851 alium
1427 1810 1650 1867 permittat
1666 1825 1756 1853 om·

361 1878 466 1921 nino
486 1878 673 1936 irrepere
691 1877 776 1921 ulla
799 1893 849 1921 ex
866 1888 987 1937 parte
1008 1877 1293 1921 intellectum.
1313 1897 1333 1920 «
1354 1879 1562 1934 Domine,
1584 1895 1754 1924 memo-

365 1966 385 1988 »
416 1948 546 1992 rabor
576 1948 755 2008 justitiae
781 1957 868 1991 tuae
900 1946 1046 1991 solius.
1085 1949 1122 1990 O
1159 1947 1320 1991 solius!
1351 1967 1370 1989 »
1403 1948 1516 2000 Quid
1551 1948 1748 2005 addidit,

365 2038 386 2060 ‹<
423 2018 562 2062 Solius
578 2054 589 2072 ,
615 2037 634 2059 »
661 2034 767 2077 rogo
799 2019 910 2062 vos?
936 2018 1163 2062 Sufficeret
1180 2053 1190 2072 ,
1223 2037 1243 2060 «
1275 2018 1553 2062 memorabor
1568 2019 1751 2078 justitiae

362 2107 383 2130 »
419 2098 521 2132 tuae.
556 2088 696 2134 Solius
713 2125 723 2144 ,
752 2107 772 2129 »
798 2089 966 2148 inquit,
991 2103 1167 2147 prorsus
1189 2107 1197 2131 :
1223 2088 1286 2131 ibi
1312 2104 1453 2132 meam
1475 2104 1564 2132 non
1586 2091 1745 2148 cogito.

365 2178 385 2200 t(
420 2158 537 2212 Quid
553 2159 667 2203 enim
689 2160 822 2203 habes
845 2158 965 2218 quod
977 2174 1066 2202 non
1085 2159 1312 2218 accepisti?
1337 2159 1378 2203 Si
1400 2168 1545 2203 autem
1568 2169 1612 2204 et
1633 2176 1749 2204 acce-

319 2264 322 2265 7
363 2246 384 2270 »
422 2229 542 2288 pisti,
580 2228 686 2289 quid
724 2228 915 2286 gloriaris
946 2228 1068 2288 quasi
1092 2244 1182 2272 non
1220 2230 1492 2287 acceperisss?
1526 2248 1544 2270 »
1577 2231 1750 2275 ,Iustitia

360 2309 434 2345 tua
456 2300 545 2344 sola
562 2316 631 2343 me
652 2300 808 2344 liberat
825 2336 835 2354 ,
853 2316 949 2344 mea
969 2300 1058 2344 sola
1080 2315 1170 2344 non
1192 2308 1293 2343 sunt
1316 2300 1396 2343 nisi
1425 2310 1617 2359 peccata.
1651 2305 1749 2346 Nou

357 2370 515 2430 glorier
537 2386 637 2428 ergo
660 2369 714 2413 de
748 2371 912 2415 viribus
942 2370 1073 2425 meis,
1106 2385 1196 2414 non
1224 2370 1269 2413 in
1295 2369 1437 2414 littera
1460 2386 1708 2415 remaneam
1735 2391 1744 2417 :

353 2441 584 2500 reprobem
603 2440 914 2496 litteraturam,
939 2440 987 2484 id
1007 2450 1096 2495 est,
1116 2439 1314 2484 homines
1327 2440 1381 2483 de
1398 2440 1542 2484 littera
1560 2440 1747 2498 glorian-

404 2542 414 2558 ¹
443 2536 510 2570 Gal.
532 2547 578 2578 vr,
607 2535 658 2579 14.
679 2553 721 2559 —
741 2543 753 2559 ²
771 2537 819 2568 Id.
837 2548 873 2577 11,
893 2545 945 2568 20.
979 2552 1021 2558 -
1052 2533 1066 2558 3
1095 2535 1173 2567 Psal.
1203 2547 1277 2576 Lxx,
1309 2536 1361 2567 16.
1381 2534 1452 2565 —4
1469 2538 1559 2568 Joan.
1586 2548 1612 2578 1,
1629 2546 1680 2578 17.
1704 2553 1746 2559 —-

358 2590 372 2614 ⁵
388 2593 476 2624 Rom.
494 2602 565 2634 xm,
588 2603 639 2625 10.
661 2608 701 2615 —
717 2591 732 2616 6
748 2592 793 2625 Id.
815 2603 849 2633 v,
872 2591 902 2623 5.
920 2608 961 2613 —
980 2598 993 2624 7
1010 2600 1029 2624 2
1048 2592 1119 2624 Cor.
1141 2602 1187 2631 111,
1204 2590 1238 2623 6.
1258 2607 1300 2613 -
1314 2589 1328 2611 ⁸
1349 2602 1360 2623 1
1384 2593 1523 2632 Cor.1v,
1544 2602 1576 2633 7.
