1889 3285
373 234 452 272 168
815 243 848 271 S.
887 243 1114 273 Aucus'nm
1146 247 1326 275 Emscom

369 319 532 371 quanta
559 308 723 353 utilitas
744 318 853 354 esset
874 310 1041 369 generis
1063 312 1243 357 humani
1265 313 1310 357 in
1333 315 1541 373 sanguine
1562 315 1748 372 Christi,

367 397 458 426 non
478 389 657 425 noverat
678 399 686 425 ε
712 380 922 424 Dominus
949 390 1095 425 autem
1115 383 1192 443 qui
1212 393 1389 429 venerat
1409 385 1622 430 redimere
1641 401 1720 430 nos
1736 420 1748 442 ‚

369 464 411 499 et
433 453 535 497 dare
557 453 746 513 pretium
766 469 845 513 pro
866 454 990 498 nobis
1011 455 1265 513 sanguinem
1287 471 1412 500 suum
1430 491 1440 512 ,
1471 456 1609 516 coepit
1635 472 1753 516 prae-

366 524 510 570 dicare
529 524 773 584 passionem
795 539 931 569 suam.
962 525 1147 584 Expavit
1170 528 1324 570 Petrus
1349 527 1473 587 quasi
1491 527 1754 572 moriturum

366 596 603 641 Dominum
624 631 635 651 ⁷
672 611 802 656 quem
838 595 1014 640 volebat
1045 596 1116 641 hic
1153 611 1321 656 semper
1354 598 1499 642 vivere
1530 597 1754 658 quomodo

368 666 495 711 illum
531 666 708 711 videbat
730 687 741 723 3
778 667 879 726 quia
909 665 1155 710 carnalibus
1192 667 1326 711 oculis
1359 667 1555 724 deditus,
1591 667 1755 713 carnali

371 739 533 783 affeetu
553 737 665 782 circa
684 737 919 781 Dominum
941 736 1172 781 tenebatur
1189 759 1201 795 3
1225 747 1268 782 et
1285 739 1345 784 ait
1358 738 1422 782 illi
1441 758 1449 783 :
1471 739 1629 783 «Absit
1643 755 1669 783 a
1691 748 1751 794 te,

370 827 391 850 »
426 809 632 863 Domine,
653 808 866 868 propitius
888 817 979 853 esto
1001 808 1096 852 tibi.
1121 811 1216 852 »Et
1233 810 1444 854 Dominus
1465 829 1473 854 :
1495 828 1515 852 «
1531 810 1642 854 Redi
1657 818 1757 869 post

370 899 390 923 »
426 895 518 936 me,
547 882 752 936 Satanas3
776 895 866 924 non
894 880 1010 924 enim
1044 880 1154 940 sapis
1175 896 1274 941 quae
1295 882 1372 925 Dei
1393 890 1520 936 sunt,
1557 880 1634 925 sed
1656 897 1756 941 quae

369 969 391 994 ³>
427 960 529 996 sunt
553 951 828 995 hominum&
860 969 880 992 »
906 953 1050 1003 Quare
1065 986 1076 1006 ,
1108 966 1207 1011 quae
1231 960 1332 995 sunt
1357 952 1624 996 hominum?
1645 951 1757 1004 Quia

368 1021 624 1068 antecedere
645 1037 714 1066 me
731 1022 794 1066 vis
811 1057 822 1077 ,
846 1020 940 1065 redi
961 1031 1060 1081 post
1076 1037 1145 1065 me
1161 1057 1172 1077 ,
1193 1031 1243 1066 ut
1264 1022 1455 1082 sequaris
1478 1037 1548 1065 me
1571 1041 1579 1066 :
1600 1030 1651 1065 ut
1665 1022 1758 1081 jam

368 1109 551 1155 sequens
581 1093 803 1138 Christum
828 1091 1013 1138 diceret:
1049 1112 1069 1135 «
1101 1092 1383 1150 Agglutinata
1413 1102 1476 1137 est
1498 1092 1641 1137 anima
1662 1106 1760 1136 mea

370 1181 392 1205 >›
427 1173 524 1224 post
548 1173 606 1208 te.
635 1181 656 1205 »
682 1164 836 1208 Merito
859 1163 1073 1218 annectit,
1109 1181 1129 1204 «
1154 1166 1225 1207 Me
1247 1163 1436 1223 suscepit
1467 1162 1641 1207 dextera
1662 1171 1754 1206 tua.

369 1250 390 1275 »
427 1232 706 1292 Agglutinata
724 1243 788 1277 est
807 1242 907 1293 post
931 1242 970 1277 te
993 1233 1137 1277 anima
1158 1249 1270 1289 mea,
1286 1249 1356 1278 me
1378 1233 1568 1293 suscepit
1584 1232 1760 1277 dextera

369 1321 391 1345 >›
427 1313 517 1348 tua.
554 1321 574 1344 »
605 1303 720 1346 Dixit
740 1304 824 1347 hoc
847 1304 1045 1348 Christus
1073 1303 1120 1347 in
1141 1303 1266 1348 nobis
1292 1323 1300 1348 :
1332 1303 1378 1348 id
1399 1313 1489 1360 est,
1514 1303 1561 1347 in
1581 1302 1760 1346 homine

368 1389 501 1434 quem
536 1373 729 1430 gestabat
763 1386 844 1430 pro
877 1374 1033 1423 nobis,
1067 1387 1200 1430 quem
1236 1373 1451 1415 offerebat
1485 1386 1565 1430 pro
1599 1371 1756 1427 nobis,

369 1444 477 1488 dixit
497 1444 596 1487 hoe.
617 1442 729 1487 Dicit
749 1442 834 1485 hoc
856 1449 899 1484 et
920 1438 1112 1484 Ecclesia
1135 1440 1179 1483 in
1202 1441 1398 1497 Christo,
1424 1440 1530 1486 dicit
1550 1441 1597 1485 in
1618 1441 1760 1501 eapite

369 1529 447 1559 suo
469 1534 478 1558 z
503 1513 606 1573 quia
628 1521 671 1556 et
688 1513 779 1570 ipsa
807 1524 926 1569 passa
951 1518 1016 1553 est
1046 1510 1117 1554 hie
1146 1511 1466 1569 persecutiones
1493 1526 1690 1569 magnas,
1715 1521 1761 1556 et

371 1583 619 1641 singillatim
642 1581 771 1624 etiam
799 1579 931 1624 modo
953 1580 1133 1639 patitur.
1159 1581 1266 1633 Quis
1304 1582 1422 1625 enim
1459 1581 1682 1642 pertinens
1704 1581 1760 1628 ad

369 1654 612 1707 Christum,
649 1667 737 1695 non
761 1651 888 1695 variis
912 1650 1227 1694 tentationibus
1249 1652 1438 1710 agitatur
1453 1687 1464 1708 ‚
1497 1662 1540 1697 et
1561 1652 1760 1712 quotidie

371 1725 458 1783 agit
474 1739 575 1768 cum
596 1722 672 1766 illo
694 1720 892 1766 diabolus
915 1731 958 1765 et
984 1721 1130 1780 angeli
1147 1723 1238 1782 ejus
1253 1757 1264 1777 ‚
1291 1731 1340 1766 ut
1357 1732 1630 1782 pervertatur
1650 1739 1762 1783 qua-

369 1792 741 1852 libeteupiditate‚
753 1791 950 1851 qualibet
962 1792 1253 1851 suggestione,
1266 1801 1342 1836 aut
1354 1793 1637 1852 promissione
1648 1792 1760 1838 lucri

370 1864 440 1909 vel
462 1873 624 1908 terrore
640 1862 810 1918 damni,
826 1861 897 1906 vel
918 1863 1201 1921 promissione
1218 1862 1319 1907 vitae
1335 1898 1346 1918 ‚
1370 1863 1440 1907 vel
1462 1872 1625 1908 terrore
1641 1878 1761 1908 mor-

370 1935 444 1989 tis,
470 1943 544 1977 aut
561 1932 744 1992 alicujus
765 1932 954 1991 potentis
975 1932 1209 1976 inimicitiis
1225 1967 1236 1988 ‚
1263 1942 1339 1977 aut
1367 1932 1549 1994 alicujus
1567 1934 1759 1992 potentis

371 2004 592 2048 amicitiis?
609 2003 822 2047 Omnibus
836 2002 976 2046 modis
993 2002 1126 2046 instat
1146 2002 1361 2058 diabolus,
1383 2003 1759 2062 quemadmodum

369 2075 567 2134 dejiciat:
595 2083 637 2118 et
654 2074 699 2117 in
719 2073 1094 2133 persecutionibus
1122 2072 1308 2116 vivimus
1324 2107 1334 2127 ‚
1361 2082 1404 2117 et
1426 2073 1638 2118 habemus
1659 2089 1760 2134 per-

368 2153 524 2204 petuos
548 2144 744 2188 inimicos
764 2178 775 2198 ‚
800 2142 1026 2187 diabolum
1049 2151 1092 2186 et
1128 2142 1301 2200 angelos
1325 2143 1415 2201 ejus
1448 2161 1456 2187 ε
1492 2143 1568 2186 sed
1589 2160 1679 2189 non
1701 2145 1760 2189 ti-

369 2230 578 2259 meamus.
619 2214 686 2259 Sic
709 2223 810 2258 sunt
837 2213 1035 2258 diabolus
1059 2222 1102 2257 et
1139 2212 1282 2272 angeli
1311 2215 1424 2273 ejus,
1457 2214 1581 2274 quasi
1604 2215 1754 2260 milvi:

370 2285 451 2329 sub
469 2284 583 2328 illius
603 2284 774 2343 gallinae
797 2283 873 2328 alis
891 2285 1038 2338 simus,
1056 2292 1098 2327 et
1119 2299 1208 2328 non
1231 2299 1307 2327 nos
1325 2293 1468 2343 potest
1485 2285 1754 2344 contingere.

372 2353 541 2398 Gallina
570 2355 686 2397 enim
720 2370 819 2414 quae
850 2370 928 2398 nos
963 2354 1178 2413 protegit,
1213 2352 1331 2398 fortis
1365 2363 1443 2398 est.
1485 2356 1663 2399 Infirma
1695 2364 1759 2400 est

372 2435 549 2484 propter
577 2441 654 2469 nos
684 2445 692 2469 ε
723 2425 797 2469 sed
832 2424 952 2475 fortis
984 2434 1048 2469 est
1080 2425 1126 2467 in
1164 2440 1208 2468 se
1235 2426 1440 2468 Dominus
1467 2434 1613 2470 noster
1635 2428 1757 2471 Jesus

368 2495 588 2550 Christus,
613 2496 703 2554 ipsa
726 2496 931 2554 sapientia
955 2495 1046 2540 Dei.
1078 2498 1191 2552 Ergo
1214 2494 1318 2539 dicit
1346 2496 1429 2539 hoc
1452 2504 1496 2539 et
1525 2495 1717 2540 Ecclesia
1742 2516 1751 2541 z

421 2587 428 2602 ¹
456 2581 567 2612 Mauh.
595 2592 658 2621 xvi,
677 2589 732 2621 22,
756 2581 808 2612 23.

1862 3269 1872 3285 ,
