1889 3285
499 259 741 291 nunna-no
772 264 819 291 nv
848 261 1051 293 PsALumu
1082 264 1205 294 Lxxv.
1421 255 1504 296 523

128 325 289 371 dimisit
324 341 486 387 equum
512 361 524 381 ,
566 326 812 372 humiliavit
843 343 887 372 se
918 347 928 373 :
970 343 1060 372 non
1100 329 1258 373 iterum
1305 331 1507 377 ascendat

128 411 291 456 equum
308 431 318 450 ‚
349 395 395 439 id
415 405 500 450 est,
532 412 622 440 non
642 412 686 441 se
708 413 853 441 rursus
871 397 1006 455 erigat
1031 398 1076 442 in
1093 399 1355 458 superbiam.
1381 400 1509 446 Unde

127 466 191 511 illi
218 467 302 511 hoc
329 466 412 512 fit?
449 467 492 511 Si
517 465 712 526 reliquiae
744 467 1014 525 cogitationis
1042 466 1249 514 solemnia
1285 469 1508 516 celebrent

127 539 234 583 Deo.

184 608 304 651 XVI.
327 624 348 649 «
366 608 531 650 Vovete
550 640 561 659 ,
577 615 620 651 et
636 605 802 651 reddite
814 607 1000 652 Domino
1016 609 1104 652 Deo
1121 616 1268 653 nostro
1288 610 1318 653 ¹.
1337 627 1358 652 >›
1383 610 1509 663 Quis-

126 692 212 737 que
231 676 351 736 quod
373 685 515 735 potest
534 686 716 730 voveat,
736 686 780 721 et
803 677 971 722 reddat.
995 680 1059 723 Ne
1094 679 1305 735 voveatis,
1340 689 1384 724 et
1419 696 1510 725 non

126 747 315 792 reddatis
333 767 343 792 ε
367 746 441 791 sed
463 747 647 808 quisque
659 748 781 808 quod
797 757 939 808 potest
957 758 1113 793 voveat
1128 783 1140 804 ‚
1160 759 1203 794 et
1224 749 1392 795 reddat.
1410 754 1510 796 Non

126 818 215 863 sitis
237 818 346 877 pigri
368 817 423 861 ad
443 817 691 862 vovendum
717 837 725 863 ε
752 835 842 863 non
862 819 977 863 enim
993 819 1158 864 viribus
1180 821 1330 865 vestris
1352 821 1511 881 imple-

125 889 241 933 bitis.
267 889 501 943 Deficiefis,
527 888 561 933 si
581 889 637 933 de
668 890 789 934 vobis
811 891 1096 949 praesumitis3
1119 891 1153 935 si
1180 901 1325 936 autem
1351 891 1406 936 de
1435 892 1511 938 illo

125 959 197 1004 cui
216 959 381 1004 vovetis
397 994 407 1014 ‚
432 968 587 1004 vovete
605 994 617 1014 ,
642 960 781 1005 securi
800 960 1002 1004 reddetis.
1027 980 1048 1003 α
1071 963 1235 1005 Vovete
1253 997 1263 1016 ‚
1280 971 1323 1006 et
1344 962 1512 1007 reddite

129 1047 150 1072 »
185 1029 366 1074 Domino
389 1032 479 1074 Deo
501 1038 664 1074 nostro.
693 1050 710 1072 »
737 1032 899 1074 Omnes
920 1032 1215 1076 communiter
1241 1031 1350 1092 quid
1375 1032 1512 1077 debe-

125 1115 222 1144 mus
245 1101 426 1144 vovere?
443 1099 630 1144 Credere
651 1100 695 1144 in
708 1099 832 1144 illum
847 1135 857 1154 ‚
877 1115 1048 1159 sperare
1069 1100 1212 1145 abillo
1233 1102 1365 1146 vitam
1383 1111 1511 1146 aeter-

126 1186 227 1214 nam
250 1205 265 1225 ,
299 1170 412 1214 bene
442 1171 585 1214 vivere
618 1170 859 1214 secundum
891 1186 1166 1215 communem
1200 1172 1394 1229 modum.
1435 1176 1514 1217 Est

126 1241 243 1285 enim
264 1239 442 1300 quidam
465 1240 620 1284 modus
639 1241 882 1285 communis
905 1241 1120 1285 omnibus.
1144 1245 1327 1286 Furtum
1344 1259 1434 1287 non
1451 1242 1513 1287 fa-

125 1326 222 1355 cere
237 1346 247 1366 ‚
271 1327 362 1355 non
384 1310 668 1356 castimoniali
690 1311 940 1370 praecipitur
968 1321 1011 1355 et
1027 1320 1177 1371 nuptae
1199 1328 1289 1357 non
1309 1313 1511 1372 praecipi-

126 1391 199 1426 tur
222 1401 231 1426 :
263 1381 527 1425 adulterium
549 1397 639 1426 non
671 1380 838 1437 facere,
880 1382 1080 1426 omnibus
1111 1383 1362 1443 praecipitur
1387 1403 1396 1428 :
1423 1399 1513 1428 non

125 1468 270 1496 amare
287 1452 569 1496 vinolentiam
584 1487 595 1507 ‚
612 1468 698 1512 qua
721 1452 1011 1511 ingurgitatur
1027 1454 1168 1496 anima
1181 1488 1192 1508 ‚
1209 1463 1253 1497 et
1273 1455 1514 1513 corrumpit

124 1522 170 1567 in
192 1538 236 1566 se
258 1522 469 1581 templum
500 1523 600 1574 Dei,
635 1523 838 1567 omnibus
863 1523 1088 1583 aequaliter
1111 1523 1361 1583 praecipitur
1391 1540 1512 1569 :non

126 1591 350 1651 superbire
369 1625 379 1643 ‚
417 1589 621 1634 omnibus
653 1589 877 1650 aequaliter
918 1593 1204 1650 praecipitur3
1245 1609 1333 1637 non
1365 1594 1512 1638 homi-

125 1676 226 1705 nem
250 1659 468 1715 occidere‚
489 1675 579 1703 non
601 1659 739 1703 odisse
761 1658 960 1714 fratrem,
986 1676 1076 1704 non
1097 1661 1300 1706 adversus
1324 1661 1512 1723 aliquem

127 1742 274 1777 tenere
290 1731 550 1790 perniciem,
578 1731 780 1775 omnibus
799 1730 845 1774 in
873 1746 1105 1775 commune
1131 1733 1396 1792 praecipitur.
1420 1737 1513 1779 Hoc

127 1811 269 1847 totum
292 1817 441 1845 omnes
470 1816 627 1845 vovere
651 1800 876 1845 debemus.
911 1803 1022 1846 Sunt
1048 1801 1177 1846 etiam
1201 1812 1303 1847 vota
1338 1804 1512 1864 propria

126 1871 420 1931 singulorum,
445 1871 553 1915 alius
589 1880 716 1916 vovet
751 1874 840 1915 Deo
871 1872 1109 1916 castitatem
1137 1872 1432 1932 conjugalem,
1462 1883 1513 1929 ut

126 1952 285 2003 praeter
305 1957 485 1986 uxorem
506 1958 629 1986 suam
663 1957 752 1986 non
780 1944 949 1986 noverit
966 1941 1116 1998 aliam3
1136 1943 1195 1986 sic
1227 1951 1270 1986 et
1295 1942 1476 1988 foemina
1492 1978 1504 2001 ‚

127 2023 178 2058 ut
216 2022 374 2073 praeter
406 2012 548 2056 virum
582 2028 711 2056 suum
748 2027 837 2056 non
869 2011 1038 2056 noverit
1080 2011 1227 2056 alium.
1263 2011 1349 2057 Alii
1381 2013 1509 2058 etiam

126 2093 309 2138 vovent,
339 2084 417 2127 etsi
444 2084 606 2144 experti
629 2083 714 2127 tale
731 2084 983 2143 conjugium
1002 2118 1012 2138 ,
1038 2082 1150 2127 ultra
1165 2083 1274 2127 nihil
1294 2083 1380 2128 tale
1392 2085 1482 2144 pati
1495 2120 1507 2140 ,

128 2155 237 2200 nihil
258 2155 343 2199 tale
361 2155 666 2215 concupiscere
683 2165 758 2199 aut
773 2155 983 2199 sustinere
1008 2173 1017 2199 x
1043 2164 1086 2199 et
1102 2155 1181 2215 ipsi
1202 2165 1418 2200 voverunt
1433 2156 1511 2200 ali-

127 2225 237 2286 quid
259 2227 399 2285 majus
417 2241 549 2285 quam
570 2224 648 2268 illi.
682 2225 766 2270 Alii
786 2225 1078 2284 virginitatem
1097 2226 1233 2285 ipsam
1256 2226 1311 2270 ab
1330 2225 1510 2270 ineunte

127 2306 255 2340 aetate
271 2306 433 2340 vovent
447 2332 457 2351 ‚
478 2306 528 2340 ut
548 2295 658 2340 nihil
683 2295 767 2340 tale
787 2295 856 2341 vel
874 2296 1148 2355 experiantur
1162 2331 1172 2351 ‚
1197 2296 1326 2356 quale
1347 2296 1410 2340 illi
1432 2313 1508 2340 ex·-

127 2367 239 2426 perti
262 2367 532 2426 reliquerunt
557 2386 566 2410 :
591 2376 633 2410 et
647 2366 716 2410 isti
737 2375 950 2410 voverunt
967 2365 1218 2425 plurimum.
1243 2366 1327 2411 Alii
1348 2375 1509 2411 vovent

128 2437 310 2482 domum
331 2452 452 2481 suam
473 2453 560 2481 esse
582 2436 839 2496 hospitalem
859 2437 1061 2481 omnibus
1083 2437 1238 2481 sanctis
1269 2436 1507 2481 advenien-

129 2508 246 2552 tibus
287 2528 296 2554 :
326 2523 535 2566 magnum
566 2518 720 2553 votum
746 2516 921 2552 vovent.
952 2507 1073 2552 Alius
1105 2516 1232 2552 vovet
1265 2506 1509 2567 relinquere

179 2599 187 2614 ¹
206 2592 285 2624 Psal.
310 2603 406 2633 mxxv,
431 2601 480 2623 12.
