1889 3285
371 204 454 243 462
806 210 841 240 S.
876 212 1109 241 Aucustrrm
1141 214 1323 242 EPISCOPI

365 279 467 324 dem
484 278 769 322 inveniuntur
788 311 800 331 ‚
831 286 908 321 aut
929 277 1000 321 vix
1024 275 1169 337 aliqua
1190 278 1236 321 in
1257 276 1518 335 Evangelio,
1542 291 1641 336 quae
1663 291 1755 321 non

362 349 478 393 dicta
499 347 585 391 sint
599 362 623 391 a
637 346 880 407 Prophetis.
906 350 1130 406 Praecepta
1161 347 1341 406 eadem3'
1364 355 1633 392 sacramenta
1664 361 1755 391 non

363 416 515 462 eadem
535 451 546 473 ‚
582 416 794 476 promissa
815 432 905 461 non
927 416 1093 460 eadem.
1120 416 1357 461 Videamus
1378 432 1514 477 quare
1535 425 1755 476 praecepta

365 488 519 532 eadem
543 507 553 532 ε
579 488 684 548 quia
705 487 947 532 secundum
961 488 1057 532 haec
1074 491 1164 533 Deo
1179 488 1336 533 servire
1355 488 1582 532 debemus.
1610 490 1757 532 Sacra-

365 568 513 603 menta
538 574 629 603 non
651 558 804 602 eadem
821 592 832 614 ‚
858 558 962 618 quia
983 557 1065 602 alia
1093 567 1195 603 sunt
1228 568 1496 603 sacramenta
1525 558 1673 602 dantia
1693 573 1758 602 sa·
1825 559 1828 562 ’

365 628 505 674 tutem
519 663 532 685 ‚
562 628 645 674 alia
684 629 982 688 promittentia
1023 629 1304 676 Salvatorem.
1338 633 1612 675 Sacramenta
1646 630 1759 676 Novi

370 700 634 744 Testamenti
655 699 763 744 dant
785 699 969 744 salutem
987 721 998 758 3
1023 711 1290 746 sacramenta
1307 702 1475 747 Veteris
1499 701 1762 746 Testamenti

369 766 666 831 promiserunt
685 770 966 816 Salvatorem.
988 774 1100 817 Cum
1124 787 1227 832 ergo
1246 773 1337 833 jam
1358 781 1504 816 teneas
1521 772 1731 832 promissa
1747 806 1758 827 ,

369 840 479 900 quid
500 841 657 901 quaeris
678 841 977 901 promittentia
1000 872 1011 898 ‚
1034 842 1200 887 habens
1223 844 1313 902 jam
1348 841 1640 888 Salvatorem‘?
1668 844 1762 886 Hoc

369 911 492 967 dico,
517 921 664 957 teneas
682 914 891 972 promissa
912 948 923 968 ‚
949 929 1038 958 non
1061 913 1181 974 quod
1199 915 1290 974 jam
1313 914 1608 974 acceperimus
1627 913 1763 958 vitam

370 997 578 1027 aeternam
599 1004 612 1041 3
635 983 712 1027 sed
733 983 833 1043 quia
846 984 937 1044 jam
953 985 1120 1029 venerit
1141 985 1360 1040 Christus,
1381 984 1457 1045 qui
1474 1001 1552 1046 per
1573 985 1765 1045 Prophe-

369 1063 433 1098 tas
450 1054 844 1113 praenuntiabatur.
873 1058 1041 1099 Mutata
1070 1064 1172 1100 sunt
1206 1064 1471 1100 sacramenta
1492 1076 1503 1114 3
1527 1054 1640 1100 facta
1662 1065 1765 1101 sunt

368 1123 562 1169 faciliora
582 1160 594 1179 ‚
617 1126 824 1187 pauciora
839 1160 850 1180 ‚
871 1125 1112 1170 salubriora
1126 1161 1137 1182 ,
1162 1126 1371 1171 feliciora.
1399 1126 1611 1171 Promissa
1629 1143 1764 1187 quare

369 1211 459 1240 non
477 1195 656 1239 eadem?
676 1196 787 1249 Quia
811 1196 1018 1255 promissa
1040 1206 1105 1241 est
1141 1207 1255 1242 terra
1291 1198 1502 1243 Chanaan
1519 1233 1530 1249 ‚
1554 1207 1669 1241 terra
1686 1213 1763 1243 co-

368 1266 488 1326 piosa
508 1299 519 1320 ‚
563 1264 814 1320 fructuosa,
855 1266 1038 1310 affluens
1081 1266 1194 1311 lacte
1237 1276 1280 1311 et
1308 1267 1471 1325 melle3
1503 1268 1764 1327 promissum

369 1352 552 1394 regnum
589 1336 828 1396 temporale
851 1372 862 1393 ,
894 1338 1105 1397 promissa
1136 1338 1320 1382 felicitas
1357 1338 1532 1394 saeculi‚
1552 1339 1765 1399 promissa

368 1407 634 1453 foecunditas
666 1408 858 1453 filiorum
885 1443 895 1464 ‚
935 1410 1146 1468 promissa
1183 1410 1398 1470 subjectio
1428 1410 1707 1455 inimicorum
1727 1413 1761 1456 1.

372 1480 477 1523 Haec
499 1479 645 1522 omnia
663 1477 718 1521 ad
749 1487 967 1522 terrenam
984 1477 1238 1523 felicitatem
1258 1481 1493 1539 pertinent.
1523 1479 1607 1525 Sed
1629 1495 1765 1541 quare

371 1548 460 1608 ipsa
488 1548 632 1608 primo
652 1547 849 1606 promitti
876 1548 1140 1607 oportebat?
1161 1569 1181 1591 ‹<
1210 1550 1320 1602 Quia
1354 1565 1445 1594 non
1471 1551 1625 1609 primo
1644 1549 1765 1610 quod

374 1637 395 1660 »
430 1617 621 1678 spiritale
649 1627 739 1672 est,
765 1617 842 1661 sed
869 1617 991 1678 quod
1020 1619 1206 1663 animale
1233 1638 1242 1664 ε
1265 1628 1442 1679 postea,
1473 1620 1637 1680 inquit,
1673 1620 1764 1680 spi-

374 1708 396 1731 »
432 1689 532 1733 tale.
557 1688 728 1732 Primus
756 1688 893 1732 homo
923 1688 978 1732 de
998 1697 1112 1732 terra
1140 1698 1362 1745 terrenus,
1387 1690 1603 1735 secundus
1632 1691 1764 1736 homo

375 1778 395 1802 ›>
430 1758 485 1803 de
511 1757 628 1802 coelo
641 1756 830 1802 coelestis
854 1758 1022 1818 :qualis
1056 1768 1252 1804 terrenus
1269 1795 1280 1815 ‚
1308 1760 1416 1805 tales
1443 1770 1488 1806 et
1515 1762 1701 1819 terreni3
1721 1771 1764 1806 et

375 1849 396 1872 »
430 1829 570 1890 qualis
609 1827 798 1873 coelestis
814 1862 826 1883 ,
871 1828 980 1873 tales
1016 1839 1058 1874 et
1092 1830 1304 1875 coelestes.
1347 1831 1465 1877 Sicut
1495 1832 1764 1892 portavimus

373 1919 395 1942 »
428 1899 663 1958 imaginem
687 1898 872 1953 terreni,
902 1908 1129 1959 portemus
1152 1909 1195 1945 et
1217 1901 1451 1959 imaginem
1487 1903 1578 1962 ejus
1609 1903 1686 1963 qui
1708 1902 1763 1946 de

373 1989 395 2012 »
429 1969 542 2014 coelo
561 1970 662 2013 est‘2.
692 1987 714 2010 »
739 1969 807 2013 Ad
830 1969 1064 2027 imaginem
1088 1971 1248 2014 terreni
1269 1971 1460 2030 pertinet
1491 1974 1628 2016 Vetus
1659 1975 1762 2017 Tes-

371 2050 643 2098 tamentum3
671 2039 725 2083 ad
746 2040 980 2098 imaginem
1007 2040 1194 2086 coelestis
1215 2044 1387 2087 Novum
1417 2045 1761 2090 Testamentum.

374 2112 459 2158 Sed
480 2128 535 2156 ne
563 2113 794 2172 quisquam
822 2121 996 2171 putaret
1026 2112 1082 2156 ab
1113 2112 1198 2157 alio
1220 2111 1385 2157 sactum
1422 2129 1512 2159 esse
1538 2114 1762 2159 hominem

371 2192 592 2227 terrenum
611 2218 621 2238 ‚
647 2183 702 2225 ab
720 2181 805 2226 alio
826 2181 1049 2226 coelestem
1067 2203 1078 2240 3
1097 2183 1196 2227 ideo
1220 2186 1334 2228 Deus
1356 2184 1587 2230 ostendens
1606 2201 1650 2230 se
1671 2201 1762 2231 esse

371 2254 598 2313 utriusque
620 2261 858 2296 creatorem
875 2287 886 2308 ‚
919 2252 1050 2296 etiam
1072 2254 1299 2313 utriusque
1324 2255 1587 2300 Testamenti
1605 2271 1650 2300 se
1671 2272 1761 2302 esse

371 2323 512 2369 voluit
533 2331 755 2366 auctorem
773 2343 784 2380 3
800 2331 850 2365 ut
871 2331 914 2365 et
934 2332 1105 2366 terrena
1125 2323 1397 2382 promitteret
1417 2324 1463 2368 in
1483 2327 1639 2369 Vetere
1664 2329 1761 2370 Tes—

371 2403 586 2449 tamento,
619 2403 661 2437 et
682 2391 874 2437 coelestia
903 2394 949 2437 in
981 2396 1104 2439 Novo
1135 2397 1423 2440 Testamento.
1457 2395 1540 2440 Sed
1563 2397 1760 2456 quandiu

371 2467 489 2526 prius
510 2467 643 2510 homo
662 2474 859 2509 terrenus
876 2466 948 2509 es?
969 2464 1166 2525 quandiu
1186 2475 1355 2510 terrena
1372 2466 1513 2526 sapis?
1534 2468 1758 2528 Numquid

418 2558 429 2576 ¹
449 2551 550 2585 Exod.
563 2562 610 2592 ω,
631 2551 665 2583 8.
682 2567 722 2574 -
742 2557 755 2573 ²
778 2560 791 2582 1
811 2551 884 2583 Cor.
904 2561 961 2591 xv,
979 2548 1094 2592 46-49.
