1889 3285
389 196 443 235 78
811 206 845 232 s.
880 202 1111 232 Aueusnm
1143 205 1325 233 EPISCOPI

388 289 409 312 »
445 285 500 314 ne
533 268 710 330 quando
740 267 1050 313 obliviscantur
1078 268 1184 328 legis
1215 270 1335 313 tuae?
1368 285 1390 309 »
1434 270 1543 312 Istos
1573 267 1771 312 inimicos

386 355 503 384 meos
523 339 635 398 ipsos
661 338 737 398 qui
762 354 831 382 me
864 337 1144 394 occiderunt,
1177 338 1269 383 noli
1290 348 1341 382 tu
1361 337 1571 382 occidere.
1598 341 1773 382 Maneat

386 425 490 469 gens
511 408 766 454 ,Iudaeorum
791 429 799 454 :
824 418 939 454 certe
968 409 1083 453 victa
1100 418 1164 453 est
1194 426 1216 454 a
1236 409 1466 464 Romanis,
1487 417 1600 452 certe
1630 407 1773 453 deleta

385 480 534 525 civitas
556 495 706 524 eorum
718 514 729 534 ‚
745 495 835 524 non
848 479 1142 523 admittuntur
1153 479 1209 523 ad
1225 479 1443 524 civitatem
1465 493 1588 523 suam
1601 480 1625 522 J
1629 477 1744 522 udaei
1757 511 1770 532 ‚

385 560 429 595 et
449 560 595 595 tamen
614 553 638 594 J
642 549 756 594 udaei
771 559 887 594 sunt.
912 552 1022 595 Nam
1042 564 1191 593 omnes
1208 549 1300 593 istae
1312 549 1546 609 provinciae
1564 565 1588 593 a
1604 551 1772 593 Roma-

383 622 449 666 nis
461 622 704 681 subjugatae
726 632 842 666 sunt.
869 621 974 675 Quis
990 623 1081 681 jam
1099 621 1322 679 cognoscit
1344 630 1493 680 gentes
1519 620 1565 664 in
1586 619 1770 679 imperio

384 708 564 738 romano
602 708 700 753 quae
727 690 832 752 quid
873 702 1023 747 erant.3
1060 691 1239 752 quando
1267 706 1415 736 omnes
1447 690 1634 736 Romani
1665 689 1775 734 facti

384 773 500 819 sunt⁷
512 772 554 807 et
567 778 714 808 omnes
722 763 909 806 Romani
924 761 1150 806 dicuntur?
1162 765 1186 806 J
1190 760 1306 806 udaei
1319 771 1465 805 tamen
1479 769 1659 805 manent
1670 775 1773 805 cum

384 834 531 892 sign03
556 848 635 877 nec
667 833 726 877 sic
748 832 850 877 victi
873 842 1001 887 sunt,
1034 842 1086 877 ut
1109 848 1133 877 a
1153 832 1390 877 victoribus
1414 831 1768 875 absorberentur.

385 905 483 949 Non
503 903 594 947 sine
611 918 738 946 causa
767 904 879 947 Ca'i'n
900 902 973 946 ille
991 912 1078 958 est,
1111 902 1186 963 qui
1206 917 1307 946 cum
1336 901 1516 946 fratrem
1549 900 1775 945 occidisset

385 974 530 1033 posuit
549 974 596 1017 in
617 989 668 1018 eo
703 977 816 1018 Deus
848 973 1041 1031 signum,
1068 989 1123 1016 ne
1137 973 1234 1033 quis
1266 988 1368 1016 eum
1390 971 1653 1017 occideret1.
1679 973 1775 1015 Hoc

385 1053 449 1088 est
471 1044 645 1103 signum
660 1044 781 1103 quod
801 1043 968 1087 habent
989 1046 1013 1087 J
1018 1042 1157 1088 udaei:
1188 1052 1342 1087 tenent
1366 1042 1547 1087 omnino
1574 1040 1776 1101 reliquias

385 1114 491 1173 legis
519 1130 630 1170 suae,
669 1113 1043 1158 circumciduntur
1060 1149 1071 1169 ‚
1108 1113 1288 1158 sabbata
1323 1113 1577 1167 observant,
1617 1111 1776 1171 pascha

384 1184 613 1228 immolant
630 1219 641 1240 ‚
667 1200 818 1241 azyma
839 1184 1092 1228 comedunt.
1122 1186 1231 1228 Sunt
1253 1197 1353 1241 ergo
1370 1181 1537 1236 Judaei‚
1563 1197 1654 1226 non
1675 1190 1777 1226 sunt

385 1255 534 1310 occisi,
561 1254 787 1298 necessarii
807 1263 910 1298 sunt
929 1253 1208 1297 credentibus
1230 1253 1458 1297 Gentibus.
1494 1254 1640 1305 Quare
1663 1252 1777 1296 hoc?

388 1328 445 1370 Ut
484 1326 752 1369 demonstret
788 1324 914 1368 nobis
951 1325 998 1368 in
1028 1324 1211 1368 inimicis
1241 1323 1398 1369 nostris
1438 1320 1778 1367 misericordiam

385 1410 524 1439 suam.
549 1414 571 1437 «
594 1398 708 1438 Deus
729 1409 851 1438 meus
873 1393 1185 1438 demonstravit
1205 1394 1313 1437 mihi
1326 1393 1371 1437 in
1389 1392 1574 1437 inimicis
1602 1392 1724 1436 meis.
1752 1409 1775 1432 »

388 1468 440 1509 In
457 1464 585 1509 ramis
605 1464 805 1524 superbia
821 1463 1009 1523 praecisis
1025 1464 1185 1508 inserto
1207 1463 1543 1508 misericordiam
1561 1477 1684 1507 suam
1705 1461 1778 1505 de·

387 1543 600 1579 monstrat
636 1534 836 1579 oleastro.
868 1536 981 1577 Ecce
1017 1533 1095 1578 ubi
1120 1535 1267 1594 jacent
1299 1534 1377 1594 qui
1407 1532 1587 1592 superbi
1622 1539 1776 1586 erant,

388 1620 488 1650 ecce
509 1604 587 1649 ubi
607 1605 792 1648 insertus
815 1619 859 1648 es
889 1604 966 1664 qui
980 1603 1154 1665 jacebas
1179 1623 1188 1649 ε
1214 1613 1257 1648 et
1273 1612 1323 1648 tu
1340 1604 1431 1648 noli
1452 1602 1695 1662 superbire,
1719 1615 1777 1645 ne

386 1674 566 1736 praecidi
578 1675 796 1719 merearis.
807 1677 947 1719 «Deus
959 1689 1081 1718 meus
1096 1689 1152 1718 ne
1173 1674 1397 1729 occideris,
1413 1689 1501 1731 eos,
1518 1688 1574 1717 ne
1596 1670 1775 1733 quando

390 1764 411 1788 »
432 1745 742 1791 obliviscantur
761 1744 868 1803 legis
889 1753 991 1788 tuae.
1021 1761 1042 1784 »

444 1818 590 1860 XXII.
616 1835 636 1858 α
660 1815 866 1874 Disperge
887 1829 958 1858 eos
979 1813 1025 1857 in
1047 1814 1205 1857 virtute
1220 1822 1311 1858 tua.
1335 1832 1355 1856 »
1383 1815 1481 1858 Jam
1495 1812 1660 1858 factum
1676 1822 1769 1859 est:

387 1902 464 1947 per
493 1901 644 1931 omnes
667 1895 815 1945 gentes
843 1884 1022 1943 dispersi
1054 1893 1156 1928 sunt
1183 1884 1348 1940 Judaei‚
1379 1894 1509 1930 testes
1535 1885 1776 1945 iniquitatis

387 1974 476 2002 suae
495 1967 539 2001 et
572 1955 763 2001 veritatis
784 1964 958 1999 nostrae.
1000 1954 1087 2014 Ipsi
1117 1955 1282 1999 habent
1314 1956 1510 2011 codices,
1538 1956 1593 2000 de
1613 1956 1774 2016 quibus

388 2028 673 2088 prophetatus
691 2035 753 2070 est
771 2025 989 2080 Christus,
1016 2034 1060 2069 et
1080 2040 1158 2070 nos
1181 2035 1379 2070 tenemus
1402 2027 1641 2072 Christum.
1663 2030 1720 2070 Et
1739 2026 1774 2070 si

389 2097 566 2159 quando
586 2097 699 2141 forte
719 2096 872 2156 aliquis
895 2099 1093 2155 Paganus
1115 2095 1401 2152 dubitaverit,
1436 2113 1538 2142 cum
1557 2097 1595 2141 ei
1617 2097 1776 2142 dixeri-

390 2183 486 2213 mus
505 2168 750 2228 prophetias
768 2166 822 2211 de
844 2167 1015 2211 Christo
1034 2202 1044 2221 ,
1065 2182 1251 2226 quarum
1268 2167 1529 2212 evidentiam
1550 2167 1775 2228 obstupes—

391 2239 474 2293 cit,
513 2247 556 2282 et
587 2237 802 2281 admirans
832 2237 1047 2296 putaverit
1068 2253 1091 2279 a
1120 2237 1244 2281 nobis
1276 2252 1364 2281 esse
1396 2238 1682 2297 conscriptas,
1718 2238 1774 2282 de

391 2308 612 2353 codicibus
636 2310 659 2351 J
664 2307 889 2351 udaeorum
912 2307 1161 2366 pi'obamUS‚
1178 2307 1279 2366 quia
1300 2307 1383 2351 hoc
1407 2316 1529 2352 tanto
1550 2317 1649 2352 ante
1665 2323 1776 2367 prae-

392 2379 557 2423 dictum
574 2386 652 2421 est.
668 2377 823 2421 Videte
841 2375 1213 2436 quemadmodum
1230 2376 1284 2420 de
1301 2377 1484 2422 inimicis
1496 2379 1651 2423 nostris
1667 2378 1773 2424 alios

390 2447 700 2494 confundimus
711 2446 920 2493 inimicos.
939 2466 960 2489 «
975 2446 1180 2507 Disperge
1192 2462 1263 2492 eos
1275 2447 1320 2492 in
1335 2447 1496 2493 virtute
1509 2457 1585 2495 tua
1600 2468 1610 2495 :
1629 2466 1649 2492 »
1666 2448 1778 2495 tolle,

440 2539 449 2556 ¹
472 2533 550 2566 Gen.
577 2542 622 2573 iv,
645 2530 698 2564 15.
