1889 3285
393 246 632 274 ENARRATIO
665 249 708 275 IN
742 249 944 276 PSALMUM
976 250 1093 276 LXtv.
1344 238 1425 276 193

51 310 206 355 deinde
222 310 521 355 liberationem
534 321 724 356 nostram
737 333 747 368 3
762 312 970 358 debemus
987 328 1110 357 nosse
1122 312 1425 370 Babyloniam,

49 381 96 425 in
130 397 216 440 qua
246 381 404 441 captivi
429 397 604 437 sumus,
641 391 684 426 et
711 383 971 439 Jerusalem,
1001 383 1055 427 ad
1084 384 1207 442 cujus
1240 382 1430 427 reditum

49 451 326 510 suspiramus.
343 454 441 495 Istae
455 451 617 511 quippe
637 452 736 497 duae
748 453 955 508 civitates,
975 452 1218 497 secundum
1238 451 1430 496 litteram

49 535 197 565 revera
216 521 316 565 duae
338 521 546 566 civitates.
577 523 635 566 Et
660 522 735 566 illa
770 524 948 583 quidem
983 521 1222 566 Jerusalem
1253 521 1385 566 modo
1406 537 1432 565 a

49 593 74 635 J
80 591 210 636 udaeis
241 607 331 636 non
356 592 578 638 incolitur.
610 596 713 637 Post
745 594 999 638 crucifixum
1026 592 1141 636 enim
1164 592 1398 636 Dominum
1414 626 1426 647 ‚

48 661 316 706 vindicatum
333 671 396 706 est
421 662 467 706 in
487 661 583 706 illos
609 663 779 721 flagello
800 679 982 722 magno3
1016 672 1059 707 et
1078 661 1279 706 eradicati
1301 662 1355 706 ab
1378 677 1430 706 eo

47 731 161 787 loco,
178 732 255 776 ubi
265 732 396 791 impia
407 732 608 776 libertate
623 731 772 777 furiosi
788 733 990 778 adversus
1004 731 1221 777 medicum
1243 732 1432 776 insanie-

48 811 166 856 rant,
186 801 364 861 dispersi
386 811 488 846 sunt
508 818 585 862 per
606 818 754 847 omnes
773 813 935 861 gentes,
960 812 1004 847 ct
1025 803 1125 847 data
1143 812 1207 847 est
1224 802 1297 846 illa
1315 811 1431 847 terra

47 872 298 918 Christianis
324 892 332 917 :
357 872 676 934 impletumque
697 883 761 918 est
778 875 899 934 quod
920 874 978 918 eis
1000 873 1164 917 dixerat
1185 872 1428 924 Dominus':

39 961 73 984 ζ«
106 945 336 1001 Propterea
354 941 576 987 auferetur
592 959 617 987 a
632 943 755 988 vobis
770 958 968 1002 regnum,
987 951 1030 986 et
1045 942 1223 986 dabitur
1240 943 1357 1000 genti
1371 941 1432 986 fa-

49 1030 70 1054 »
103 1012 233 1056 cienti
241 1012 493 1072 justitiam1.
504 1032 523 1054 »
536 1015 648 1058 Cum
662 1023 810 1058 autem
826 1012 1025 1056 viderent
1042 1020 1148 1056 tunc
1168 1011 1328 1055 multas
1343 1020 1431 1056 tur-

7 1082 11 1164 }
46 1081 122 1126 bas
139 1083 200 1126 ire
216 1091 314 1141 post
331 1083 583 1138 Dominum,
609 1083 918 1143 praedicantem
934 1097 1117 1140 regnum
1142 1081 1371 1136 coelorum,
1388 1090 1432 1126 et

7 1171 11 1202 ι
46 1151 256 1196 mirabilia
294 1151 521 1196 facientem
541 1187 553 1207 ‚
589 1153 793 1197 dixerunt
818 1152 1034 1211 principes
1068 1150 1182 1195 illius
1216 1151 1398 1195 civitatis
1418 1169 1429 1196 z

8 1207 12 1289 l
50 1241 70 1264 «
107 1222 149 1267 Si
173 1221 459 1266 dimiserimus
477 1238 594 1277 eum,
616 1237 765 1267 omnes
781 1222 909 1265 ibunt
922 1229 1019 1280 post
1036 1220 1178 1275 illum,
1195 1230 1237 1265 et
1254 1221 1432 1265 venient

8 1302 13 1380 1
49 1309 69 1334 »
104 1291 305 1347 Romani,
323 1300 366 1335 et
385 1291 541 1336 tollent
562 1292 688 1335 nobis
710 1301 754 1335 et
775 1291 921 1335 locum
944 1300 986 1335 et
1009 1294 1222 1349 gentem2.
1240 1309 1260 1332 »
1278 1293 1340 1336 Ne
1361 1290 1433 1335 lo-

10 1382 14 1424 ἱ
46 1377 144 1406 cum
159 1361 406 1421 perderent,
422 1361 658 1406 Dominum
671 1361 926 1405 occiderunt
937 1382 948 1417 3
959 1369 1002 1404 et
1013 1359 1112 1404 ideo
1125 1359 1428 1419 perdiderunt,

11 1425 14 1484 l
45 1432 147 1492 quia
164 1431 433 1476 occiderunt.
450 1431 610 1476 Civitas
625 1446 704 1490 ego
716 1431 918 1491 quaedam
934 1431 1007 1475 illa
1022 1440 1192 1475 terrena
1204 1429 1431 1491 cujusdam

11 1486 16 1554 i
45 1501 228 1547 civitatis
262 1510 435 1545 aeternae
456 1502 501 1545 in
522 1501 645 1545 coelis
666 1501 867 1544 umbram
895 1501 1071 1559 gerebat
1101 1520 1109 1545 :
1137 1510 1181 1544 at
1202 1500 1431 1559 ubicoepit

12 1559 16 1632 Ι
45 1571 134 1627 illa,
158 1588 256 1631 quae
270 1571 609 1630 significabatur,
635 1570 878 1616 evidentius
900 1571 1140 1630 praedicari,
1165 1570 1321 1614 umbra
1342 1586 1430 1630 qua

13 1634 17 1703 ξ
45 1641 382 1699 significabatur,
410 1641 578 1701 dejecta
598 1650 662 1685 est
683 1661 692 1686 ι
718 1650 946 1700 propterea
974 1639 1035 1684 ibi
1056 1639 1188 1684 modo
1214 1640 1429 1700 templum

15 1716 18 1776 j
45 1726 133 1756 non
150 1719 213 1754 est
232 1745 243 1765 ,
269 1710 390 1770 quod
410 1711 671 1754 fabricatum
689 1709 832 1754 fuerat
852 1711 898 1753 in
913 1710 1147 1769 imaginem
1169 1709 1306 1754 futuri
1328 1726 1427 1755 cor-

15 1777 19 1843 ξ
45 1781 161 1840 poris
185 1780 372 1825 Domini.
400 1782 615 1824 Tenemus
636 1779 777 1823 lucem
794 1814 805 1834 ‚
840 1780 995 1823 umbra
1029 1780 1255 1824 transivit:
1282 1789 1428 1824 tamen

17 1854 19 1891 i
45 1850 187 1896 adhuc
208 1851 254 1894 in
276 1849 466 1910 quadam
495 1849 743 1909 captivitate
769 1864 917 1893 sumus
939 1867 947 1893 :
978 1867 998 1890 «
1023 1847 1231 1902 Quandiu
1252 1865 1426 1905 sumus,

47 1938 69 1962 »
102 1920 246 1981 inquit
260 1955 271 1975 ,
297 1920 341 1963 in
358 1935 538 1979 corpore
555 1954 565 1974 ,
591 1919 916 1979 peregrinamur
932 1935 955 1963 a
978 1918 1206 1963 Domino3.
1229 1937 1250 1960 »

19 1989 22 2019 ²
101 1993 160 2035 11.
182 1993 238 2034 Et
257 1989 400 2034 videte
421 1989 597 2034 nomina
618 1988 804 2033 duarum
820 1989 1000 2032 istarum
1020 1988 1261 2043 civitatum,
1285 1988 1429 2047 Baby-

0 2082 1 2085 *
45 2059 155 2105 lonis
177 2069 221 2104 et
241 2059 496 2104 Jerusalem.
526 2059 741 2117 Babylon,
762 2057 971 2104 Confusio
987 2058 1323 2117 interpretatur3
1349 2062 1426 2103 Je-

20 2134 24 2197 1
45 2130 246 2185 rusalem,
262 2130 378 2174 Visio
397 2130 525 2189 pacis.
537 2129 756 2174 Intendite
771 2145 888 2173 nunc
901 2129 1119 2173 civitatem
1130 2128 1422 2184 Confusionis,

22 2203 95 2272 {ut
121 2200 368 2259 intelligatis
398 2200 608 2245 visionem
637 2200 751 2259 pacis
777 2219 784 2243 :
815 2199 940 2243 istam
973 2197 1184 2254 toleretis,
1225 2199 1278 2243 ad
1306 2199 1426 2244 illam

2 2295 4 2299 ν
22 2275 27 2322 ἰ
46 2271 275 2330 suspiretis.
293 2269 417 2315 Unde
430 2269 626 2329 dignosci
643 2279 823 2329 possunt
833 2269 925 2313 istae
938 2269 1037 2312 duae
1054 2268 1271 2313 civitates?
1288 2272 1427 2316 Num-

2 2377 4 2381 ,
47 2340 151 2401 quid
172 2355 400 2400 possumus
421 2355 490 2383 eas
511 2340 643 2384 modo
664 2355 860 2399 separare
883 2339 938 2383 ab
960 2339 1175 2383 invicem?
1197 2341 1426 2385 Permixtae

3 2437 4 2442 =
48 2420 164 2466 sunt,
179 2419 222 2454 et
243 2409 298 2454 ab
319 2410 411 2468 ipso
434 2409 609 2454 exordio
623 2410 788 2469 generis
804 2409 984 2453 humani
998 2410 1220 2468 permixtae
1242 2419 1426 2455 currunt

25 2472 183 2541 {usque
214 2481 259 2524 in
286 2480 417 2523 finem
445 2479 607 2524 saeculi.
643 2479 882 2524 Jerusalem
913 2480 1078 2539 accepit
1103 2480 1327 2525 exordium
1348 2495 1425 2540 per

27 2564 29 2594 ἶ
96 2570 104 2586 ¹
120 2563 387 2604 Matt11.m‚43.
411 2579 451 2585 --
472 2569 485 2585 ²
502 2564 593 2595 Joan.
615 2574 661 2604 xi,
682 2561 736 2605 48.
759 2579 798 2585 -
819 2560 832 2586 3
846 2571 865 2594 2
885 2563 955 2595 Cor.
977 2573 1009 2603 v,
1025 2563 1059 2595 G.

182 2627 302 2656 cxvi.
1112 2616 1160 2655 13

31 2768 34 2876 ἱ

35 3056 39 3162 ι
