1889 3285
504 250 744 280 ENAanAno
774 254 818 281 m
850 251 1051 281 PsALMUM
1084 255 1238 282 Lxxin.
1429 241 1508 280 471

140 333 162 357 »
195 313 484 374 quassabitur,
510 324 554 358 et
579 330 708 375 super
735 332 866 377 quem
888 319 1077 373 venerit,
1108 327 1304 362 conteret
1325 320 1466 361 eum'.
1489 335 1510 359 n

137 386 406 445 Conquassat
426 399 583 444 parvus
601 420 613 441 ,
632 395 828 432 conteret
853 402 1050 445 magnus.
1076 390 1101 432 J
1105 403 1174 432 am
1197 387 1316 446 signa
1333 396 1408 432 tua
1427 402 1518 432 non

135 453 271 510 vides,
286 455 376 515 jam
391 470 480 499 non
503 465 566 500 est
583 457 800 516 Propheta
823 476 832 502 ε
857 466 900 501 et
913 457 1018 501 dicis
1038 475 1077 502 2«
1094 460 1150 501 Et
1166 473 1244 501 nos
1260 473 1349 502 non
1363 473 1522 516 agnos-

139 543 161 567 »
194 534 264 570 cet
285 524 428 570 adhuc
451 545 460 571 2
488 544 508 568 »
531 527 632 586 quia
653 543 729 572 vos
746 543 835 572 non
852 527 1078 586 agnoscitis
1104 526 1261 572 adhuc.
1280 530 1408 572 «Jam
1429 543 1519 572 non

139 613 162 637 »
195 605 260 639 est
281 596 497 656 Propheta
511 631 522 652 ,
544 607 586 641 et
604 613 681 642 nos
703 613 792 642 non
815 607 1016 656 agnoscet
1034 597 1191 642 adhuc.
1210 616 1229 638 »

195 668 298 710 XII.
338 684 357 707 «
391 669 647 727 Usquequo,
688 671 801 711 Deus
822 703 832 722 ,
875 668 1154 728 exprobrabit
1191 667 1390 712 inimicus
1405 669 1458 711 2Ξ)
1495 685 1516 709 »

138 735 288 782 Clama
318 737 441 795 quasi
469 736 727 792 derelictus,
753 738 874 798 quasi
894 738 1087 782 desertus
1114 757 1123 784 :
1148 737 1285 782 clama
1313 747 1522 797 tanquam

138 821 269 866 aeger,
293 806 370 866 qui
391 805 611 851 medicum
628 807 794 852 caedere
811 823 944 868 quam
966 809 1106 853 curari
1123 807 1312 852 maluisti
1339 827 1347 852 :
1373 824 1462 852 non
1480 816 1523 852 te

138 876 332 934 agnoscit
363 875 521 921 adhuc.
548 877 658 921 Vide
684 877 792 938 quid
819 877 994 933 fecerit,
1023 878 1100 939 qui
1130 887 1174 922 te
1210 893 1299 922 non
1331 877 1525 937 agnoscit

139 944 299 990 adhuc.
324 947 499 990 Etenim
519 947 678 1007 quibus
703 962 792 992 non
813 957 877 992 est
895 948 1201 992 annuntiatum
1222 947 1277 991 de
1293 963 1344 991 eo
1359 982 1369 1002 ,
1399 945 1524 991 vide-

139 1015 280 1074 bunt,
304 1025 347 1060 et
369 1017 444 1076 qui
465 1033 553 1061 non
573 1017 1093 1076 audierunt,intelligent3
1113 1036 1121 1062 :
1146 1026 1189 1061 et
1207 1025 1254 1061 tu
1273 1017 1416 1061 adhuc
1436 1015 1525 1060 cla-

139 1102 231 1132 mas
245 1090 312 1132 ια]
317 1103 387 1132 am
409 1103 499 1132 non
521 1098 583 1133 est
598 1089 828 1148 Propheta,
843 1097 885 1132 et
893 1103 971 1133 nos
989 1103 1077 1132 non
1090 1096 1322 1146 cognoscet
1335 1086 1522 1131 adhuc.»

142 1158 225 1203 Ubi
247 1167 311 1202 est
326 1157 572 1203 intellectus
593 1161 727 1203 tuus?
749 1178 768 1200 «
786 1159 930 1203 Irritat
948 1158 1212 1202 adversarius
1229 1173 1387 1202 nomen
1399 1166 1527 1201 tuum

143 1248 165 1272 »
199 1230 246 1273 in
267 1229 414 1273 finem.
443 1246 463 1270 »
484 1229 552 1273 Ad
575 1230 657 1273 hoc
679 1230 820 1273 irritat
839 1230 1107 1273 adversarius
1135 1244 1294 1273 nomen
1326 1238 1454 1272 tuum
1481 1227 1527 1270 in

140 1300 295 1354 finem,
319 1308 369 1342 ut
390 1299 524 1343 iratus
546 1299 751 1359 corripias
769 1334 779 1354 ,
806 1298 1041 1358 corripiens
1063 1313 1296 1356 cognoscas
1309 1298 1354 1341 in
1370 1298 1524 1342 finem:

141 1379 218 1414 aut
238 1379 354 1414 certe
380 1389 400 1412 «
429 1373 481 1414 In
501 1370 632 1413 finem
648 1404 658 1424 ,
688 1387 708 1411 »
734 1384 873 1429 usque
896 1368 951 1413 ad
983 1369 1130 1412 finem.
1157 1371 1301 1429 Usque
1325 1368 1380 1412 ad
1397 1382 1528 1428 quem

141 1441 299 1484 finem?
336 1443 576 1500 Quousque
608 1455 866 1500 cognoscas,
909 1455 1137 1500 quousque
1157 1439 1336 1495 clames,
1362 1454 1527 1500 quous-

141 1526 228 1572 que
245 1506 508 1570 apprehensa
532 1510 671 1554 cauda
693 1511 896 1554 redeatur
913 1504 967 1553 ¹ad
987 1525 1183 1568 regnum.

199 1584 323 1626 XIII.
354 1600 374 1623 «
392 1580 557 1641 thuid
583 1580 737 1624 avertis
759 1595 938 1624 manum
960 1588 1079 1623 tuam
1099 1588 1141 1623 et
1170 1578 1391 1623 dexteram
1408 1588 1529 1623 tuam

145 1671 165 1693 »
200 1650 255 1695 de
276 1650 422 1695 medio
455 1652 551 1694 sinu
585 1660 662 1694 tuo
692 1650 738 1693 in
759 1650 892 1693 finem
908 1651 923 1673 4
944 1651 961 1691 ‘3
982 1667 1001 1690 »
1028 1651 1192 1693 Iterum
1215 1648 1332 1693 aliud
1358 1650 1530 1708 signum

142 1719 265 1782 quod
287 1721 440 1765 datum
462 1730 525 1764 est
541 1720 698 1777 Moysi.
724 1717 955 1772 Quomodo
975 1719 1091 1762 enim
1113 1719 1311 1778 superius
1335 1718 1391 1763 de
1409 1720 1530 1778 virga

143 1793 314 1851 signum
334 1827 345 1848 ,
372 1792 430 1836 ita
453 1801 496 1836 et
519 1791 573 1835 de
597 1791 786 1835 dextera.
813 1792 924 1835 Cum
954 1790 1069 1833 enim
1092 1789 1203 1833 illud
1230 1788 1395 1833 factum
1421 1799 1531 1834 esset

143 1863 198 1907 de
219 1862 337 1921 virga
355 1897 366 1918 ,
406 1862 526 1906 dedit
555 1865 669 1906 Deus
693 1860 877 1905 aJterum
900 1860 1072 1918 signum
1098 1879 1106 1904 :
1138 1879 1158 1901 «
1182 1860 1333 1915 Mitte,
1358 1860 1527 1920 inquit,

146 1952 168 1976 »
203 1949 382 1977 manum
401 1943 519 1978 tuam
542 1933 588 1977 in
605 1933 748 1977 sinum
769 1942 910 1976 tuum.
929 1931 1107 1976 Etmisit
1129 1950 1137 1975 :
1159 1931 1331 1975 Produc
1349 1946 1457 1975 eam.
1474 1934 1532 1975 Et

147 2022 168 2046 »
203 2003 406 2064 produxit
431 2023 440 2048 :
458 2012 500 2047 et
521 2003 697 2047 inventa
719 2012 783 2047 est
797 2001 912 2057 alba,
926 2020 945 2043 υ
966 2001 1011 2045 id
1031 2010 1109 2056 est,
1133 2001 1374 2046 immunda.
1393 1995 1532 2045 Albor

145 2074 261 2119 enim
285 2073 331 2117 in
354 2082 479 2125 cute,
499 2072 618 2131 lepra
641 2081 727 2127 est,
753 2087 843 2116 non
862 2071 1065 2116 candor⁵.
1088 2075 1185 2131 Ipsa
1205 2072 1321 2115 enim
1344 2071 1532 2115 haeredi-

145 2154 208 2190 tas
222 2144 328 2200 Dei,
349 2143 395 2188 id
415 2152 500 2198 est,
525 2142 714 2203 populus
737 2144 828 2203 ejus
848 2141 963 2187 foras
986 2142 1041 2186 ab
1065 2158 1116 2187 eo
1139 2143 1292 2187 missus
1306 2178 1316 2198 ,
1338 2143 1530 2186 immun-

145 2215 228 2260 dus
249 2214 387 2259 factus
409 2223 487 2258 est.
515 2213 600 2259 Sed
622 2212 731 2274 quid
761 2212 825 2257 illi
849 2214 908 2258 ait
931 2232 938 2257 :
965 2215 1177 2257 «Revoca
1199 2228 1293 2256 eam
1317 2214 1362 2256 in
1389 2213 1531 2256 sinum

148 2305 169 2329 »
203 2295 330 2330 tuum
359 2285 625 2340 Revocavit,
650 2293 693 2329 et
714 2300 883 2329 reversa
911 2293 974 2328 est
1005 2283 1060 2328 ad
1087 2283 1277 2328 colorem
1307 2285 1476 2328 suumss.
1506 2301 1527 2324 »

146 2356 333 2412 Quando
364 2357 448 2401 hoc
483 2355 614 2411 facis,
650 2355 709 2400 ait
741 2356 886 2415 Asaph
910 2355 1019 2399 iste?
1047 2359 1282 2415 Quousque
1312 2354 1532 2399 dexteram

147 2438 266 2474 tuam
300 2427 459 2472 alienas
485 2443 508 2471 a
542 2427 640 2471 sinu
669 2436 774 2482 tuo,
804 2436 854 2470 ut
884 2425 988 2470 foris
1022 2425 1247 2470 immunda
1280 2427 1534 2469 remaneat?

195 2530 205 2546 ¹
225 2525 379 2564 Isa'i.v111‚
398 2522 450 2564 14,
475 2523 526 2564 15,
542 2527 574 2555 et
591 2524 669 2555 Luc.
689 2534 742 2563 xx,
769 2525 820 2555 18.
834 2539 875 2544 —
892 2529 904 2544 ²
922 2521 999 2553 Psal.
1026 2532 1136 2562 Lxxni,
1160 2532 1266 2553 10.—
1281 2519 1382 2552 3Isa'1'.
1405 2530 1462 2561 ιιι,
1479 2520 1531 2560 15,

149 2584 181 2611 et
199 2583 290 2612 Rom.
313 2576 880 2621 xv,21.—-'÷Psai.1,xX1u,11.--5
897 2579 998 2609 Lex-it.
1015 2589 1083 2617 1111,
1105 2577 1153 2608 15.
1167 2575 1234 2599 -6
1255 2577 1352 2608 Exod.
1380 2588 1422 2616 iv,
1444 2577 1477 2617 6,
1499 2589 1528 2617 7.
