1889 3285
400 230 483 268 496
835 241 868 266 s.
907 238 1136 266 Accus'nm
1170 240 1348 266 emscom

398 306 611 350 delectare
629 303 793 348 debent
813 339 823 358 ,
850 319 981 364 quam
1005 319 1081 348 vos
1104 304 1196 348 istae
1219 313 1392 348 terrere.
1421 322 1439 344 «
1464 303 1560 348 Dixi
1585 303 1746 362 iniquis
1771 321 1779 346 :

398 394 418 416 »
454 375 596 420 Nolite
618 375 768 434 inique
787 372 945 418 facere.
976 392 995 415 υ
1022 373 1108 419 Sed
1132 375 1223 434 jam
1244 373 1443 419 fecerunt
1461 409 1472 429 ,
1497 382 1542 418 et
1562 373 1624 418 rei
1645 381 1748 417 sunt
1771 389 1782 416 z

399 463 420 487 «
450 447 547 488 Jam
565 444 747 488 defluxit
763 453 876 488 terra
896 479 907 500 ‚
933 453 977 488 et
993 459 1142 488 omnes
1163 444 1455 489 inhabitantes
1467 445 1514 488 in
1527 459 1592 489 ea.
1615 461 1636 485 »
1652 445 1786 489 Com-

394 515 547 574 puncti
563 524 664 559 sunt
685 514 816 559 corde
839 514 915 575 qui
933 515 1155 560 Christum
1172 514 1496 567 crucifixerunt,
1512 520 1786 573 agnoverunt

394 594 622 645 peccatum
636 601 764 629 suum
782 619 793 639 ‚
819 583 1317 645 didiceruntaliquidab
1340 584 1556 644 Apostolis
1573 619 1584 639 ‚
1608 599 1664 628 ne
1684 582 1784 627 des-

392 665 595 716 perarent
615 655 670 699 de
686 655 960 713 indulgentia
982 654 1277 715 praedicatoris
1294 656 1324 698 1.
1355 654 1550 699 Medicus
1571 654 1688 698 enim
1709 668 1785 697 ve-

393 735 517 770 nerat
532 761 543 782 ,
568 734 612 769 et
645 724 744 770 ideo
772 741 862 770 non
883 725 938 770 ad
960 741 1085 770 sanos
1102 734 1294 770 venerat.
1326 744 1346 767 «
1369 727 1467 769 Non
1490 733 1553 768 est
1571 759 1582 779 ,
1606 722 1751 783 inquit
1769 757 1782 778 ,

397 816 415 838 »
451 812 560 856 opus
582 796 694 840 sanis
726 796 951 851 medicus,
991 795 1066 840 sed
1089 795 1202 839 male
1238 795 1518 839 habentibus.
1553 796 1652 839 Non
1684 792 1785 838 veni

395 886 416 910 »
450 883 605 913 vocare
620 869 780 928 justOS,
805 868 879 911 sed
897 876 1144 927 peccatores
1167 866 1222 910 ad
1242 866 1617 926 poenitentiam2.»
1638 867 1754 922 Ergo
1769 897 1781 920 ‚

397 957 417 980 «
451 938 547 982 Dixi
575 939 734 999 iniquis
756 957 765 983 :
787 937 931 984 Nolite
965 938 1113 998 inique
1143 937 1301 981 facere.
1338 955 1358 978 »
1402 939 1502 982 Non
1531 934 1781 980 audierunt.

392 1008 507 1054 Olim
529 1010 645 1053 enim
664 1009 789 1054 nobis
818 1008 988 1053 dictum
1023 1019 1085 1053 est
1111 1028 1121 1053 ι
1146 1025 1236 1053 non
1268 1008 1537 1062 audivimus,
1578 1006 1684 1084 laesi
1708 1020 1785 1049 su-

392 1095 511 1135 mus,
536 1080 739 1124 mortales
769 1079 898 1134 facti,
925 1079 1128 1124 mortales
1153 1079 1284 1136 geniti
1306 1097 1314 1122 :
1340 1078 1524 1122 defluxit
1540 1086 1668 1121 terra.
1693 1079 1787 1121 Au-

393 1150 515 1193 diant
534 1149 605 1194 vel
624 1149 756 1194 modo
774 1159 822 1193 ut
837 1159 1017 1208 surgant
1038 1148 1273 1203 medicum,
1300 1149 1375 1208 qui
1399 1149 1520 1192 venit
1539 1147 1592 1191 ad
1610 1146 1786 1206 langui-

394 1219 499 1263 dum
527 1240 538 1276 3
578 1235 709 1279 quem
752 1218 990 1263 noluerunt
1025 1218 1174 1263 audire
1212 1219 1303 1262 sani
1339 1227 1389 1262 ut
1419 1234 1509 1262 non
1541 1216 1746 1261 caderent
1769 1251 1780 1273 ‚

393 1290 573 1335 audiant
591 1292 784 1350 jacentes
802 1300 852 1334 ut
871 1299 1062 1348 surgant.
1083 1309 1102 1331 «
1131 1290 1229 1334 Dixi
1246 1289 1405 1349 iniquis
1436 1308 1444 1333 ε
1469 1288 1612 1334 Nolite
1635 1289 1784 1348 inique

393 1381 413 1404 >›
449 1362 606 1406 facere.
632 1381 651 1403 »
675 1362 793 1415 Quid
816 1361 1014 1420 agimus?
1039 1363 1137 1405 Jam
1160 1359 1356 1405 fecimus.
1387 1379 1406 1402 α
1431 1363 1488 1404 Et
1525 1358 1785 1420 delinquen-

392 1452 412 1474 »
449 1433 593 1477 tibus:
621 1431 765 1477 Nolite
796 1430 982 1475 exaltare
1004 1447 1143 1475 cornu
1163 1440 1372 1476 vestrum.
1397 1449 1416 1472 ³>
1443 1429 1556 1484 Quid
1576 1440 1639 1475 est
1663 1431 1781 1475 hoc?

394 1504 436 1549 Si
454 1503 611 1548 fecistis
633 1503 908 1563 iniquitatem
932 1518 1010 1561 per
1033 1501 1338 1561 cupiditatem,
1362 1501 1496 1545 nolite
1513 1517 1607 1545 eam
1628 1500 1784 1545 defen-

389 1574 492 1617 dere
530 1589 608 1633 per
642 1572 873 1617 elationem
896 1591 905 1616 :
932 1572 1231 1627 confitemini,
1269 1573 1302 1615 si
1335 1570 1508 1616 fecistis.
1546 1572 1626 1624 Qui
1667 1571 1784 1615 enim

389 1660 478 1689 non
500 1644 750 1698 confitetur,
779 1653 823 1687 et
851 1643 1027 1702 iniquus
1050 1652 1136 1698 est,
1177 1642 1336 1687 exaltat
1359 1658 1510 1687 cornu.
1537 1661 1556 1684 «
1577 1633 1676 1687 Dixi
1697 1643 1782 1686 ini-

392 1732 412 1756 »
448 1715 544 1774 quis
565 1713 736 1759 :Nolite
767 1713 919 1773 inique
953 1711 1121 1770 facere,
1154 1722 1198 1756 et
1227 1712 1585 1773 delinquentibus
1609 1712 1783 1758 :Nolite

393 1803 413 1826 »
448 1783 635 1828 exaltare
665 1799 802 1827 cornu
828 1791 1038 1826 vestrum.
1068 1801 1089 1823 »
1120 1782 1395 1827 Exaltabitur
1421 1783 1466 1826 in
1494 1782 1617 1827 vobis
1644 1798 1782 1827 cornu

391 1854 552 1899 Christi
572 1889 583 1909 ,
609 1853 644 1897 si
667 1869 758 1897 non
784 1852 997 1897 exaltetur
1015 1868 1153 1897 cornu
1178 1862 1384 1898 vestrum.
1420 1855 1569 1898 Cornu
1589 1861 1782 1898 vestrum

390 1924 445 1969 de
466 1924 697 1984 iniquitate
719 1931 810 1978 est,
835 1938 972 1967 cornu
991 1923 1151 1968 Christi
1174 1923 1229 1967 de
1246 1924 1482 1983 majestate.

449 1997 574 2039 VIII.
616 2013 636 2036 «
668 1992 812 2038 Nolite
846 2007 947 2051 ergo
984 1993 1130 2038 efferri
1168 2012 1177 2037 :
1214 2009 1269 2037 ne
1301 1992 1544 2053 loquamini
1577 1992 1781 2037 adversus

393 2084 414 2108 »
449 2069 589 2111 Deum
610 2064 884 2125 iniquitatem
905 2065 936 2106 3.
961 2063 1158 2108 »Audite
1173 2064 1262 2123 jam
1283 2078 1410 2107 voces
1427 2063 1685 2118 multorum,
1702 2078 1780 2107 au-

390 2137 482 2181 diat
512 2136 812 2196 unusquisque
827 2170 837 2190 ,
863 2143 907 2177 et
924 2142 1159 2193 pungatur.
1187 2132 1300 2186 Quid
1322 2133 1462 2179 solent
1484 2133 1682 2178 homines
1706 2132 1775 2177 di-

390 2222 488 2251 cere
509 2208 654 2249 ?Vere
677 2204 849 2265 judicat
879 2206 992 2248 Deus
1015 2202 1070 2246 de
1099 2203 1228 2247 rebus
1248 2204 1478 2248 humanis?
1509 2213 1552 2248 et
1585 2212 1648 2248 est
1669 2202 1780 2247 illud

384 2276 599 2337 judicium
620 2277 728 2319 Dei?
751 2284 824 2319 aut
854 2290 958 2319 vero
975 2282 1099 2318 curat
1120 2273 1228 2334 quid
1251 2283 1403 2333 agatur
1425 2275 1471 2317 in
1504 2283 1618 2318 terra
1635 2276 1653 2316 ⁶?
1672 2276 1779 2317 Tam

390 2346 519 2391 multi
536 2346 674 2406 iniqui
696 2344 945 2389 redundant
962 2344 1267 2400 felicitatibus,
1292 2345 1546 2389 innocentes
1566 2360 1777 2404 premun-

390 2427 463 2463 tur
480 2416 720 2462 laboribus!
741 2416 825 2461 Sed
843 2415 906 2460 illi
923 2415 1080 2460 accidit
1101 2415 1245 2459 nescio
1260 2415 1367 2475 quid
1387 2415 1489 2459 mali
1505 2451 1516 2471 ,
1541 2415 1777 2475 castigante

391 2494 477 2533 Deo
499 2497 542 2533 et
558 2488 842 2542 admonente,
859 2495 903 2531 et
924 2487 1045 2531 novit
1067 2487 1373 2531 conscientiam
1391 2502 1528 2542 suam,
1553 2486 1676 2533 novit
1697 2502 1776 2546 pro

440 2578 591 2617 ¹Act.11‚
607 2575 660 2616 37,
681 2574 732 2606 38.
755 2590 796 2597 -
813 2580 825 2596 ²
843 2573 955 2606 Matth.
976 2584 1022 2615 lx,
1046 2572 1166 2614 12,13.
1189 2590 1230 2596 -—
1251 2571 1264 2596 3
1288 2573 1367 2606 Psat.
1387 2585 1497 2615 anv,
1517 2573 1550 2606 6.
