1889 3285
411 249 654 279 ENARRATro
685 253 730 279 ΙΝ
763 252 964 280 PsALMUM
996 253 1107 280 Lxxr.
1366 239 1451 279 419

74 315 174 360 dem
196 314 306 361 dixit
333 314 549 374 populum
572 315 649 358 Dei
674 331 782 375 quos
803 331 1011 375 pauperes
1033 317 1144 375 ejus,
1167 314 1212 359 id
1235 324 1319 371 est,
1350 324 1452 359 tan-

74 384 302 430 tummodo
320 385 457 441 bonos
478 394 522 429 et
544 384 600 429 ad
615 385 834 430 dexteram
858 395 1025 445 partem
1046 385 1324 444 pertinenteS.
1343 386 1456 438 Quia

73 471 176 501 vero
191 455 237 502 in
258 456 343 500 hoc
359 454 519 499 saeculo
541 454 671 500 simul
689 455 828 500 dextri
844 455 1090 514 sinistrique
1106 464 1360 514 pascuntur,
1377 455 1454 515 qui

73 526 197 572 velut
221 526 323 585 agni
349 525 546 583 etqhoedi
575 527 622 570 in
642 527 729 572 fine
751 526 977 587 separandi
998 534 1100 570 sunt
1115 529 1153 583 ²3
1178 534 1323 570 totum
1345 526 1456 571 sicut

73 597 330 642 commixtus
350 606 415 641 est
429 632 440 652 ,
465 599 642 643 nomine
661 598 815 657 populi
831 597 1117 656 nuncupavit.
1143 599 1200 640 Et
1221 596 1322 656 quia
1339 595 1452 655 judi-

72 668 190 712 cium
211 667 342 711 etiam
362 666 434 711 hic
464 667 511 711 in
546 667 664 712 bono
686 668 839 727 ponit,
863 666 910 711 id
941 676 1031 722 est,
1053 667 1110 711 ad
1129 665 1266 710 salvos
1287 664 1452 710 facien-

73 737 152 783 dos
172 757 182 783 t
201 737 300 783 ideo
321 738 381 782 ait
406 757 416 784 ;
443 757 465 780 «
489 737 713 783 Judicabit
732 754 942 798 pauperes
963 737 1116 798 populi
1131 773 1142 793 ‚
1169 756 1190 780 »
1216 737 1263 781 id
1283 746 1362 792 est,
1382 752 1455 781 eos

72 807 128 852 ad
146 807 331 853 salutem
352 807 592 864 discernet,
617 809 694 868 qui
726 818 828 854 sunt
849 809 894 853 in
918 808 1082 869 populo
1104 823 1331 868 pauperes.
1358 809 1456 851 Jam

72 879 150 939 qui
169 880 255 924 sint
280 895 490 939 pauperes
512 896 641 939 supra
664 881 939 940 exposuimus
954 884 969 906 '²
997 900 1006 926 :
1037 881 1116 924 hos
1138 888 1181 923 et
1203 894 1360 938 egenos
1384 879 1456 921 in-

73 949 332 1009 tefligamus.
356 970 377 993 «
401 953 458 995 Et
479 951 726 995 humiliabit
748 951 1120 995 calumniatorem.
1149 969 1170 992 »
1196 949 1351 995 Nullus
1363 963 1457 992 me-

71 1019 155 1067 lius
175 1037 306 1081 quam
329 1021 529 1066 diabolus
550 1022 620 1066 hic
640 1021 928 1066 calumniator
944 1022 1206 1080 agnoscitur.
1227 1019 1458 1065 Calumnia

73 1092 164 1151 ejus
185 1100 262 1136 est.
291 1111 312 1134 «
336 1092 560 1151 Numquid
587 1092 715 1150 gratis
737 1092 840 1138 colit
860 1092 945 1136 Job
969 1095 1108 1137 Deum
1123 1093 1164 1135 3?
1189 1109 1210 1132 »
1242 1088 1456 1135 Humiliat

69 1171 219 1218 autem
237 1161 380 1209 nillum
408 1163 615 1209 Dominus
647 1165 672 1205 J
676 1177 769 1205 esus
785 1198 796 1216 ,
836 1162 972 1221 gratia
992 1178 1070 1206 sua
1090 1176 1188 1205 suos
1210 1160 1418 1220 adjuvans
1433 1195 1445 1216 ,

72 1241 124 1279 ut
144 1232 273 1290 gratis
297 1235 435 1279 Deum
455 1232 628 1287 colant,
661 1232 707 1279 id
742 1241 826 1287 est,
859 1231 1131 1279 delectentur
1155 1232 1203 1281 in
1223 1230 1452 1275 Domino4.

74 1302 331 1348 Humiliavit
361 1303 492 1349 etiam
524 1303 584 1350 sic
601 1338 612 1358 ‚
652 1303 754 1362 quia
775 1318 877 1351 cum
900 1303 947 1346 in
967 1318 1018 1347 eo
1040 1301 1262 1358 diabolus,
1290 1302 1336 1347 id
1357 1310 1422 1349 est
1439 1335 1452 1355 ‚

72 1373 271 1433 princeps
303 1374 433 1433 hujus
464 1374 619 1420 mundi
650 1372 760 1419 nihil
791 1373 1050 1421 invenisset5
1071 1407 1083 1428 ‚
1109 1372 1270 1417 occidit
1289 1387 1366 1432 per
1387 1387 1458 1416 ca-

71 1443 257 1490 lumnias
271 1447 294 1489 J
298 1444 542 1499 udaeorum,
566 1444 726 1504 quibus
742 1455 807 1488 est
823 1460 925 1488 usus
941 1444 1230 1501 calumniator
1246 1453 1457 1503 tanquam

72 1516 180 1561 vasis
201 1516 309 1571 suis,
349 1531 532 1574 operans
558 1515 606 1558 in
638 1514 736 1558 siliis
770 1514 1075 1559 diffidennaefi.
1108 1513 1371 1558 Humiliatus
1393 1523 1459 1558 est

73 1586 212 1641 enim,
243 1586 346 1646 quia
366 1585 439 1629 ih'e
460 1601 592 1646 quem
615 1585 865 1631 occiderant
885 1620 896 1639 ‚
922 1584 1151 1629 resurrexit
1167 1619 1178 1639 ‚
1203 1592 1247 1628 et
1275 1598 1461 1643 regnum

74 1656 253 1703 abstulit
284 1657 435 1701 mortis
456 1676 465 1701 :
496 1658 620 1715 cujus
641 1655 715 1699 ille
746 1665 1005 1715 potestatem
1026 1657 1086 1699 ita
1106 1656 1282 1713 gerebat
1296 1691 1307 1711 ‚
1331 1665 1383 1699 ut
1406 1671 1459 1699 ex

73 1743 164 1771 uno
199 1727 376 1771 homine
399 1743 533 1786 quem
553 1726 803 1785 deceperat,
824 1740 973 1770 omnes
1003 1740 1081 1784 per
1107 1735 1294 1770 mortem
1314 1727 1462 1769 trahe-

74 1807 140 1842 ret
159 1796 216 1841 ad
237 1796 661 1842 condemnationem.
687 1795 772 1840 Sed
792 1795 1045 1842 humiliatus
1068 1805 1132 1840 est
1158 1815 1167 1839 :
1196 1814 1216 1838 «
1237 1796 1456 1848 Quoniam

76 1889 98 1913 »
131 1870 168 1913 si
187 1869 244 1914 ob
275 1869 404 1913 unius
431 1867 640 1912 delictum
662 1883 777 1912 mors
808 1867 1003 1925 regnavit
1024 1882 1101 1927 per
1122 1883 1287 1921 unum,
1321 1867 1462 1913 multo

77 1959 99 1984 »
132 1941 266 1998 magis
283 1940 360 2000 qui
381 1938 698 1984 abundantiam
719 1939 869 1997 gratiae
889 1948 934 1983 et
950 1939 1131 1999 justitiae
1155 1939 1391 1998 accipiunt,
1415 1940 1463 1984 in

77 2030 99 2054 »
131 2012 220 2057 vita
241 2010 490 2070 regnabunt
508 2025 584 2069 per
601 2025 738 2054 unum
760 2013 908 2054 Jesum
924 2009 1197 2065 Christum⁷‚
1225 2027 1245 2052 »
1267 2011 1345 2070 qui
1367 2010 1454 2054 hu-

75 2081 256 2127 miliavit
281 2080 664 2133 calumniatorem,
688 2078 796 2124 falsa
822 2079 1000 2124 crimina
1018 2114 1029 2134 ‚
1054 2079 1227 2139 iniquos
1253 2081 1424 2140 judices
1441 2115 1454 2135 ,

75 2150 204 2196 falsos
228 2160 378 2204 testes,
403 2159 454 2194 ut
475 2165 576 2196 eum
596 2149 830 2209 perderent
845 2149 1175 2193 immittentem.

134 2224 254 2266 VIII.
283 2240 305 2264 ι(
328 2223 386 2266 Et
405 2219 677 2280 permanebit
711 2219 790 2264 soli
806 2255 816 2275 ‚
845 2238 866 2260 »
886 2219 977 2274 vel,
1007 2238 1028 2262 α
1053 2220 1332 2263 Pei-manebit
1359 2235 1464 2265 cum

77 2311 99 2334 »
133 2292 264 2338 sole⁸.
287 2290 391 2336 »Sic
413 2290 530 2335 enim
551 2290 705 2334 melius
724 2288 1101 2351 interpretandum
1122 2289 1304 2350 quidam
1321 2290 1459 2335 nostri

73 2370 360 2424 putaverunt,
392 2361 514 2420 quod
540 2362 586 2405 in
613 2377 753 2420 graeco
787 2370 852 2406 est
873 2370 1128 2414 ωμπχμμενεῖ.
1155 2364 1253 2415 Quo
1270 2362 1305 2405 si
1325 2361 1459 2405 latine

76 2449 166 2478 uno
187 2433 322 2478 verbo
354 2432 439 2477 dici
461 2440 629 2491 posset,
661 2432 1032 2491 compermanebit
1052 2431 1290 2476 dicendum
1314 2440 1422 2475 esset
1443 2450 1454 2475 ε

131 2537 139 2552 ¹
156 2529 270 2561 Matth.
297 2539 372 2568 xxv,
391 2528 444 2559 32.
465 2544 508 2549 —
527 2534 540 2549 ²
559 2528 661 2569 Supra
679 2539 711 2558 n.
731 2527 760 2558 3.
781 2544 824 2549 -—
847 2525 860 2549 3
878 2527 951 2558 Job.
972 2539 995 2568 1,
1014 2538 1046 2569 9.
1067 2544 1110 2549 —
1128 2525 1146 2555 4
1170 2526 1249 2558 psal.
1278 2537 1340 2566 xvi,
1360 2525 1392 2566 4.
1417 2543 1459 2549 -

81 2585 95 2609 5
113 2589 208 2618 Joan.
224 2596 291 2626 xiv,
314 2585 364 2616 30.
386 2601 427 2606 —
443 2581 458 2605 ⁶
478 2583 591 2625 Ephes.
608 2595 641 2624 n,
662 2591 692 2614 2.
710 2600 752 2605 --
771 2590 783 2614 7
808 2585 898 2614 Rom.
921 2593 952 2622 v,
969 2593 1018 2624 ¹7-
1036 2599 1076 2604 -—
1099 2581 1113 2603 3
1129 2582 1207 2614 Psal.
1232 2592 1316 2615 rixi,
1336 2581 1366 2613 5.

1238 2635 1304 2673 27.
