1889 3285
410 246 494 285 370
835 258 868 283 s.
903 254 1135 284 Aueus'nm
1167 258 1352 285 EPISCOPI

407 321 597 380 captivos
611 334 689 364 nos
706 318 824 374 fecit,
843 319 1058 364 secundus
1069 321 1202 366 homo
1215 338 1292 366 nos
1308 321 1363 366 de
1377 323 1625 382 captivitate
1639 324 1792 369 libera-

403 392 479 435 vit.
505 409 526 433 «
554 391 674 435 Sicut
703 391 820 434 enim
843 390 890 434 in
922 390 1063 434 Adam
1099 406 1247 435 omnes
1278 393 1554 448 moriuntur,
1588 394 1648 438 ita
1674 405 1719 440 et
1743 396 1792 441 in

407 480 426 502 n
461 460 634 506 Christo
655 476 804 505 omnes
824 460 1163 504 vivificabuntur
1177 463 1207 504 1.
1232 480 1251 502 n
1281 462 1365 506 Sed
1382 463 1426 505 in
1445 462 1584 507 Adam
1597 465 1793 509 moriun-

398 539 472 575 tur
493 547 570 590 per
587 531 726 575 carnis
748 531 1034 585 nativitatem,
1049 531 1095 574 in
1109 522 1281 575 Christo
1297 531 1541 576 liberantur
1558 548 1636 592 per
1646 535 1789 580 cordis
1835 570 1838 572 ψ
1861 568 1863 574 -

400 600 548 646 fidem.
586 604 685 646 Non
721 610 813 644 erat
834 601 879 644 in
911 609 1125 659 potestate
1156 610 1232 645 tua
1265 610 1318 644 ut
1352 617 1442 646 non
1474 604 1706 648 nascereris
1738 620 1790 648 ex

398 672 540 716 Adam
564 687 574 712 :
600 681 664 716 est
683 672 729 715 in
749 680 960 731 potestate
981 679 1057 715 tua
1079 680 1130 715 ut
1143 672 1292 716 credas
1313 672 1360 716 in
1381 673 1617 717 Christum.
1639 676 1790 727 Quan-

399 750 687 802 tumcumque
713 756 814 799 ergo
834 741 889 785 ad
902 741 1092 800 primum
1112 742 1336 786 hominem
1349 744 1565 802 pertinere
1580 744 1785 801 volueris,

398 814 454 857 ad
475 814 769 872 captivitatem
788 812 1040 872 pertinebis.
1064 815 1120 857 Et
1148 813 1256 873 quid
1277 823 1364 869 est,
1389 815 1605 874 pertinere
1631 815 1787 860 volue-

400 883 479 927 ris?
504 891 589 926 ‘aut
621 882 729 943 quid
762 891 852 937 est,
883 882 1152 941 pertinebis?
1184 885 1281 927 Jam
1301 884 1490 942 pertines
1521 903 1530 929 :
1560 884 1784 940 exclama,

402 973 422 996 «
456 953 558 1006 Quis
575 968 644 996 me
655 952 857 996 liberabit
870 952 925 996 de
942 949 1122 1011 corpore
1139 953 1290 998 mortis
1303 954 1435 1014 hujus
1446 956 1489 1000 ²?
1507 954 1786 1000 »Audiamus

397 1039 500 1083 ergo
521 1024 653 1068 istum
674 1024 758 1067 hoc
780 1022 1107 1067 exclamantem.

457 1097 538 1138 ΙΙΙ.
566 1113 586 1135 «
622 1097 736 1137 Deus
756 1094 801 1137 in
823 1102 866 1137 te
887 1094 1080 1152 speravi,
1106 1093 1288 1137 Domine
1306 1128 1317 1149 ,
1348 1109 1440 1137 non
1462 1093 1709 1138 confundar
1739 1095 1787 1140 in

399 1182 420 1206 »
455 1174 684 1208 aeternum.
716 1183 736 1205 »
760 1167 859 1208 Jam
881 1163 1090 1208 confusus
1125 1179 1222 1207 sum
1237 1198 1248 1217 ‚
1273 1162 1344 1207 vel
1373 1179 1463 1208 non
1486 1164 1531 1207 in
1553 1173 1783 1209 aeternum.

399 1234 631 1287 Quomodo
664 1235 782 1278 enim
819 1249 908 1278 non
930 1243 995 1277 est
1015 1233 1223 1278 confusus
1241 1268 1252 1288 ,
1292 1234 1364 1296 cui
1387 1233 1548 1278 dicitur
1573 1253 1582 1278 2
1606 1252 1626 1276 «
1651 1238 1788 1287 Quem

397 1322 418 1346 »
454 1302 647 1348 fructum
663 1304 877 1347 habuistis
891 1304 936 1346 in
958 1304 1041 1357 his,
1057 1303 1102 1346 in
1120 1303 1279 1362 quibus
1294 1318 1412 1347 nunc
1434 1304 1714 1348 erubescitis³
1727 1306 1746 1347 Ρ
1761 1322 1782 1345 »

395 1374 511 1427 Quid
529 1390 631 1433 ergo
653 1375 729 1418 fiet
743 1409 753 1428 ‚
779 1389 834 1417 ne
850 1372 1176 1418 confundamur
1195 1372 1241 1415 in
1263 1374 1508 1416 aeternum?
1534 1391 1555 1414 «
1579 1372 1787 1417 Accedite

397 1462 418 1485 »
453 1443 509 1488 ad
529 1460 630 1488 eum
646 1479 657 1499 ‚
681 1453 724 1487 et
746 1442 1052 1487 illuminamini
1071 1477 1081 1497 ,
1107 1451 1151 1486 et
1171 1442 1318 1486 vultus
1339 1442 1470 1486 vestri
1492 1458 1584 1486 non
1607 1443 1788 1487 erubes-

397 1532 418 1556 »
453 1523 553 1558 cent
571 1515 602 1557 4.
638 1533 658 1555 »
695 1512 877 1559 Confusi
901 1513 1000 1556 estis
1020 1513 1067 1555 in
1095 1512 1235 1556 Adam
1272 1531 1281 1556 :
1324 1512 1514 1556 recedite
1536 1513 1591 1556 ab
1614 1512 1784 1568 Adam,

394 1584 585 1629 accedite
606 1583 662 1627 ad
683 1584 905 1628 Christum
925 1617 936 1637 ‚
964 1591 1007 1626 et
1018 1583 1107 1642 jam
1133 1598 1223 1626 non
1244 1581 1591 1626 confundemini.
1620 1602 1640 1625 «
1666 1586 1720 1627 In
1741 1592 1785 1626 te

398 1674 416 1695 »
451 1653 644 1713 speravi⁷
679 1653 886 1706 Domine,
914 1667 1004 1696 non
1023 1650 1271 1695 confundar
1294 1652 1340 1694 in
1361 1645 1591 1696 aeternum}
1620 1670 1640 1693 »
1670 1652 1715 1697 Si
1738 1652 1785 1696 in

395 1740 465 1768 me
482 1723 731 1768 confundor
747 1758 759 1778 ,
784 1724 830 1766 in
855 1732 897 1766 te
919 1737 1009 1766 non
1026 1721 1274 1766 confundar
1293 1722 1339 1764 in
1362 1730 1592 1765 aeternum.

457 1798 532 1840 IV.
574 1815 594 1837 «
620 1799 672 1840 In
696 1804 767 1838 tua
784 1794 951 1854 justitia
969 1809 1072 1837 erue
1094 1808 1164 1837 me
1179 1828 1190 1847 ‚
1214 1802 1258 1836 et
1279 1793 1416 1836 exime
1438 1796 1550 1837 me5.
1581 1811 1601 1834 »
1622 1795 1721 1838 Non
1741 1793 1787 1837 in
1852 1803 1856 1811 ·

396 1883 491 1913 mea
507 1903 518 1923 ,
543 1866 620 1911 sed
643 1867 689 1910 in
711 1875 786 1910 tua
813 1884 822 1910 z
846 1865 879 1909 si
899 1865 1015 1908 enim
1037 1864 1083 1907 in
1103 1878 1222 1918 mea,
1247 1878 1321 1907 ero
1344 1878 1396 1906 ex
1416 1862 1501 1906 illis
1539 1862 1593 1907 de
1625 1863 1786 1923 quibus

396 1939 468 1983 ille
489 1939 549 1983 ait
570 1957 579 1982 :
609 1957 628 1979 «
651 1940 903 1994 Ignorantes
926 1935 1002 1978 Dei
1015 1934 1226 1993 justitiam
1244 1968 1255 1988 ,
1279 1942 1322 1976 et
1343 1948 1464 1976 suam
1480 1926 1693 1992 justitiam
1713 1949 1789 1978 vo·

398 2027 419 2049 »
454 2007 592 2051 lentes
623 2006 911 2058 constituere,
943 2003 1121 2063 justitiae
1153 2002 1231 2046 Dei
1251 2018 1343 2046 non
1375 2011 1476 2046 sun't
1497 2003 1679 2062 subjecti
1698 2004 1731 2046 ⁶.
1760 2021 1781 2044 »

398 2082 515 2137 Ergo
536 2113 546 2132 ‚
584 2097 604 2120 «
625 2081 677 2121 In
700 2085 773 2121 tua
797 2074 987 2135 justitia,
1022 2092 1041 2114 »
1071 2089 1160 2117 non
1182 2072 1228 2116 in
1249 2088 1359 2116 mea.
1386 2073 1496 2126 Quia
1518 2089 1612 2117 mea
1645 2073 1785 2134 quid?
1846 2078 1850 2100 *

398 2149 619 2194 Praecessit
640 2149 856 2208 iniquitas.
882 2149 940 2190 Et
960 2160 1062 2189 cum
1085 2160 1158 2188 ero
1184 2145 1326 2204 justus
1344 2179 1354 2199 ‚
1378 2150 1456 2188 tua
1481 2144 1646 2204 justitia
1668 2145 1750 2188 erit
1771 2164 1781 2189 z

399 2220 500 2280 quia
523 2219 687 2279 justitia
716 2218 822 2261 mihi
845 2217 921 2260 abs
944 2224 986 2259 te
1009 2214 1108 2258 data
1125 2215 1268 2273 justus
1293 2230 1389 2271 ero3
1415 2223 1458 2258 et
1479 2215 1538 2258 sic
1561 2216 1641 2258 erit
1662 2230 1781 2270 mea,
1847 2272 1848 2275 Ἴ

400 2299 451 2334 ut
471 2299 546 2334 tua
563 2290 632 2343 sit,
647 2287 692 2331 id
711 2296 790 2342 est,
808 2286 883 2330 abs
904 2295 948 2329 te
970 2284 1078 2328 mihi
1096 2283 1210 2327 data.
1230 2287 1283 2327 In
1304 2299 1405 2328 eum
1427 2285 1541 2328 enim
1561 2286 1690 2329 credo
1708 2285 1784 2345 qui

393 2361 605 2421 justificat
635 2358 841 2417 impium,
866 2366 916 2400 ut
936 2355 1172 2414 deputetur
1199 2354 1306 2398 fides
1335 2370 1431 2399 mea
1452 2355 1508 2399 ad
1520 2356 1735 2415 justitiam
1748 2357 1778 2399 ⁷.
1844 2418 1847 2425 .

400 2432 496 2477 Erit
512 2445 613 2489 ergo
634 2439 678 2474 et
694 2429 752 2473 sic
769 2427 936 2488 justitia
951 2442 1075 2484 mea3
1099 2441 1189 2470 non
1209 2435 1356 2470 tamen
1380 2436 1588 2487 tanquam
1609 2427 1784 2486 propria
1843 2469 1847 2486 ἲ

448 2534 460 2550 ¹
483 2538 495 2558 1
516 2528 589 2560 Cor.
614 2536 668 2566 xv,
694 2533 734 2556 22
753 2528 786 2556 et
800 2523 918 2566 47-49.
944 2540 986 2546 -—
1005 2529 1018 2545 ²
1037 2524 1128 2554 Rom.
1148 2533 1205 2563 vn,
1223 2520 1280 2563 24.
1301 2539 1337 2545 -
1364 2521 1378 2545 3
1395 2523 1443 2555 Id.
1462 2533 1509 2565 vx,
1528 2531 1583 2556 21.
1604 2540 1646 2546 -—-
1667 2521 1683 2553 4
1700 2523 1779 2556 Psal.

400 2592 513 2623 xxxin,
531 2582 564 2614 5.
581 2598 622 2604 —
640 2579 812 2621 51d.1.xx‚
830 2587 864 2613 2.
882 2595 926 2601 —-
939 2576 954 2600 6
972 2581 1063 2611 Rom.
1081 2588 1115 2619 X,
1129 2578 1160 2610 3.
1178 2594 1220 2600 —-
1238 2584 1249 2610 7
1264 2578 1312 2610 Id.
1337 2588 1381 2619 iv,
1403 2577 1436 2610 5.
