1889 3285
238 210 482 243 ENARRATIO
513 215 528 242 1
560 215 606 242 IN
638 211 840 243 PsALMUM
872 215 1032 254 vam,
1066 212 1205 242 SERMo
1236 213 1267 240 1.
1373 201 1456 240 327

80 280 271 325 luerunt.
301 284 440 333 Quare
458 279 560 325 novi
576 294 665 324 esse
685 280 921 326 noluerunt
937 282 955 323 ⁶?
970 281 1077 334 Quia
1089 278 1145 324 ad
1162 279 1334 324 titulum
1344 278 1458 324 Psal-

82 350 144 394 mi
162 350 291 411 hujus
308 349 386 393 ubi
406 349 616 408 scriptum
637 359 719 395 est:
741 354 854 396 «Pro
870 351 919 394 iis
938 351 1013 410 qui
1022 349 1454 410 vcommutabunturp)

80 435 172 464 non
207 419 528 479 pertinuerunt.
575 422 715 477 Ergo,
750 438 770 462 «
793 420 956 480 Operui
989 420 1035 463 in
1063 419 1229 479 jejunio
1270 419 1459 463 animam

80 507 103 531 »
137 504 292 533 meam.
307 489 541 549 »Denique
562 490 725 548 respuit
745 489 874 534 etiam
897 488 956 533 fel
974 488 1094 549 quod
1104 488 1166 532 illi
1175 488 1428 533 obtulerunt
1446 507 1456 534 :

73 560 269 621 jejunare
287 558 441 618 elegit,
466 555 597 619 quam
627 560 960 604 amaritudinem
979 559 1188 619 accipere.
1224 560 1322 603 Non
1343 559 1458 602 enim

76 631 241 675 intrant
268 631 316 674 in
344 646 501 690 corpus
533 631 623 690 ejus
646 632 950 686 amaricantes,
976 630 1030 676 de
1056 630 1230 691 quibus(
1248 629 1331 673 alio
1362 629 1460 674 loco

76 700 271 746 Psalmus
288 700 417 745 dicit:
446 719 466 744 «
491 700 575 754 Qui
598 701 831 745 amaricant
850 737 860 756 ‚
881 716 971 745 non
985 699 1226 744 exaltentur
1237 699 1283 743 in
1298 707 1458 743 semet-

79 790 100 813 »
135 772 269 831 ipsis1.
289 774 421 830 Ergo,
440 771 591 831 operui
608 772 653 815 in
665 773 831 832 jejunio
852 772 1041 816 animam
1057 786 1198 815 meam
1211 806 1221 825 ,
1237 779 1281 815 et
1292 769 1458 814 factum

78 860 99 884 »
133 851 196 886 est
227 842 335 886 mihi
362 842 408 885 in
442 842 739 902 opprobrium.
763 861 784 883 >›
806 844 899 886 Hoc
932 842 1074 901 ipsum
1094 841 1203 885 mihi
1224 841 1270 884 in
1296 856 1459 901 oppro-

76 911 221 956 brium
240 911 407 956 factum
428 922 493 957 est
507 948 518 967 ‚
539 913 641 972 quia
654 911 839 956 nonillis
851 912 1047 956 consensi
1060 947 1071 967 ,
1095 911 1179 955 hoc
1197 920 1283 966 est,
1305 911 1358 954 ab
1377 910 1461 954 illis

72 978 280 1043 Jej'unavi.
307 982 392 1036 Qui
413 983 527 1026 enim
549 998 638 1027 non
657 982 873 1027 consentit
893 981 1007 1025 male
1028 980 1310 1025 suadentibus
1324 1016 1334 1036 ‚
1345 981 1461 1041 jeju-

74 1061 151 1097 nat
167 1052 222 1096 ab
244 1052 344 1112 ipsis
365 1072 375 1109 3
401 1061 443 1096 et
461 1067 539 1112 per
553 1052 637 1096 hoc
647 1052 860 1112 jejunium
876 1059 1067 1095 meretur
1082 1050 1363 1110 opprobrium
1376 1085 1387 1105 ‚
1411 1058 1462 1094 ut

75 1122 174 1167 ideo
190 1122 254 1166 illi
271 1121 519 1177 insultetur,
546 1122 648 1182 quia
670 1137 760 1167 non
776 1121 993 1166 consentit
1015 1119 1069 1164 ad
1088 1119 1268 1164 malum.

134 1188 232 1236 XV.
264 1194 360 1236 «Et
376 1192 502 1252 posui
516 1193 826 1236 vestimentum
846 1206 995 1235 meum
1021 1194 1235 1235 saccum2.
1259 1208 1279 1231 »
1306 1192 1403 1234 Jam
1420 1199 1464 1252 et

75 1263 130 1308 de
151 1278 274 1307 sacco
301 1262 470 1322 aliquid
502 1261 730 1318 diximus³‚
764 1262 883 1306 unde
901 1260 1011 1306 illud
1042 1270 1132 1306 est:
1158 1281 1177 1303 «
1199 1264 1292 1319 Ego
1315 1269 1462 1306 autem

77 1351 98 1375 »
132 1348 235 1378 cum
256 1332 363 1376 mihi
384 1332 555 1377 molesti
577 1341 718 1376 essent
736 1367 747 1387 ‚
772 1331 1009 1377 induebam
1031 1347 1100 1376 me
1122 1330 1260 1376 cilicio
1280 1367 1290 1387 ‚
1316 1341 1360 1376 et
1375 1332 1461 1376 hu-

79 1423 97 1445 »
132 1401 354 1446 miliabam
373 1402 418 1459 in
434 1402 600 1462 jejunio
619 1401 808 1446 animam
829 1417 987 1446 meam.
1005 1402 1132 1447 Posui
1150 1401 1461 1446 vestimentum

79 1493 97 1515 »
132 1487 280 1516 mcum
303 1487 475 1516 saccum
503 1491 511 1516 :
539 1471 622 1515 »id
643 1480 732 1523 est,
758 1472 942 1530 opposui
964 1471 1069 1526 illis,
1097 1472 1143 1515 in
1172 1487 1303 1532 quam
1334 1472 1461 1517 saevi-

74 1551 171 1587 rent
191 1578 201 1597 ‚
226 1557 401 1586 carnem
422 1556 562 1598 meam
581 1561 591 1598 3
617 1540 830 1585 occultavi
853 1538 1127 1586 divinitatem
1143 1556 1299 1593 meam.
1319 1560 1339 1583 «
1362 1544 1465 1587 Sac-

79 1632 97 1654 »
122 1627 221 1656 cum
235 1647 246 1666 ,
269 1630 288 1673 χ)
315 1611 417 1671 quia
433 1605 626 1655 mortalis
642 1626 741 1655 caro
763 1619 856 1655 erat
872 1646 882 1666 ,
903 1619 953 1655 ut
977 1611 1031 1654 de
1052 1619 1232 1670 peccato
1251 1605 1464 1670 condem-

75 1691 198 1726 naret
214 1690 443 1742 peccatum
465 1681 509 1723 in
530 1695 660 1724 carne
677 1681 708 1724 ⁴.
737 1698 754 1720 «
772 1683 828 1724 Et
844 1680 971 1739 posui
986 1680 1296 1724 vestimentum
1315 1696 1465 1726 meum

79 1769 100 1793 »
135 1754 307 1795 sacCum
330 1769 339 1795 z
366 1759 409 1793 et
430 1749 569 1808 factus
589 1765 685 1794 sum
701 1749 785 1793 illis
813 1749 859 1793 in
881 1749 1133 1808 parabolam
1150 1785 1161 1804 ,
1185 1767 1206 1791 >›
1231 1750 1277 1794 id
1309 1761 1397 1807 est,
1417 1752 1464 1797 in

76 1822 333 1866 irrisionem.
365 1819 577 1865 Parabola
610 1819 782 1874 dicitur,
806 1818 984 1880 quando
1006 1817 1135 1872 datur
1156 1819 1394 1866 similitudo
1412 1821 1467 1866 de

78 1892 224 1953 aliquo
240 1927 250 1947 ,
276 1889 453 1951 quando
476 1890 531 1934 de
551 1889 628 1935 illo
648 1889 761 1934 male
776 1889 948 1934 dicitur.
973 1889 1041 1934 Sic
1057 1889 1154 1945 ille,
1173 1890 1294 1934 verbi
1308 1886 1466 1951 gratian

77 1971 227 2023 pereat
243 1997 254 2017 ‚
280 1960 502 2022 quomodo
523 1959 621 2015 ille,
658 1959 864 2020 parabola
893 1969 956 2004 est
980 1979 988 2004 :
1014 1959 1058 2005 id
1087 1969 1176 2016 est,
1202 1957 1470 2021 comparatio

78 2041 123 2078 et
153 2030 393 2077 similitudo
424 2029 658 2075 maledicti.
688 2049 709 2073 «
730 2033 888 2075 Factus
910 2046 1013 2089 ergo
1036 2045 1132 2075 sum
1158 2030 1242 2076 illis
1263 2031 1309 2076 in
1344 2046 1470 2092 para-

84 2125 102 2146 »
135 2104 298 2150 bolam.
327 2123 348 2145 »
587 2104 589 2106 ’
1349 2093 1355 2096 .

136 2177 257 2220 XVI.
300 2193 318 2215 «
360 2174 580 2229 Adversus
615 2189 686 2219 me
727 2173 996 2219 insultabant
1013 2209 1029 2231 ,
1064 2174 1141 2239 qui
1178 2175 1387 2220 sedebant
1425 2177 1471 2237 iu

82 2264 104 2287 n
139 2247 308 2305 porta5.
335 2247 388 2301 In
417 2253 542 2304 porta
559 2280 570 2299 ‚
595 2241 620 2286 »¹
649 2244 759 2290 nihil
781 2244 900 2289 aliud
926 2260 1058 2306 quam
1081 2245 1126 2290 in
1145 2246 1339 2307 publico.
1370 2266 1389 2290 «
1412 2249 1470 2292 Et

84 2337 101 2358 »
135 2317 182 2360 in
200 2331 270 2360 me
300 2314 545 2375 psallebant
562 2351 572 2371 ‚
598 2316 674 2376 qui
705 2315 913 2360 bibebant
933 2316 1101 2360 vinum.
1122 2335 1142 2358 »
1169 2319 1333 2362 Putatis
1363 2319 1464 2374 boc,

80 2386 247 2441 fratres,
265 2387 438 2431 Christo
467 2378 772 2432 tantummodo
801 2387 1064 2446 contigisse?
1095 2388 1296 2441 Quotidie
1325 2388 1385 2432 illi
1421 2388 1466 2431 in

127 2489 135 2503 ¹
157 2481 239 2514 Psal.
257 2493 331 2521 mv,
351 2493 380 2523 7.
400 2499 439 2504 —-
459 2489 471 2503 2
492 2482 538 2513 ld.
566 2493 672 2518 uvm,
702 2491 751 2513 19..
770 2500 810 2504 —
831 2480 842 2503 3
864 2482 940 2513 Vide
954 2484 1193 2515 Enarrationeni
1209 2484 1237 2514 iu
1258 2483 1334 2513 Pal.
1357 2493 1460 2514 (νων.

80 2539 179 2568 Sorm.
201 2548 233 2571 u,
254 2549 282 2567 n.
314 2538 342 2567 3.
367 2553 407 2558 -—
425 2536 439 2565 4
459 2540 536 2567 Rom
566 2548 632 2573 vm,
655 2538 682 2568 3.
708 2555 745 2558 —
769 2537 781 2559 5
806 2538 879 2568 Psal.
902 2549 1003 2574 mviii,
1028 2538 1075 2568 13.
