<?xml version="1.0" encoding="UTF-8"?>
<!DOCTYPE html PUBLIC "-//W3C//DTD XHTML 1.0 Transitional//EN"
    "http://www.w3.org/TR/xhtml1/DTD/xhtml1-transitional.dtd">
<html xmlns="http://www.w3.org/1999/xhtml" xml:lang="en" lang="en">
 <head>
  <title>
</title>
<meta http-equiv="Content-Type" content="text/html;charset=utf-8" />
  <meta name='ocr-system' content='tesseract 3.04.00' />
  <meta name='ocr-capabilities' content='ocr_page ocr_carea ocr_par ocr_line ocrx_word'/>
</head>
<body>
  <div class='ocr_page' id='page_1' title='image "./operaomniaaccura09auguuoft_0458.png"; bbox 0 0 1889 3285; ppageno 0'>
   <div class='ocr_carea' id='block_1_1' title="bbox 423 232 1373 272">
    <p class='ocr_par' dir='ltr' id='par_1_1' title="bbox 423 232 1373 272">
     <span class='ocr_line' id='line_1_1' title="bbox 423 232 1373 272; baseline -0.005 -1"><span class='ocrx_word' id='word_1_1' title='bbox 423 232 509 272; x_wconf 82' lang='lat'>446</span> <span class='ocrx_word' id='word_1_2' title='bbox 847 235 880 268; x_wconf 86' lang='lat' dir='ltr'>S.</span> <span class='ocrx_word' id='word_1_3' title='bbox 916 238 1145 269; x_wconf 69' lang='lat' dir='ltr'>Avensa-lm</span> <span class='ocrx_word' id='word_1_4' title='bbox 1175 240 1373 268; x_wconf 73' lang='lat' dir='ltr'>Emscom.</span> 
     </span>
    </p>
   </div>
   <div class='ocr_carea' id='block_1_2' title="bbox 414 303 1817 2612">
    <p class='ocr_par' dir='ltr' id='par_1_2' title="bbox 414 303 1812 1070">
     <span class='ocr_line' id='line_1_2' title="bbox 416 303 1801 362; baseline -0.003 -10"><span class='ocrx_word' id='word_1_5' title='bbox 416 316 508 352; x_wconf 90' lang='lat' dir='ltr'>erat</span> <span class='ocrx_word' id='word_1_6' title='bbox 526 304 790 350; x_wconf 82' lang='lat' dir='ltr'>declinatio</span> <span class='ocrx_word' id='word_1_7' title='bbox 779 321 826 349; x_wconf 90' lang='lat' dir='ltr'>1n</span> <span class='ocrx_word' id='word_1_8' title='bbox 848 314 1010 360; x_wconf 84' lang='lat' dir='ltr'>morte,</span> <span class='ocrx_word' id='word_1_9' title='bbox 1035 315 1079 350; x_wconf 87' lang='lat' dir='ltr'>et</span> <span class='ocrx_word' id='word_1_10' title='bbox 1098 306 1421 350; x_wconf 89' lang='lat' dir='ltr'>firmamentum</span> <span class='ocrx_word' id='word_1_11' title='bbox 1450 311 1542 348; x_wconf 86' lang='lat' dir='ltr'>erat</span> <span class='ocrx_word' id='word_1_12' title='bbox 1562 303 1608 348; x_wconf 88' lang='lat' dir='ltr'>in</span> <span class='ocrx_word' id='word_1_13' title='bbox 1631 303 1801 362; x_wconf 87' lang='lat' dir='ltr'>flagello</span> 
     </span>
     <span class='ocr_line' id='line_1_3' title="bbox 415 375 1803 437; baseline -0.001 -16"><span class='ocrx_word' id='word_1_14' title='bbox 415 379 528 437; x_wconf 82' lang='lat' dir='ltr'>ejus·</span> <span class='ocrx_word' id='word_1_15' title='bbox 560 376 607 420; x_wconf 91' lang='lat' dir='ltr'>in</span> <span class='ocrx_word' id='word_1_16' title='bbox 633 375 857 421; x_wconf 81' lang='lat' dir='ltr'>laboribus</span> <span class='ocrx_word' id='word_1_17' title='bbox 885 376 1114 421; x_wconf 87' lang='lat' dir='ltr'>hominum</span> <span class='ocrx_word' id='word_1_18' title='bbox 1137 378 1226 421; x_wconf 87' lang='lat' dir='ltr'>non</span> <span class='ocrx_word' id='word_1_19' title='bbox 1247 375 1352 431; x_wconf 85' lang='lat' dir='ltr'>fuit,</span> <span class='ocrx_word' id='word_1_20' title='bbox 1394 384 1435 420; x_wconf 90' lang='lat' dir='ltr'>et</span> <span class='ocrx_word' id='word_1_21' title='bbox 1469 375 1584 419; x_wconf 88' lang='lat' dir='ltr'>inter</span> <span class='ocrx_word' id='word_1_22' title='bbox 1603 375 1803 437; x_wconf 81' lang='lat' dir='ltr'>homines¹</span> 
     </span>
     <span class='ocr_line' id='line_1_4' title="bbox 414 435 1804 506; baseline -0.002 -15"><span class='ocrx_word' id='word_1_23' title='bbox 414 446 657 506; x_wconf 84' lang='lat' dir='ltr'>flagellatus</span> <span class='ocrx_word' id='word_1_24' title='bbox 695 458 785 491; x_wconf 90' lang='lat' dir='ltr'>non</span> <span class='ocrx_word' id='word_1_25' title='bbox 813 455 910 491; x_wconf 89' lang='lat' dir='ltr'>est:</span> <span class='ocrx_word' id='word_1_26' title='bbox 935 446 1010 491; x_wconf 83' lang='lat' dir='ltr'>ille</span> <span class='ocrx_word' id='word_1_27' title='bbox 1034 455 1180 491; x_wconf 89' lang='lat' dir='ltr'>autem</span> <span class='ocrx_word' id='word_1_28' title='bbox 1201 446 1445 505; x_wconf 78' lang='lat' dir='ltr'>flagellatus</span> <span class='ocrx_word' id='word_1_29' title='bbox 1466 435 1561 500; x_wconf 79' lang='lat' dir='ltr'>hic,</span> <span class='ocrx_word' id='word_1_30' title='bbox 1581 444 1804 505; x_wconf 74' lang='lat' dir='ltr'>requievit</span> 
     </span>
     <span class='ocr_line' id='line_1_5' title="bbox 415 513 1804 579; baseline -0.002 -18"><span class='ocrx_word' id='word_1_31' title='bbox 415 518 511 571; x_wconf 79' lang='lat' dir='ltr'>ibi,</span> <span class='ocrx_word' id='word_1_32' title='bbox 529 533 550 559; x_wconf 86' lang='lat'>«</span> <span class='ocrx_word' id='word_1_33' title='bbox 570 517 677 570; x_wconf 87' lang='lat' dir='ltr'><strong>Quia</strong></span> <span class='ocrx_word' id='word_1_34' title='bbox 703 516 896 579; x_wconf 82' lang='lat' dir='ltr'>flagellat</span> <span class='ocrx_word' id='word_1_35' title='bbox 917 532 1092 561; x_wconf 88' lang='lat' dir='ltr'>omnem</span> <span class='ocrx_word' id='word_1_36' title='bbox 1113 516 1253 561; x_wconf 89' lang='lat' dir='ltr'>filium</span> <span class='ocrx_word' id='word_1_37' title='bbox 1285 531 1416 577; x_wconf 90' lang='lat' dir='ltr'>quem</span> <span class='ocrx_word' id='word_1_38' title='bbox 1439 516 1593 576; x_wconf 83' lang='lat' dir='ltr'>recipit</span> <span class='ocrx_word' id='word_1_39' title='bbox 1610 517 1642 559; x_wconf 80' lang='lat'>1.</span> <span class='ocrx_word' id='word_1_40' title='bbox 1668 533 1690 557; x_wconf 63' lang='lat'>³&gt;</span> <span class='ocrx_word' id='word_1_41' title='bbox 1719 513 1804 560; x_wconf 84' lang='lat' dir='ltr'>Sed</span> 
     </span>
     <span class='ocr_line' id='line_1_6' title="bbox 415 555 1809 647; baseline -0.002 -15"><span class='ocrx_word' id='word_1_42' title='bbox 415 588 486 633; x_wconf 86' lang='lat' dir='ltr'>cui</span> <span class='ocrx_word' id='word_1_43' title='bbox 508 587 613 632; x_wconf 86' lang='lat' dir='ltr'>dicis</span> <span class='ocrx_word' id='word_1_44' title='bbox 628 588 739 632; x_wconf 78' lang='lat' dir='ltr'>ista?</span> <span class='ocrx_word' id='word_1_45' title='bbox 760 555 967 647; x_wconf 86' lang='lat' dir='ltr'>Epulanti</span> <span class='ocrx_word' id='word_1_46' title='bbox 985 587 1232 647; x_wconf 80' lang='lat' dir='ltr'>splendide,</span> <span class='ocrx_word' id='word_1_47' title='bbox 1257 596 1298 631; x_wconf 89' lang='lat' dir='ltr'>et</span> <span class='ocrx_word' id='word_1_48' title='bbox 1318 586 1519 630; x_wconf 73' lang='lat' dir='ltr'>induenti</span> <span class='ocrx_word' id='word_1_49' title='bbox 1541 595 1586 630; x_wconf 87' lang='lat' dir='ltr'>se</span> <span class='ocrx_word' id='word_1_50' title='bbox 1606 582 1809 646; x_wconf 63' lang='lat' dir='ltr'>quotidie&gt;</span> 
     </span>
     <span class='ocr_line' id='line_1_7' title="bbox 418 655 1808 718; baseline -0.001 -17"><span class='ocrx_word' id='word_1_51' title='bbox 418 669 613 718; x_wconf 83' lang='lat' dir='ltr'>purpura</span> <span class='ocrx_word' id='word_1_52' title='bbox 636 668 679 702; x_wconf 82' lang='lat' dir='ltr'>et</span> <span class='ocrx_word' id='word_1_53' title='bbox 701 659 844 716; x_wconf 87' lang='lat' dir='ltr'><strong>bysso.</strong></span> <span class='ocrx_word' id='word_1_54' title='bbox 865 658 947 703; x_wconf 83' lang='lat' dir='ltr'>Cui</span> <span class='ocrx_word' id='word_1_55' title='bbox 965 657 1097 702; x_wconf 79' lang='lat' dir='ltr'>dicis?</span> <span class='ocrx_word' id='word_1_56' title='bbox 1118 657 1204 711; x_wconf 86' lang='lat' dir='ltr'>Qui</span> <span class='ocrx_word' id='word_1_57' title='bbox 1225 657 1395 701; x_wconf 85' lang='lat' dir='ltr'>transiit</span> <span class='ocrx_word' id='word_1_58' title='bbox 1412 656 1458 700; x_wconf 85' lang='lat' dir='ltr'>in</span> <span class='ocrx_word' id='word_1_59' title='bbox 1479 655 1808 715; x_wconf 83' lang='lat' dir='ltr'>dispositionem</span> 
     </span>
     <span class='ocr_line' id='line_1_8' title="bbox 417 725 1805 784; baseline -0.004 -10"><span class='ocrx_word' id='word_1_60' title='bbox 417 728 572 774; x_wconf 80' lang='lat' dir='ltr'>cordis.</span> <span class='ocrx_word' id='word_1_61' title='bbox 597 729 754 774; x_wconf 82' lang='lat' dir='ltr'>Merito</span> <span class='ocrx_word' id='word_1_62' title='bbox 784 745 879 773; x_wconf 86' lang='lat' dir='ltr'>sero</span> <span class='ocrx_word' id='word_1_63' title='bbox 900 728 1096 774; x_wconf 85' lang='lat' dir='ltr'>dicturus</span> <span class='ocrx_word' id='word_1_64' title='bbox 1124 737 1208 784; x_wconf 82' lang='lat' dir='ltr'>est,</span> <span class='ocrx_word' id='word_1_65' title='bbox 1236 746 1256 770; x_wconf 87' lang='lat'>«</span> <span class='ocrx_word' id='word_1_66' title='bbox 1284 728 1410 772; x_wconf 85' lang='lat' dir='ltr'>Mitte</span> <span class='ocrx_word' id='word_1_67' title='bbox 1428 728 1663 778; x_wconf 75' lang='lat' dir='ltr'>Lazarum,</span> <span class='ocrx_word' id='word_1_68' title='bbox 1688 725 1805 769; x_wconf 83' lang='lat' dir='ltr'>dicat</span> 
     </span>
     <span class='ocr_line' id='line_1_9' title="bbox 421 795 1811 860; baseline -0.001 -19"><span class='ocrx_word' id='word_1_69' title='bbox 421 817 442 841; x_wconf 73' lang='lat' dir='ltr'>n</span> <span class='ocrx_word' id='word_1_70' title='bbox 465 799 537 844; x_wconf 80' lang='lat' dir='ltr'>vel</span> <span class='ocrx_word' id='word_1_71' title='bbox 558 797 764 844; x_wconf 80' lang='lat' dir='ltr'>fratribus</span> <span class='ocrx_word' id='word_1_72' title='bbox 785 800 919 843; x_wconf 71' lang='lat' dir='ltr'>meis²</span> <span class='ocrx_word' id='word_1_73' title='bbox 941 819 949 844; x_wconf 72' lang='grc' dir='ltr'>ε</span> <span class='ocrx_word' id='word_1_74' title='bbox 970 818 990 841; x_wconf 84' lang='lat'>»</span> <span class='ocrx_word' id='word_1_75' title='bbox 1008 798 1186 860; x_wconf 87' lang='lat' dir='ltr'>quando</span> <span class='ocrx_word' id='word_1_76' title='bbox 1203 799 1242 842; x_wconf 90' lang='lat' dir='ltr'>ei</span> <span class='ocrx_word' id='word_1_77' title='bbox 1258 814 1348 843; x_wconf 90' lang='lat' dir='ltr'>non</span> <span class='ocrx_word' id='word_1_78' title='bbox 1365 796 1620 855; x_wconf 78' lang='lat' dir='ltr'>conceditur</span> <span class='ocrx_word' id='word_1_79' title='bbox 1635 795 1811 841; x_wconf 73' lang='lat' dir='ltr'>fructus</span> 
     </span>
     <span class='ocr_line' id='line_1_10' title="bbox 416 866 1812 930; baseline -0.003 -16"><span class='ocrx_word' id='word_1_80' title='bbox 416 869 700 930; x_wconf 56' lang='lat' dir='ltr'>peanitentiae.</span> <span class='ocrx_word' id='word_1_81' title='bbox 725 873 824 916; x_wconf 88' lang='lat' dir='ltr'>Non</span> <span class='ocrx_word' id='word_1_82' title='bbox 851 871 967 914; x_wconf 84' lang='lat' dir='ltr'>enim</span> <span class='ocrx_word' id='word_1_83' title='bbox 988 870 1248 930; x_wconf 88' lang='lat' dir='ltr'>poenitentia</span> <span class='ocrx_word' id='word_1_84' title='bbox 1266 885 1356 914; x_wconf 92' lang='lat' dir='ltr'>non</span> <span class='ocrx_word' id='word_1_85' title='bbox 1372 868 1517 924; x_wconf 81' lang='lat' dir='ltr'>datur,</span> <span class='ocrx_word' id='word_1_86' title='bbox 1547 867 1624 912; x_wconf 89' lang='lat' dir='ltr'>sed</span> <span class='ocrx_word' id='word_1_87' title='bbox 1639 866 1812 926; x_wconf 78' lang='lat' dir='ltr'>&#39;sempi-·</span> 
     </span>
     <span class='ocr_line' id='line_1_11' title="bbox 414 937 1800 999; baseline -0.002 -15"><span class='ocrx_word' id='word_1_88' title='bbox 414 949 538 984; x_wconf 82' lang='lat' dir='ltr'>terna</span> <span class='ocrx_word' id='word_1_89' title='bbox 573 940 655 984; x_wconf 84' lang='lat' dir='ltr'>erit</span> <span class='ocrx_word' id='word_1_90' title='bbox 677 940 957 999; x_wconf 84' lang='lat' dir='ltr'>poenitentia,</span> <span class='ocrx_word' id='word_1_91' title='bbox 985 949 1029 984; x_wconf 92' lang='lat' dir='ltr'>et</span> <span class='ocrx_word' id='word_1_92' title='bbox 1061 938 1182 984; x_wconf 84' lang='lat' dir='ltr'>nulla</span> <span class='ocrx_word' id='word_1_93' title='bbox 1219 939 1332 983; x_wconf 82' lang='lat' dir='ltr'>salus</span> <span class='ocrx_word' id='word_1_94' title='bbox 1353 948 1452 998; x_wconf 84' lang='lat' dir='ltr'>post</span> <span class='ocrx_word' id='word_1_95' title='bbox 1477 937 1800 998; x_wconf 86' lang='lat' dir='ltr'>poenitentiam.</span> 
     </span>
     <span class='ocr_line' id='line_1_12' title="bbox 416 1009 1595 1070; baseline -0.004 -15"><span class='ocrx_word' id='word_1_96' title='bbox 416 1013 533 1068; x_wconf 80' lang='lat' dir='ltr'>Ergo</span> <span class='ocrx_word' id='word_1_97' title='bbox 542 1011 612 1055; x_wconf 86' lang='lat' dir='ltr'>isti</span> <span class='ocrx_word' id='word_1_98' title='bbox 637 1029 658 1052; x_wconf 91' lang='lat'>«</span> <span class='ocrx_word' id='word_1_99' title='bbox 684 1011 962 1055; x_wconf 81' lang='lat' dir='ltr'>Transierunt</span> <span class='ocrx_word' id='word_1_100' title='bbox 981 1011 1028 1055; x_wconf 94' lang='lat' dir='ltr'>in</span> <span class='ocrx_word' id='word_1_101' title='bbox 1045 1011 1369 1070; x_wconf 82' lang='lat' dir='ltr'>dispositionem</span> <span class='ocrx_word' id='word_1_102' title='bbox 1389 1009 1545 1070; x_wconf 87' lang='lat' dir='ltr'>cordis.</span> <span class='ocrx_word' id='word_1_103' title='bbox 1573 1027 1595 1050; x_wconf 73' lang='lat' dir='ltr'>n</span> 
     </span>
    </p>

    <p class='ocr_par' dir='ltr' id='par_1_3' title="bbox 414 1077 1813 1826">
     <span class='ocr_line' id='line_1_13' title="bbox 473 1077 1806 1140; baseline -0.002 -15"><span class='ocrx_word' id='word_1_104' title='bbox 473 1078 594 1125; x_wconf 83' lang='lat' dir='ltr'><strong>XIV.</strong></span> <span class='ocrx_word' id='word_1_105' title='bbox 615 1100 635 1122; x_wconf 75' lang='grc' dir='ltr'>ι(</span> <span class='ocrx_word' id='word_1_106' title='bbox 652 1082 967 1140; x_wconf 79' lang='lat' dir='ltr'>Cogitaverunt</span> <span class='ocrx_word' id='word_1_107' title='bbox 983 1090 1026 1125; x_wconf 89' lang='lat' dir='ltr'>et</span> <span class='ocrx_word' id='word_1_108' title='bbox 1039 1081 1174 1125; x_wconf 85' lang='lat' dir='ltr'>locuti</span> <span class='ocrx_word' id='word_1_109' title='bbox 1188 1090 1290 1125; x_wconf 91' lang='lat' dir='ltr'>sunt</span> <span class='ocrx_word' id='word_1_110' title='bbox 1302 1079 1612 1138; x_wconf 84' lang='lat' dir='ltr'>malignitatem</span> <span class='ocrx_word' id='word_1_111' title='bbox 1625 1080 1658 1122; x_wconf 80' lang='lat'>³.</span> <span class='ocrx_word' id='word_1_112' title='bbox 1682 1096 1706 1120; x_wconf 65' lang='grc' dir='ltr'><em>η</em></span> <span class='ocrx_word' id='word_1_113' title='bbox 1721 1077 1806 1123; x_wconf 78' lang='lat' dir='ltr'>s&#39;ed</span> 
     </span>
     <span class='ocr_line' id='line_1_14' title="bbox 414 1149 1806 1212; baseline -0.001 -18"><span class='ocrx_word' id='word_1_114' title='bbox 414 1149 660 1212; x_wconf 80' lang='lat' dir='ltr'>loquuntur</span> <span class='ocrx_word' id='word_1_115' title='bbox 698 1151 1010 1209; x_wconf 79' lang='lat' dir='ltr'>malignitatem</span> <span class='ocrx_word' id='word_1_116' title='bbox 1051 1152 1248 1196; x_wconf 86' lang='lat' dir='ltr'>homines</span> <span class='ocrx_word' id='word_1_117' title='bbox 1291 1159 1334 1194; x_wconf 86' lang='lat' dir='ltr'>et</span> <span class='ocrx_word' id='word_1_118' title='bbox 1377 1165 1477 1194; x_wconf 88' lang='lat' dir='ltr'>cum</span> <span class='ocrx_word' id='word_1_119' title='bbox 1521 1150 1676 1194; x_wconf 88' lang='lat' dir='ltr'>timore</span> <span class='ocrx_word' id='word_1_120' title='bbox 1703 1167 1712 1194; x_wconf 76' lang='grc' dir='ltr'>ε</span> <span class='ocrx_word' id='word_1_121' title='bbox 1736 1149 1806 1194; x_wconf 87' lang='lat' dir='ltr'>isti</span> 
     </span>
     <span class='ocr_line' id='line_1_15' title="bbox 417 1220 1805 1281; baseline -0.002 -16"><span class='ocrx_word' id='word_1_122' title='bbox 417 1231 562 1265; x_wconf 84' lang='lat' dir='ltr'>autem</span> <span class='ocrx_word' id='word_1_123' title='bbox 580 1222 832 1281; x_wconf 80' lang='lat' dir='ltr'>quomodo?</span> <span class='ocrx_word' id='word_1_124' title='bbox 852 1241 872 1264; x_wconf 84' lang='lat'>«</span> <span class='ocrx_word' id='word_1_125' title='bbox 890 1222 1171 1281; x_wconf 88' lang='lat' dir='ltr'>Iniquitatem</span> <span class='ocrx_word' id='word_1_126' title='bbox 1182 1224 1229 1264; x_wconf 88' lang='lat' dir='ltr'>in</span> <span class='ocrx_word' id='word_1_127' title='bbox 1246 1220 1527 1264; x_wconf 84' lang='lat' dir='ltr'>altumlocuti</span> <span class='ocrx_word' id='word_1_128' title='bbox 1539 1229 1655 1263; x_wconf 87' lang='lat' dir='ltr'>sunt.</span> <span class='ocrx_word' id='word_1_129' title='bbox 1673 1221 1805 1264; x_wconf 80' lang='lat' dir='ltr'>»Non</span> 
     </span>
     <span class='ocr_line' id='line_1_16' title="bbox 416 1289 1806 1351; baseline -0.002 -16"><span class='ocrx_word' id='word_1_130' title='bbox 416 1291 555 1335; x_wconf 91' lang='lat' dir='ltr'>solum</span> <span class='ocrx_word' id='word_1_131' title='bbox 592 1290 728 1335; x_wconf 88' lang='lat' dir='ltr'>locuti</span> <span class='ocrx_word' id='word_1_132' title='bbox 750 1300 852 1335; x_wconf 86' lang='lat' dir='ltr'>sunt</span> <span class='ocrx_word' id='word_1_133' title='bbox 872 1291 1174 1351; x_wconf 81' lang='lat' dir='ltr'>iniquitatem3</span> <span class='ocrx_word' id='word_1_134' title='bbox 1198 1289 1273 1335; x_wconf 89' lang='lat' dir='ltr'>sed</span> <span class='ocrx_word' id='word_1_135' title='bbox 1297 1290 1424 1334; x_wconf 87' lang='lat' dir='ltr'>etiam</span> <span class='ocrx_word' id='word_1_136' title='bbox 1458 1289 1595 1345; x_wconf 82' lang='lat' dir='ltr'>clare,</span> <span class='ocrx_word' id='word_1_137' title='bbox 1620 1289 1806 1333; x_wconf 80' lang='lat' dir='ltr'>audien-</span> 
     </span>
     <span class='ocr_line' id='line_1_17' title="bbox 416 1359 1806 1421; baseline -0.001 -16"><span class='ocrx_word' id='word_1_138' title='bbox 416 1362 534 1406; x_wconf 88' lang='lat' dir='ltr'>tibus</span> <span class='ocrx_word' id='word_1_139' title='bbox 552 1362 780 1417; x_wconf 82' lang='lat' dir='ltr'>omnibus,</span> <span class='ocrx_word' id='word_1_140' title='bbox 808 1363 994 1421; x_wconf 82' lang='lat' dir='ltr'>superbe</span> <span class='ocrx_word' id='word_1_141' title='bbox 1015 1365 1133 1420; x_wconf 76' lang='lat' dir='ltr'>:Ego</span> <span class='ocrx_word' id='word_1_142' title='bbox 1155 1359 1267 1405; x_wconf 88' lang='lat' dir='ltr'>facio</span> <span class='ocrx_word' id='word_1_143' title='bbox 1281 1396 1291 1415; x_wconf 86' lang='lat'>‚</span> <span class='ocrx_word' id='word_1_144' title='bbox 1317 1376 1398 1418; x_wconf 87' lang='lat' dir='ltr'>ego</span> <span class='ocrx_word' id='word_1_145' title='bbox 1419 1360 1624 1415; x_wconf 66' lang='lat' dir='ltr'>ostendo5</span> <span class='ocrx_word' id='word_1_146' title='bbox 1650 1359 1806 1420; x_wconf 84' lang='lat' dir='ltr'>senties</span> 
     </span>
     <span class='ocr_line' id='line_1_18' title="bbox 415 1428 1801 1491; baseline -0.001 -15"><span class='ocrx_word' id='word_1_147' title='bbox 415 1447 517 1476; x_wconf 91' lang='lat' dir='ltr'>cum</span> <span class='ocrx_word' id='word_1_148' title='bbox 548 1448 637 1491; x_wconf 86' lang='lat' dir='ltr'>quo</span> <span class='ocrx_word' id='word_1_149' title='bbox 655 1432 809 1487; x_wconf 81' lang='lat' dir='ltr'>habes,</span> <span class='ocrx_word' id='word_1_150' title='bbox 842 1432 986 1476; x_wconf 88' lang='lat' dir='ltr'>vivere</span> <span class='ocrx_word' id='word_1_151' title='bbox 1009 1441 1052 1475; x_wconf 92' lang='lat' dir='ltr'>te</span> <span class='ocrx_word' id='word_1_152' title='bbox 1084 1446 1173 1475; x_wconf 89' lang='lat' dir='ltr'>non</span> <span class='ocrx_word' id='word_1_153' title='bbox 1195 1431 1347 1474; x_wconf 87' lang='lat' dir='ltr'>sinam.</span> <span class='ocrx_word' id='word_1_154' title='bbox 1369 1428 1451 1474; x_wconf 85' lang='lat' dir='ltr'>Vel</span> <span class='ocrx_word' id='word_1_155' title='bbox 1482 1429 1690 1488; x_wconf 78' lang='lat' dir='ltr'>cogitares</span> <span class='ocrx_word' id='word_1_156' title='bbox 1720 1444 1771 1473; x_wconf 86' lang='lat' dir='ltr'>ea</span> <span class='ocrx_word' id='word_1_157' title='bbox 1792 1448 1801 1474; x_wconf 92' lang='lat'>:</span> 
     </span>
     <span class='ocr_line' id='line_1_19' title="bbox 415 1499 1805 1558; baseline -0.002 -13"><span class='ocrx_word' id='word_1_158' title='bbox 415 1517 504 1545; x_wconf 90' lang='lat' dir='ltr'>non</span> <span class='ocrx_word' id='word_1_159' title='bbox 526 1503 654 1545; x_wconf 88' lang='lat' dir='ltr'>etiam</span> <span class='ocrx_word' id='word_1_160' title='bbox 678 1500 924 1545; x_wconf 83' lang='lat' dir='ltr'>effunderes</span> <span class='ocrx_word' id='word_1_161' title='bbox 947 1520 956 1545; x_wconf 81' lang='lat'>2</span> <span class='ocrx_word' id='word_1_162' title='bbox 975 1501 1045 1545; x_wconf 81' lang='lat' dir='ltr'>vel</span> <span class='ocrx_word' id='word_1_163' title='bbox 1061 1501 1173 1544; x_wconf 85' lang='lat' dir='ltr'>intra</span> <span class='ocrx_word' id='word_1_164' title='bbox 1191 1500 1378 1544; x_wconf 84' lang='lat' dir='ltr'>claustra</span> <span class='ocrx_word' id='word_1_165' title='bbox 1399 1500 1668 1558; x_wconf 83' lang='lat' dir='ltr'>cogitationis</span> <span class='ocrx_word' id='word_1_166' title='bbox 1690 1499 1805 1543; x_wconf 88' lang='lat' dir='ltr'>mala</span> 
     </span>
     <span class='ocr_line' id='line_1_20' title="bbox 416 1568 1813 1631; baseline -0.001 -16"><span class='ocrx_word' id='word_1_167' title='bbox 416 1571 632 1631; x_wconf 86' lang='lat' dir='ltr'>cupiditas</span> <span class='ocrx_word' id='word_1_168' title='bbox 653 1575 945 1625; x_wconf 73' lang='lat' dir='ltr'>coerceretur,</span> <span class='ocrx_word' id='word_1_169' title='bbox 969 1571 1039 1614; x_wconf 87' lang='lat' dir='ltr'>vel</span> <span class='ocrx_word' id='word_1_170' title='bbox 1062 1568 1298 1613; x_wconf 81' lang='lat' dir='ltr'>refrenaret</span> <span class='ocrx_word' id='word_1_171' title='bbox 1321 1585 1416 1613; x_wconf 90' lang='lat' dir='ltr'>eam</span> <span class='ocrx_word' id='word_1_172' title='bbox 1435 1570 1549 1613; x_wconf 87' lang='lat' dir='ltr'>intra</span> <span class='ocrx_word' id='word_1_173' title='bbox 1579 1569 1813 1629; x_wconf 66' lang='lat' dir='ltr'>cogitatio-</span> 
     </span>
     <span class='ocr_line' id='line_1_21' title="bbox 415 1632 1813 1699; baseline -0.001 -14"><span class='ocrx_word' id='word_1_174' title='bbox 415 1656 517 1685; x_wconf 90' lang='lat' dir='ltr'>nem</span> <span class='ocrx_word' id='word_1_175' title='bbox 538 1656 675 1684; x_wconf 87' lang='lat' dir='ltr'>suam.</span> <span class='ocrx_word' id='word_1_176' title='bbox 692 1642 865 1693; x_wconf 72' lang='lat' dir='ltr'>Quam?</span> <span class='ocrx_word' id='word_1_177' title='bbox 881 1644 951 1684; x_wconf 85' lang='lat' dir='ltr'>An</span> <span class='ocrx_word' id='word_1_178' title='bbox 966 1639 1080 1684; x_wconf 89' lang='lat' dir='ltr'>forte</span> <span class='ocrx_word' id='word_1_179' title='bbox 1097 1655 1243 1683; x_wconf 81' lang='lat' dir='ltr'>macer</span> <span class='ocrx_word' id='word_1_180' title='bbox 1262 1641 1350 1683; x_wconf 77' lang='lat' dir='ltr'>est?</span> <span class='ocrx_word' id='word_1_181' title='bbox 1375 1659 1396 1681; x_wconf 93' lang='lat'>«</span> <span class='ocrx_word' id='word_1_182' title='bbox 1411 1632 1587 1684; x_wconf 84' lang='lat' dir='ltr'>Prodiet</span> <span class='ocrx_word' id='word_1_183' title='bbox 1607 1640 1730 1699; x_wconf 84' lang='lat' dir='ltr'>quasi</span> <span class='ocrx_word' id='word_1_184' title='bbox 1751 1655 1813 1684; x_wconf 80' lang='lat' dir='ltr'>ex³</span> 
     </span>
     <span class='ocr_line' id='line_1_22' title="bbox 419 1709 1804 1772; baseline 0.001 -20"><span class='ocrx_word' id='word_1_185' title='bbox 419 1730 441 1754; x_wconf 73' lang='lat' dir='ltr'>&gt;i</span> <span class='ocrx_word' id='word_1_186' title='bbox 475 1711 602 1771; x_wconf 85' lang='lat' dir='ltr'>adipe</span> <span class='ocrx_word' id='word_1_187' title='bbox 637 1711 844 1772; x_wconf 87' lang='lat' dir='ltr'>iniquitas</span> <span class='ocrx_word' id='word_1_188' title='bbox 879 1726 1046 1755; x_wconf 91' lang='lat' dir='ltr'>eorum.</span> <span class='ocrx_word' id='word_1_189' title='bbox 1094 1710 1372 1771; x_wconf 83' lang='lat' dir='ltr'>Iniquitatem</span> <span class='ocrx_word' id='word_1_190' title='bbox 1409 1710 1456 1754; x_wconf 87' lang='lat' dir='ltr'>in</span> <span class='ocrx_word' id='word_1_191' title='bbox 1496 1709 1634 1754; x_wconf 89' lang='lat' dir='ltr'>altum</span> <span class='ocrx_word' id='word_1_192' title='bbox 1667 1710 1804 1755; x_wconf 88' lang='lat' dir='ltr'>locuti</span> 
     </span>
     <span class='ocr_line' id='line_1_23' title="bbox 418 1792 1169 1826; baseline 0.001 -3"><span class='ocrx_word' id='word_1_193' title='bbox 418 1799 440 1823; x_wconf 70' lang='lat'>&gt;5</span> <span class='ocrx_word' id='word_1_194' title='bbox 465 1792 632 1826; x_wconf 80' lang='lat' dir='ltr'>sunt.»</span> <span class='ocrx_word' id='word_1_195' title='bbox 1166 1822 1169 1824; x_wconf 90' lang='lat'>.</span> 
     </span>
    </p>

    <p class='ocr_par' dir='ltr' id='par_1_4' title="bbox 414 1851 1817 2546">
     <span class='ocr_line' id='line_1_24' title="bbox 474 1851 1799 1914; baseline 0.001 -18"><span class='ocrx_word' id='word_1_196' title='bbox 474 1854 571 1896; x_wconf 83' lang='lat' dir='ltr'>XV.</span> <span class='ocrx_word' id='word_1_197' title='bbox 601 1869 622 1893; x_wconf 83' lang='lat'>«</span> <span class='ocrx_word' id='word_1_198' title='bbox 647 1851 922 1896; x_wconf 85' lang='lat' dir='ltr'>Posuerunt</span> <span class='ocrx_word' id='word_1_199' title='bbox 911 1867 956 1895; x_wconf 92' lang='lat' dir='ltr'>1n</span> <span class='ocrx_word' id='word_1_200' title='bbox 977 1851 1139 1896; x_wconf 85' lang='lat' dir='ltr'>coelum</span> <span class='ocrx_word' id='word_1_201' title='bbox 1166 1866 1212 1895; x_wconf 93' lang='lat' dir='ltr'>os</span> <span class='ocrx_word' id='word_1_202' title='bbox 1233 1866 1385 1906; x_wconf 85' lang='lat' dir='ltr'>suum,</span> <span class='ocrx_word' id='word_1_203' title='bbox 1411 1860 1455 1895; x_wconf 89' lang='lat' dir='ltr'>et</span> <span class='ocrx_word' id='word_1_204' title='bbox 1476 1851 1627 1909; x_wconf 84' lang='lat' dir='ltr'>lingua</span> <span class='ocrx_word' id='word_1_205' title='bbox 1648 1866 1799 1914; x_wconf 76' lang='lat' dir='ltr'>eorum</span> 
     </span>
     <span class='ocr_line' id='line_1_25' title="bbox 418 1886 1804 1982; baseline 0.001 -17"><span class='ocrx_word' id='word_1_206' title='bbox 418 1942 441 1965; x_wconf 72' lang='lat' dir='ltr'>u</span> <span class='ocrx_word' id='word_1_207' title='bbox 473 1922 641 1966; x_wconf 73' lang='lat' dir='ltr'>nausii-t</span> <span class='ocrx_word' id='word_1_208' title='bbox 659 1937 789 1981; x_wconf 87' lang='lat' dir='ltr'>super</span> <span class='ocrx_word' id='word_1_209' title='bbox 806 1923 999 1966; x_wconf 75' lang='lat' dir='ltr'>terram4</span> <span class='ocrx_word' id='word_1_210' title='bbox 1005 1956 1014 1965; x_wconf 93' lang='lat'><strong>.</strong></span> <span class='ocrx_word' id='word_1_211' title='bbox 1038 1940 1059 1963; x_wconf 92' lang='lat'>»</span> <span class='ocrx_word' id='word_1_212' title='bbox 1080 1914 1194 1975; x_wconf 84' lang='lat' dir='ltr'>Quid</span> <span class='ocrx_word' id='word_1_213' title='bbox 1213 1930 1276 1965; x_wconf 85' lang='lat' dir='ltr'>est</span> <span class='ocrx_word' id='word_1_214' title='bbox 1297 1886 1402 1976; x_wconf 55' lang='lat' dir='ltr'>hog,</span> <span class='ocrx_word' id='word_1_215' title='bbox 1428 1939 1448 1963; x_wconf 70' lang='grc' dir='ltr'>ε(</span> <span class='ocrx_word' id='word_1_216' title='bbox 1469 1922 1657 1966; x_wconf 85' lang='lat' dir='ltr'>Transiit</span> <span class='ocrx_word' id='word_1_217' title='bbox 1675 1937 1804 1982; x_wconf 78' lang='lat' dir='ltr'>super</span> 
     </span>
     <span class='ocr_line' id='line_1_26' title="bbox 418 1991 1802 2046; baseline 0.001 -11"><span class='ocrx_word' id='word_1_218' title='bbox 418 2011 446 2035; x_wconf 64' lang='lat' dir='ltr'>n</span> <span class='ocrx_word' id='word_1_219' title='bbox 464 1994 649 2037; x_wconf 79' lang='lat' dir='ltr'>terram?</span> <span class='ocrx_word' id='word_1_220' title='bbox 680 2011 702 2033; x_wconf 85' lang='lat'>»</span> <span class='ocrx_word' id='word_1_221' title='bbox 729 1991 858 2045; x_wconf 88' lang='lat' dir='ltr'>Quod</span> <span class='ocrx_word' id='word_1_222' title='bbox 888 1992 1053 2036; x_wconf 85' lang='lat' dir='ltr'>dictum</span> <span class='ocrx_word' id='word_1_223' title='bbox 1075 2000 1160 2046; x_wconf 80' lang='lat' dir='ltr'>est,</span> <span class='ocrx_word' id='word_1_224' title='bbox 1195 2010 1215 2033; x_wconf 90' lang='lat'>«</span> <span class='ocrx_word' id='word_1_225' title='bbox 1242 1992 1516 2036; x_wconf 86' lang='lat' dir='ltr'>Posuerunt</span> <span class='ocrx_word' id='word_1_226' title='bbox 1505 2008 1550 2036; x_wconf 86' lang='lat' dir='ltr'>ln</span> <span class='ocrx_word' id='word_1_227' title='bbox 1571 1992 1734 2037; x_wconf 81' lang='lat' dir='ltr'>coelum</span> <span class='ocrx_word' id='word_1_228' title='bbox 1755 2008 1802 2037; x_wconf 91' lang='lat' dir='ltr'>os</span> 
     </span>
     <span class='ocr_line' id='line_1_27' title="bbox 418 2026 1803 2121; baseline 0.002 -16"><span class='ocrx_word' id='word_1_229' title='bbox 418 2082 440 2105; x_wconf 67' lang='grc' dir='ltr'>υ</span> <span class='ocrx_word' id='word_1_230' title='bbox 460 2079 603 2108; x_wconf 89' lang='lat' dir='ltr'>suum.</span> <span class='ocrx_word' id='word_1_231' title='bbox 628 2081 648 2104; x_wconf 88' lang='lat'>»</span> <span class='ocrx_word' id='word_1_232' title='bbox 675 2065 768 2107; x_wconf 87' lang='lat' dir='ltr'>Hoc</span> <span class='ocrx_word' id='word_1_233' title='bbox 790 2072 854 2107; x_wconf 87' lang='lat' dir='ltr'>est</span> <span class='ocrx_word' id='word_1_234' title='bbox 864 2063 980 2106; x_wconf 88' lang='lat' dir='ltr'>enim</span> <span class='ocrx_word' id='word_1_235' title='bbox 995 2097 1006 2117; x_wconf 65' lang='grc'><strong>,</strong></span> <span class='ocrx_word' id='word_1_236' title='bbox 1031 2081 1051 2104; x_wconf 88' lang='lat'>‹&lt;</span> <span class='ocrx_word' id='word_1_237' title='bbox 1076 2026 1260 2106; x_wconf 81' lang='lat' dir='ltr'>Transiit</span> <span class='ocrx_word' id='word_1_238' title='bbox 1281 2078 1411 2121; x_wconf 91' lang='lat' dir='ltr'>super</span> <span class='ocrx_word' id='word_1_239' title='bbox 1431 2071 1612 2118; x_wconf 81' lang='lat' dir='ltr'>terram,</span> <span class='ocrx_word' id='word_1_240' title='bbox 1636 2081 1657 2104; x_wconf 83' lang='lat'>»</span> <span class='ocrx_word' id='word_1_241' title='bbox 1678 2073 1803 2107; x_wconf 86' lang='lat' dir='ltr'>tran-</span> 
     </span>
     <span class='ocr_line' id='line_1_28' title="bbox 416 2122 1817 2187; baseline 0 -9"><span class='ocrx_word' id='word_1_242' title='bbox 416 2143 544 2178; x_wconf 88' lang='lat' dir='ltr'>seunt</span> <span class='ocrx_word' id='word_1_243' title='bbox 570 2143 739 2177; x_wconf 85' lang='lat' dir='ltr'>terrena</span> <span class='ocrx_word' id='word_1_244' title='bbox 772 2134 932 2178; x_wconf 89' lang='lat' dir='ltr'>omnia.</span> <span class='ocrx_word' id='word_1_245' title='bbox 958 2131 1073 2185; x_wconf 84' lang='lat' dir='ltr'>Quid</span> <span class='ocrx_word' id='word_1_246' title='bbox 1107 2141 1191 2187; x_wconf 82' lang='lat' dir='ltr'>est,</span> <span class='ocrx_word' id='word_1_247' title='bbox 1216 2132 1397 2176; x_wconf 87' lang='lat' dir='ltr'>transire</span> <span class='ocrx_word' id='word_1_248' title='bbox 1426 2141 1598 2177; x_wconf 86' lang='lat' dir='ltr'>terrena</span> <span class='ocrx_word' id='word_1_249' title='bbox 1629 2122 1817 2178; x_wconf 66' lang='lat' dir='ltr'>onmia?</span> 
     </span>
     <span class='ocr_line' id='line_1_29' title="bbox 414 2202 1815 2263; baseline -0.001 -14"><span class='ocrx_word' id='word_1_250' title='bbox 414 2207 512 2249; x_wconf 84' lang='lat' dir='ltr'>Non</span> <span class='ocrx_word' id='word_1_251' title='bbox 529 2219 572 2248; x_wconf 90' lang='lat' dir='ltr'>se</span> <span class='ocrx_word' id='word_1_252' title='bbox 589 2204 750 2262; x_wconf 77' lang='lat' dir='ltr'>cogitat</span> <span class='ocrx_word' id='word_1_253' title='bbox 766 2204 986 2248; x_wconf 88' lang='lat' dir='ltr'>hominem</span> <span class='ocrx_word' id='word_1_254' title='bbox 1009 2203 1154 2246; x_wconf 79' lang='lat' dir='ltr'>subito</span> <span class='ocrx_word' id='word_1_255' title='bbox 1170 2203 1280 2246; x_wconf 83' lang='lat' dir='ltr'>mori</span> <span class='ocrx_word' id='word_1_256' title='bbox 1298 2218 1441 2262; x_wconf 85' lang='lat' dir='ltr'>posse,</span> <span class='ocrx_word' id='word_1_257' title='bbox 1461 2218 1563 2247; x_wconf 88' lang='lat' dir='ltr'>cum</span> <span class='ocrx_word' id='word_1_258' title='bbox 1581 2202 1815 2263; x_wconf 79' lang='lat' dir='ltr'>loquitur3-</span> 
     </span>
     <span class='ocr_line' id='line_1_30' title="bbox 414 2273 1800 2335; baseline -0.001 -17"><span class='ocrx_word' id='word_1_259' title='bbox 414 2274 537 2335; x_wconf 86' lang='lat' dir='ltr'>quasi</span> <span class='ocrx_word' id='word_1_260' title='bbox 558 2289 727 2333; x_wconf 84' lang='lat' dir='ltr'>semper</span> <span class='ocrx_word' id='word_1_261' title='bbox 741 2275 932 2318; x_wconf 85' lang='lat' dir='ltr'>victurus</span> <span class='ocrx_word' id='word_1_262' title='bbox 947 2274 1137 2317; x_wconf 89' lang='lat' dir='ltr'>minatur</span> <span class='ocrx_word' id='word_1_263' title='bbox 1159 2292 1167 2317; x_wconf 78' lang='lat'>2</span> <span class='ocrx_word' id='word_1_264' title='bbox 1190 2273 1455 2317; x_wconf 85' lang='lat' dir='ltr'>transcendit</span> <span class='ocrx_word' id='word_1_265' title='bbox 1469 2273 1800 2332; x_wconf 80' lang='lat' dir='ltr'>cogitatioillius</span> 
     </span>
     <span class='ocr_line' id='line_1_31' title="bbox 414 2343 1799 2404; baseline 0.001 -16"><span class='ocrx_word' id='word_1_266' title='bbox 414 2355 629 2389; x_wconf 87' lang='lat' dir='ltr'>terrenam</span> <span class='ocrx_word' id='word_1_267' title='bbox 653 2344 952 2403; x_wconf 79' lang='lat' dir='ltr'>fragilitatem,</span> <span class='ocrx_word' id='word_1_268' title='bbox 994 2344 1129 2387; x_wconf 87' lang='lat' dir='ltr'>nescit</span> <span class='ocrx_word' id='word_1_269' title='bbox 1165 2343 1284 2404; x_wconf 85' lang='lat' dir='ltr'>quali</span> <span class='ocrx_word' id='word_1_270' title='bbox 1317 2359 1416 2387; x_wconf 81' lang='lat' dir='ltr'>vase</span> <span class='ocrx_word' id='word_1_271' title='bbox 1453 2353 1681 2404; x_wconf 82' lang='lat' dir='ltr'>coopertus</span> <span class='ocrx_word' id='word_1_272' title='bbox 1713 2354 1799 2397; x_wconf 83' lang='lat' dir='ltr'>es·t;</span> 
     </span>
     <span class='ocr_line' id='line_1_32' title="bbox 415 2414 1801 2475; baseline -0.001 -15"><span class='ocrx_word' id='word_1_273' title='bbox 415 2417 553 2461; x_wconf 87' lang='lat' dir='ltr'>nescit</span> <span class='ocrx_word' id='word_1_274' title='bbox 573 2415 694 2475; x_wconf 91' lang='lat' dir='ltr'>quod</span> <span class='ocrx_word' id='word_1_275' title='bbox 713 2416 922 2475; x_wconf 81' lang='lat' dir='ltr'>scriptum</span> <span class='ocrx_word' id='word_1_276' title='bbox 949 2424 1012 2459; x_wconf 88' lang='lat' dir='ltr'>est</span> <span class='ocrx_word' id='word_1_277' title='bbox 1029 2414 1112 2459; x_wconf 86' lang='lat' dir='ltr'>alio</span> <span class='ocrx_word' id='word_1_278' title='bbox 1134 2414 1232 2458; x_wconf 90' lang='lat' dir='ltr'>loco</span> <span class='ocrx_word' id='word_1_279' title='bbox 1249 2414 1478 2461; x_wconf 79' lang='lat' dir='ltr'>dotalibus</span> <span class='ocrx_word' id='word_1_280' title='bbox 1493 2450 1504 2469; x_wconf 89' lang='lat'>‚</span> <span class='ocrx_word' id='word_1_281' title='bbox 1535 2434 1554 2457; x_wconf 77' lang='grc' dir='ltr'>α</span> <span class='ocrx_word' id='word_1_282' title='bbox 1577 2416 1701 2460; x_wconf 84' lang='lat' dir='ltr'>Exiet</span> <span class='ocrx_word' id='word_1_283' title='bbox 1717 2416 1801 2475; x_wconf 91' lang='lat' dir='ltr'>spi-</span> 
     </span>
     <span class='ocr_line' id='line_1_33' title="bbox 417 2485 1798 2546; baseline 0.001 -18"><span class='ocrx_word' id='word_1_284' title='bbox 417 2505 438 2529; x_wconf 87' lang='lat'>»</span> <span class='ocrx_word' id='word_1_285' title='bbox 472 2488 580 2530; x_wconf 89' lang='lat' dir='ltr'>ritus</span> <span class='ocrx_word' id='word_1_286' title='bbox 612 2487 724 2546; x_wconf 85' lang='lat' dir='ltr'>ejus,</span> <span class='ocrx_word' id='word_1_287' title='bbox 759 2495 803 2530; x_wconf 88' lang='lat' dir='ltr'>et</span> <span class='ocrx_word' id='word_1_288' title='bbox 830 2494 1071 2530; x_wconf 85' lang='lat' dir='ltr'>revertetur</span> <span class='ocrx_word' id='word_1_289' title='bbox 1106 2485 1152 2528; x_wconf 91' lang='lat' dir='ltr'>in</span> <span class='ocrx_word' id='word_1_290' title='bbox 1186 2493 1344 2529; x_wconf 87' lang='lat' dir='ltr'>terram</span> <span class='ocrx_word' id='word_1_291' title='bbox 1378 2500 1526 2543; x_wconf 76' lang='lat' dir='ltr'>suam3</span> <span class='ocrx_word' id='word_1_292' title='bbox 1548 2485 1595 2529; x_wconf 90' lang='lat' dir='ltr'>in</span> <span class='ocrx_word' id='word_1_293' title='bbox 1621 2485 1695 2530; x_wconf 76' lang='lat' dir='ltr'>illa</span> <span class='ocrx_word' id='word_1_294' title='bbox 1727 2485 1798 2530; x_wconf 91' lang='lat' dir='ltr'>die</span> 
     </span>
    </p>

    <p class='ocr_par' dir='ltr' id='par_1_5' title="bbox 463 2558 1739 2612">
     <span class='ocr_line' id='line_1_34' title="bbox 463 2558 1739 2612; baseline 0 -10"><span class='ocrx_word' id='word_1_295' title='bbox 463 2577 473 2594; x_wconf 87' lang='lat'>¹</span> <span class='ocrx_word' id='word_1_296' title='bbox 493 2570 592 2602; x_wconf 87' lang='lat' dir='ltr'>Hebr.</span> <span class='ocrx_word' id='word_1_297' title='bbox 609 2580 664 2611; x_wconf 62' lang='grc' dir='ltr'>ιιι,</span> <span class='ocrx_word' id='word_1_298' title='bbox 687 2569 719 2602; x_wconf 91' lang='grc'>6.</span> <span class='ocrx_word' id='word_1_299' title='bbox 740 2587 782 2592; x_wconf 96' lang='grc'><strong>-</strong></span> <span class='ocrx_word' id='word_1_300' title='bbox 804 2576 817 2593; x_wconf 82' lang='lat'>²</span> <span class='ocrx_word' id='word_1_301' title='bbox 836 2570 911 2602; x_wconf 89' lang='lat' dir='ltr'>Luc.</span> <span class='ocrx_word' id='word_1_302' title='bbox 930 2579 999 2610; x_wconf 71' lang='lat' dir='ltr'>xvi,</span> <span class='ocrx_word' id='word_1_303' title='bbox 1021 2567 1137 2611; x_wconf 82' lang='lat'>19-31.</span> <span class='ocrx_word' id='word_1_304' title='bbox 1153 2586 1194 2591; x_wconf 98' lang='lat'><strong>—</strong></span> <span class='ocrx_word' id='word_1_305' title='bbox 1214 2567 1228 2592; x_wconf 84' lang='grc'><strong>3</strong></span> <span class='ocrx_word' id='word_1_306' title='bbox 1242 2568 1322 2603; x_wconf 80' lang='lat' dir='ltr'>psal.</span> <span class='ocrx_word' id='word_1_307' title='bbox 1339 2579 1432 2612; x_wconf 58' lang='lat' dir='ltr'>xxm,</span> <span class='ocrx_word' id='word_1_308' title='bbox 1448 2572 1479 2602; x_wconf 88' lang='grc'>8.</span> <span class='ocrx_word' id='word_1_309' title='bbox 1503 2558 1544 2593; x_wconf 52' lang='lat' dir='ltr'>s-</span> <span class='ocrx_word' id='word_1_310' title='bbox 1565 2568 1580 2600; x_wconf 72' lang='lat'><em>4</em></span> <span class='ocrx_word' id='word_1_311' title='bbox 1600 2569 1681 2603; x_wconf 88' lang='lat' dir='ltr'>Ibid.</span> <span class='ocrx_word' id='word_1_312' title='bbox 1705 2581 1739 2612; x_wconf 83' lang='lat'>9.</span> 
     </span>
    </p>
   </div>
   <div class='ocr_carea' id='block_1_3' title="bbox 1839 0 1889 3285">
    <p class='ocr_par' dir='ltr' id='par_1_6' title="bbox 1839 0 1889 3285">
     <span class='ocr_line' id='line_1_35' title="bbox 1839 0 1889 3285; baseline 0 0"><span class='ocrx_word' id='word_1_313' title='bbox 1839 0 1889 3285; x_wconf 95' lang='lat' dir='ltr'> </span> 
     </span>
    </p>
   </div>
  </div>
 </body>
</html>
