1889 3285
426 213 508 250 290
851 222 883 248 s.
919 221 1148 250 Auensnm
1182 224 1363 251 EPlscom

420 287 510 345 ipse
533 283 649 328 dieat
669 299 676 324 :
711 303 729 325 α
750 285 934 338 Quando
965 287 1042 330 uni
1063 302 1116 330 ex
1137 287 1324 331 minimis
1359 287 1462 331 meis
1490 287 1649 332 fecistis
1664 322 1678 344 ,,
1701 288 1809 332 mihi

424 372 444 395 >›
480 353 696 411 fecistis¹3
724 372 744 395 »
775 354 884 414 quid
918 355 1171 400 dubitamus
1198 371 1299 400 euni
1319 357 1514 417 accipere
1535 357 1583 401 in
1603 357 1810 402 membris
1866 363 1868 370 '

420 423 533 478 suis‚
559 440 658 483 quae
679 424 796 469 dona
818 425 1017 470 membra
1039 426 1130 485 ejus
1150 426 1399 485 accipiunt?

478 495 643 538 XXVI.
687 495 774 540 Sed
812 494 920 555 quid
959 504 1022 539 est
1053 514 1062 540 ;
1102 515 1123 537 «
1159 497 1396 555 Captivasti
1430 495 1755 555 captivitatem?
1786 515 1807 538 »

422 567 579 608 Utrum
601 565 703 624 quia
719 565 823 610 vicit
843 575 1046 621 mortem,
1061 581 1161 627 quae
1182 567 1374 625 captivos
1387 567 1565 610 tenebat
1585 567 1631 610 in
1651 566 1812 626 quibus
1864 564 1865 569 ’

422 637 657 695 regnabat?
679 652 734 681 an
755 637 870 696 ipsos
902 637 1099 681 homines
1126 637 1363 697 appellavit
1388 637 1683 697 captivitatem
1698 671 1711 694 ‚
1735 637 1813 698 qui
1862 696 1863 699 Ἴ

423 706 581 766 captivi
595 706 675 751 sub
687 706 863 751 diabolo
886 707 1177 752 tenebantur?
1201 708 1336 767 Cujus
1359 707 1421 750 rei
1438 707 1695 765 mysterium
1712 723 1814 751 con-

421 775 532 820 tinet
553 776 683 820 etiam
706 775 859 821 titulus
880 776 994 820 iuius
1016 776 1174 821 Psalmi
1200 795 1209 822 ε
1239 796 1259 819 «
1280 776 1466 830 Quando
1495 776 1651 821 domus
1671 775 1812 821 aedifi-
1862 800 1863 805 =

424 865 445 888 »
481 847 662 892 cabatur
679 857 781 907 post
802 847 1099 907 captivitatem
1112 851 1150 889 ²:
1167 847 1250 892 »id
1271 857 1350 902 est,
1375 847 1568 891 Ecclesia
1585 857 1682 907 post
1702 862 1812 907 gen-

406 917 639 977 tilitatem.
679 922 799 978 Ipsos
825 919 973 979 itaque
1000 919 1198 963 homines
1215 954 1225 974 ‚
1251 918 1326 979 qui
1349 918 1510 978 captivi
1531 919 1811 975 tenebantur,

424 987 645 1047 appellans
665 989 961 1048 captivitatem
977 1023 989 1044 ‚
1015 989 1126 1033 sicut
1144 988 1299 1032 militia
1316 1002 1419 1032 cum
1441 986 1604 1032 dicitur
1621 997 1664 1031 et
1682 988 1816 1032 intel-

422 1057 622 1117 liguntur
655 1059 731 1119 qui
767 1058 959 1104 militant
973 1094 985 1115 ‚
1027 1058 1227 1104 eamdem
1265 1057 1560 1118 captivitatem
1587 1074 1610 1102 a
1645 1057 1816 1103 Christo
1858 1096 1859 1101 ,

423 1127 684 1187 captivatam
707 1129 827 1171 dicit.
865 1132 954 1174 Cur
976 1131 1091 1173 enim
1115 1145 1205 1174 non
1232 1129 1286 1172 sit
1313 1127 1536 1188 captivitas
1569 1125 1696 1182 felix,
1719 1127 1753 1171 si
1773 1136 1816 1172 et

424 1197 479 1242 ad
497 1198 665 1242 bonum
687 1197 885 1241 homines
909 1206 1090 1256 possunt
1112 1199 1237 1256 capi?
1255 1196 1376 1241 Unde
1395 1201 1523 1242 Petro
1541 1196 1708 1242 dictum
1725 1206 1814 1243 est:
1856 1210 1859 1258 J

429 1287 449 1310 «
483 1271 548 1312 Ex
564 1268 647 1312 hoc
659 1269 750 1328 jam
768 1267 965 1311 homines
983 1268 1064 1311 eris
1082 1268 1322 1327 capiensss.»
1336 1267 1553 1326 Captivati
1572 1283 1692 1326 ergo,
1713 1267 1817 1327 quia
1854 1303 1857 1315 Α

425 1337 556 1397 capti,
573 1347 616 1382 et
632 1336 747 1396 capti
761 1336 864 1397 quia
878 1337 1120 1397 subjugati3
1140 1337 1220 1381 sub
1237 1335 1337 1381 lene
1353 1336 1466 1381 iilud
1482 1338 1638 1397 jugum
1660 1337 1814 1392 missi⁴,
1854 1345 1856 1397 g

422 1407 597 1452 liberati
614 1424 638 1451 a
663 1416 840 1467 peccato
862 1409 984 1468 cujus
1001 1407 1113 1451 servi
1135 1415 1284 1462 erant,
1310 1416 1353 1451 et
1379 1407 1560 1466 justitiae
1581 1407 1692 1451 servi
1713 1405 1818 1450 facti
1853 1417 1869 1458 ξ,

426 1479 547 1538 cujus
574 1477 700 1521 liberi
731 1480 899 1522 erant5.
930 1478 1054 1522 Unde
1077 1487 1122 1522 et
1143 1479 1234 1537 ipse
1253 1478 1300 1521 in
1322 1477 1405 1522 illis
1428 1486 1518 1533 est,
1545 1477 1621 1537 qui
1645 1496 1665 1519 «
1690 1476 1820 1522 Dedit
1852 1475 1855 1522 i

428 1567 448 1590 »
484 1548 599 1593 dona
639 1548 911 1603 hominibus,
946 1558 990 1593 et
1006 1583 1017 1603 ‚
1060 1549 1227 1608 accepit
1266 1548 1382 1593 dona
1418 1549 1464 1592 in
1493 1548 1761 1592 hominibus.
1797 1568 1815 1590 »
1852 1538 1854 1592 4

428 1617 622 1678 Ideoque
644 1619 690 1663 in
708 1619 787 1663 ista
805 1619 1072 1678 captivitate,
1091 1618 1136 1662 in
1150 1620 1230 1663 ista
1252 1618 1474 1671 servitute,
1499 1618 1545 1662 in
1566 1618 1649 1662 isto
1670 1633 1817 1673 curru,
1850 1622 1853 1664 ἑ

426 1689 507 1734 sub
538 1689 619 1733 isto
644 1690 751 1749 jugo
779 1705 871 1734 non
892 1698 996 1732 sunt
1024 1688 1162 1730 millia
1192 1686 1485 1746 plorantium,
1516 1686 1615 1742 sed,
1640 1706 1661 1729 «
1683 1686 1821 1733 Millia

429 1778 450 1801 >›
484 1759 744 1803 laetantium.
759 1757 970 1802 Dominus
983 1755 1147 1815 quippe
1161 1755 1208 1800 in
1224 1755 1324 1811 iuis,
1344 1756 1390 1800 in
1404 1756 1521 1811 Sina,
1540 1756 1586 1800 in
1602 1759 1815 1802 sanct0⁰.»
1848 1787 1851 1810 5

426 1829 510 1873 Cui
529 1828 674 1872 sensui
697 1827 901 1885 congruit
916 1834 959 1869 et
979 1825 1060 1869 alia
1075 1824 1392 1885 interpretatio,
1412 1842 1497 1887 qua
1511 1827 1822 1887 interpretatur
1847 1835 1850 1867 i

432 1899 534 1945 Sina
565 1901 784 1943 Mensura.
810 1900 919 1942 Nam
942 1896 996 1941 de
1018 1897 1087 1940 his
1115 1897 1240 1941 donis
1272 1896 1434 1942 laetitiae
1457 1898 1658 1957 spiritalis
1679 1902 1821 1959 Apos-
1847 1898 1849 1928 ⁴

430 1968 544 2014 tolus
566 1968 751 2028 loquens
775 1967 820 2011 id
839 1966 960 2027 quod
987 1981 1116 2026 supra
1139 1968 1500 2013 commemoravi:
1530 1988 1550 2011 «
1577 1970 1821 2030 Unicuique
1845 1962 1863 2016 i.

434 2059 455 2083 »
491 2049 636 2084 autem
661 2048 873 2093 nostrum,
894 2038 1058 2097 inquit,
1076 2037 1175 2082 data
1191 2047 1253 2082 est
1277 2040 1413 2097 gratia
1435 2039 1677 2084 secundum
1694 2056 1821 2085 men·
1844 2040 1863 2092 ,⁴1

437 2131 457 2154 )›
489 2126 636 2156 suram
659 2109 904 2155 donationis
933 2109 1108 2154 Christi.
1138 2127 1157 2150 »
1190 2113 1252 2153 Ae
1282 2109 1442 2154 deinde
1463 2113 1675 2171 sequitur,
1702 2111 1822 2172 quod
1844 2142 1862 2174 ἧι

434 2184 566 2229 etiam
597 2184 667 2227 hie
693 2182 921 2242 sequitur:
956 2200 976 2223 «
1011 2184 1191 2240 Propter
1219 2181 1340 2241 quod
1368 2181 1473 2225 dicit
1502 2201 1511 2226 :
1537 2182 1745 2227 Ascendit
1777 2182 1823 2227 in
1842 2205 1861 2240 μ

437 2272 458 2296 ))
495 2252 894 2312 altum‚captivavit
907 2250 1353 2310 captivitatem,dedit
1363 2250 1478 2295 dona
1491 2252 1784 2297 hominibu87‘:
1799 2270 1818 2294 »
1842 2246 1849 2274 ⁴

436 2323 557 2385 quod
579 2323 649 2367 hic
671 2332 757 2377 est,
782 2342 803 2364 α
828 2321 1043 2380 Accepisti
1065 2320 1179 2364 dona
1200 2320 1246 2364 in
1265 2321 1530 2366 hominibus.
1559 2340 1578 2363 »
1602 2322 1722 2376 Quid
1743 2323 1822 2368 hac
1840 2339 1860 2395 ¹2:
1887 2326 1889 2352 ³

438 2403 482 2439 et
497 2393 570 2438 illa
591 2392 772 2437 veritate
795 2390 1084 2436 concordius?
1106 2390 1213 2450 quid
1233 2389 1531 2436 manifestius?
1840 2398 1842 2402 '

490 2499 499 2515 ¹
520 2491 632 2524 Matth.
654 2501 696 2523 xx
711 2516 719 2532 ‚
739 2489 793 2532 40.
816 2508 857 2513 -—
879 2497 890 2513 ²
910 2489 989 2522 Psal.
1011 2499 1082 2530 xcv,
1106 2500 1134 2521 ι.
1157 2506 1197 2511 --
1218 2486 1231 2511 ³
1251 2490 1327 2520 Luc.
1352 2499 1391 2530 v,
1414 2489 1466 2522 30.
1488 2506 1529 2512 —-
1549 2487 1563 2519 4
1583 2489 1695 2523 Matth.
1717 2502 1739 2530 1,
1766 2491 1819 2523 30.
1838 2493 1859 2523 ,ἡ
1888 2490 1889 2494 ’

441 2565 482 2572 --
500 2545 515 2570 5
534 2550 622 2580 Rom.
645 2555 692 2587 vi,
715 2548 766 2579 18.
788 2563 829 2569 —
848 2544 862 2568 6
882 2545 958 2577 Psal.
981 2556 1077 2586 nvn,
1101 2550 1149 2578 ιὸ.
1175 2562 1216 2567 -
1236 2551 1249 2577 7
1269 2544 1385 2587 Ephes.
1405 2557 1452 2585 iv,
1471 2555 1503 2587 7,
1520 2548 1554 2578 8.
1837 2562 1857 2594 1¹

1854 2623 1857 2656 ι

1835 2683 1838 2733 3
1850 2669 1857 2714 4
