1889 3285
427 245 666 274 ENARRATIO
698 248 740 273 m
776 247 974 275 rsALMUM
1008 247 1117 276 Lxx1.
1361 237 1443 276 429

68 324 186 368 mus3
212 325 287 370 per
303 325 458 354 aurum
481 310 735 370 sapientiam
751 347 761 367 ‚
780 328 879 372 quae
897 313 955 357 ita
973 312 1145 358 excellit
1166 315 1278 357 inter
1295 328 1444 358 omncs

67 380 285 425 doctrinas
300 415 311 436 ‚
346 389 396 424 ut
416 396 571 425 aurum
593 381 705 426 inter
734 383 906 427 metalla
934 403 943 428 z
971 382 1095 427 Unde
1115 383 1326 443 scriptum
1349 393 1412 428 est
1432 404 1440 428 :

72 468 93 492 «
125 451 320 510 Accipite
335 451 611 511 prudentiam
633 452 744 497 sicut
765 463 1017 512 argentum,
1049 463 1092 497 et
1115 454 1368 512 sapientiam
1386 454 1445 498 si-

70 536 92 561 »
125 529 202 565 cut
233 537 388 565 aurum
408 521 684 581 probatum1.
710 525 768 566 Et
789 523 976 568 orabunt
1007 523 1062 567 de
1089 523 1181 582 ipso
1212 538 1394 583 semper.
1421 542 1441 564 η

66 590 195 643 Quod
211 591 345 635 habet
361 607 541 651 graecus,
558 598 627 645 περὶ
649 600 741 633 αὐτου
756 630 766 648 ,
785 593 919 654 aliqui
940 593 1208 653 interpretati
1230 602 1331 637 sunt
1349 596 1446 637 «De

69 677 90 701 n
123 660 237 720 ipso,
265 680 285 704 n
321 662 454 723 aliqui
481 683 501 706 «
527 668 609 710 Pro
635 665 727 724 ipso
744 700 755 720 ,
790 684 809 706 »
844 664 913 710 vel
936 684 956 706 «
982 667 1064 708 Pro
1088 679 1154 708 eo.
1192 682 1212 705 »
1241 663 1356 716 Quid
1383 672 1446 708 est

67 739 211 776 autem
229 767 240 787 ‚
271 751 291 775 «
315 735 377 777 De
405 734 497 793 ipso
517 769 528 789 ,
566 754 586 776 »
620 735 699 779 nisi
720 733 832 779 forte
861 733 981 795 quod
1013 749 1184 779 oramus
1215 732 1407 778 dicentes
1434 752 1443 777 :

70 819 91 844 «
124 801 340 849 Adveniat
367 819 550 864 regnum
578 815 704 850 tuum
719 808 768 851 ²?
788 825 807 847 »
828 805 986 851 Christi
1017 820 1207 866 namque
1237 803 1447 849 adventus

63 874 344 932 praesentabit
363 874 565 920 fidelibus
589 891 770 935 regnum
799 877 892 921 Dei.
925 896 945 918 «
971 880 1054 921 Pro
1077 892 1129 921 eo
1153 895 1173 918 »
1203 891 1305 921 vero
1332 891 1445 935 quo-

64 942 196 988 modo
227 944 520 1003 intelligatur,
545 956 775 1005 angustum
806 957 870 991 est
898 966 907 992 :
932 948 1013 991 nisi
1034 948 1135 1008 quia
1162 962 1261 992 cum
1298 956 1447 991 oratur

63 1029 144 1073 pro
166 1014 358 1060 Ecclesia
375 1052 386 1072 ,
412 1033 491 1076 pro
514 1017 607 1077 ipso
642 1028 789 1063 oratur
806 1053 817 1074 ,
855 1018 955 1079 quia
983 1034 1140 1078 corpus
1168 1027 1231 1062 est
1252 1019 1358 1078 ejus.
1385 1021 1447 1061 De

64 1085 236 1131 Christo
272 1087 436 1147 quippe
458 1098 501 1132 et
525 1077 715 1134 Ecclesia
741 1088 1011 1149 praemissum
1044 1099 1108 1133 est
1128 1097 1446 1133 sacramentum

63 1170 269 1216 magnum
310 1177 319 1202 ;
348 1177 368 1199 «
392 1161 535 1203 Erunt
556 1159 645 1204 duo
674 1160 721 1203 in
743 1174 872 1204 carne
895 1162 1027 1204 una3.
1056 1178 1075 1201 »
1103 1162 1304 1204 Jamvero
1326 1157 1448 1219 quod

63 1227 274 1287 sequitur,
303 1231 442 1273 «Tota
465 1230 549 1283 die,
568 1248 587 1271 »
615 1230 661 1275 id
683 1239 760 1286 est,
786 1239 879 1275 toto
896 1240 1091 1290 tempore
1106 1265 1117 1285 ‚
1137 1249 1158 1273 «
1183 1229 1448 1274 Benedicent

66 1316 88 1340 »
122 1314 160 1342 e1
176 1333 186 1353 ,
215 1317 235 1340 »
261 1308 360 1344 satis
382 1310 578 1360 apertum
603 1309 680 1346 est.

121 1371 286 1414 XVIII.
329 1373 431 1415 «Et
466 1371 546 1415 erit
569 1371 892 1415 firmamentum
928 1371 973 1415 in
1011 1381 1149 1426 terra,
1190 1371 1235 1414 in
1271 1371 1447 1415 summis

66 1457 87 1480 »
123 1440 338 1485 montium
363 1442 395 1484 4.
443 1443 602 1485 Omnes
649 1442 765 1485 enim
811 1442 1108 1500 promissiones
1155 1442 1230 1484 Dei
1280 1441 1324 1483 in
1372 1439 1447 1484 illo

66 1527 87 1552 υ
121 1510 308 1555 Etiam⁵.
332 1530 352 1553 »
381 1511 427 1556 id
449 1521 535 1566 est,
562 1511 607 1555 in
629 1510 704 1555 illo
727 1512 908 1555 firmatae
932 1521 1033 1555 sunt
1058 1530 1066 1555 ε
1089 1510 1191 1570 quia
1208 1510 1254 1553 in
1275 1509 1350 1554 illo
1370 1510 1449 1553 im-

62 1580 231 1640 pletum
254 1592 318 1626 est
351 1583 568 1643 quidquid
589 1598 668 1642 pro
689 1582 827 1627 salute
855 1591 1001 1627 nostra
1028 1582 1338 1642 prophetatum
1367 1590 1443 1624 est.

62 1654 172 1698 Nam
193 1669 362 1698 summa
389 1654 606 1698 montium
624 1688 635 1708 ‚
668 1653 988 1712 Scripturarum
1022 1652 1266 1696 divinarum
1296 1661 1448 1696 aucto-

63 1738 129 1767 res
143 1758 153 1778 ,
178 1722 224 1767 id
239 1733 330 1779 est,
361 1739 439 1782 per
460 1739 569 1784 quos
598 1723 849 1767 ministratae
872 1732 973 1766 sunt
992 1757 1002 1777 ,
1023 1722 1265 1781 intelligere
1287 1738 1448 1766 convc-

63 1793 129 1837 nit
149 1812 160 1838 ε
182 1793 228 1837 in
249 1793 408 1853 quibus
424 1794 577 1853 utique
598 1793 688 1852 ipse
706 1802 769 1837 est
788 1793 1111 1836 firmamentum
1131 1813 1141 1849 3
1165 1794 1371 1853 quoniam
1394 1790 1449 1835 ad

63 1863 189 1909 illum
211 1865 372 1919 omnia,
397 1881 496 1925 quae
518 1864 724 1908 divinitus
747 1864 902 1923 scripta
933 1873 1050 1918 sunt,
1072 1863 1335 1907 referuntur.
1356 1866 1449 1907 Hoc

65 1945 212 1980 autem
233 1936 278 1980 in
303 1945 416 1980 terra
439 1951 528 1979 esse
548 1935 711 1993 voluit3
742 1935 844 1995 quia
863 1945 1041 1994 propter
1062 1950 1149 1989 eos,
1167 1935 1241 1994 qui
1264 1934 1309 1978 in
1335 1943 1449 1977 terra

64 2015 165 2050 sunt
180 2041 191 2061 ,
216 2005 291 2050 illa
312 2007 554 2065 conscripta
577 2013 692 2049 suut.
720 2005 846 2049 Unde
869 2014 912 2048 et
938 2005 1028 2064 ipse
1056 2005 1102 2048 in
1120 2013 1279 2048 terram
1298 2005 1445 2058 venit,

4 2125 5 2134 ἵ
63 2085 114 2121 ut
135 2092 184 2121 ea
217 2086 374 2122 cuncta
397 2078 613 2131 firmaret,
644 2075 687 2120 id
708 2085 794 2129 est,
829 2076 875 2119 in
905 2091 949 2119 se
970 2085 1231 2121 monstraret
1260 2074 1446 2135 impleri.

3 2147 5 2196 ζ
68 2166 89 2191 «
122 2148 365 2208 Oportebat
401 2147 540 2202 enim,
580 2147 748 2208 inquit,
786 2146 956 2206 impleri
990 2148 1134 2192 omnia
1171 2163 1269 2208 quae
1291 2147 1450 2206 scripta

66 2236 88 2260 »
125 2227 227 2263 sunt
242 2219 288 2262 in
308 2221 420 2277 Lege
443 2227 484 2262 et
504 2218 730 2277 Prophetis
750 2227 793 2261 et
811 2217 987 2262 Psalmis
1012 2217 1066 2261 de
1087 2233 1157 2261 me
1171 2219 1186 2244 ⁶
1212 2236 1220 2262 :
1249 2236 1268 2258 »
1293 2216 1338 2261 id
1360 2225 1447 2271 est,

2 2339 3 2344 Ἰ
67 2306 89 2331 »
123 2291 175 2333 In
211 2290 389 2333 summis
426 2289 657 2333 montium.
710 2289 778 2333 Sic
816 2287 929 2331 enim
967 2287 1088 2332 venit
1127 2288 1173 2331 in
1211 2286 1449 2332 novissimis

2 2347 4 2424 ζ
68 2377 90 2402 n
125 2359 394 2419 temporibus
415 2357 668 2403 manifestus
693 2374 816 2403 mons
834 2358 1031 2413 Domini,
1056 2367 1229 2418 paratus
1249 2358 1296 2401 in
1318 2373 1449 2402 cacu-

2 2425 4 2445 ¹
71 2446 93 2471 »
127 2429 245 2473 mine
266 2429 537 2474 montium⁷:
566 2447 586 2471 n
612 2428 733 2490 quod
763 2429 834 2473 hic
868 2429 956 2474 ait:
987 2447 1006 2470 «
1040 2431 1091 2472 In
1129 2428 1307 2472 summis
1329 2442 1448 2470 mon-

115 2533 124 2549 ¹
142 2529 234 2558 Prov.
255 2537 322 2567 vin,
342 2538 391 2558 10.
415 2544 456 2548 —
477 2531 491 2549 ²
510 2527 621 2559 Matth.
644 2538 690 2567 vu,
713 2537 815 2558 10.—-
831 2524 843 2548 3
859 2525 972 2568 Eplves.
994 2536 1027 2564 v,
1043 2526 1093 2557 32.
1113 2524 1180 2555 --4
1198 2524 1263 2556 Psal
1295 2523 1444 2565 tx(1,lG.

1 2580 11 2629 ἶ,
69 2599 109 2605 -
129 2580 142 2605 ‘5
162 2592 180 2614 2
202 2585 272 2615 Gor.
298 2593 320 2622 ι,
339 2592 390 2614 uo.
412 2600 450 2604 -—-
471 2581 484 2604 C
504 2583 577 2614 Luc.
607 2593 692 2621 xxiv,
719 2582 770 2623 ᾗ,
794 2599 834 2604 -—-
859 2588 870 2613 7
898 2583 966 2613 tat.
985 2593 1018 2621 ιι,
1039 2591 1070 2613 9.
