1889 3285
405 229 487 268 224
849 234 881 263 s.
919 236 1147 264 AUGUSTIM
1178 238 1359 264 nmscom

405 325 424 347 »
460 304 557 348 mici
580 303 685 347 tui1.
706 320 725 343 n
751 300 819 346 Ad
840 302 923 345 hoc
940 301 1035 355 tibi,
1054 301 1213 361 inquit,
1234 302 1500 345 mentientur
1515 301 1678 346 inimici
1695 303 1775 358 tui,

400 384 451 418 ut
473 373 609 417 multa
631 372 684 416 sit
706 371 898 431 potentia
916 380 1004 414 tua.
1031 370 1146 423 Quid
1164 380 1226 415 est
1245 372 1360 415 hoc?
1383 373 1596 415 Intentius
1614 371 1775 415 audite.

402 444 601 488 Potentia
627 442 801 487 Domini
830 441 965 485 nostri
995 443 1098 483 Jesu
1120 441 1279 484 Christi
1308 441 1490 485 maxime
1517 441 1716 500 apparuit
1734 441 1781 485 in

400 514 728 568 resurrectione,
758 513 876 555 unde
899 510 1090 555 Psalmus
1116 511 1196 555 iste
1218 510 1396 555 titulum
1426 512 1606 571 accepit.
1632 515 1689 555 Et
1709 527 1781 556 re-

400 600 578 643 surgens
601 583 801 643 apparuit
827 580 1052 640 Discipulis
1084 581 1203 625 suis2.
1237 583 1335 626 Non
1368 578 1568 642 apparuit
1598 581 1781 625 inimicis

401 655 502 709 suis,
527 653 602 698 sed
623 650 843 711 Discipulis
861 651 962 695 suis.
989 651 1228 695 Crucifixus
1251 651 1451 711 apparuit
1472 651 1689 706 omnibus,
1714 666 1782 695 re-

401 739 578 783 surgens
596 722 796 767 fidelibus
817 741 825 765 ;
851 729 901 765 ut
928 721 1057 764 etiam
1082 730 1230 779 postea
1251 722 1327 780 qui
1352 720 1484 764 vellet
1505 721 1714 775 crederet,
1739 730 1782 765 et

401 793 594 838 credenti
638 791 894 836 resurrectio
929 790 1266 850 promitteretur.
1307 789 1438 835 Multi
1474 791 1609 834 sancti
1644 789 1782 835 multa

399 863 605 908 miracula
638 861 857 916 fecerunt,
887 860 1032 904 nullus
1065 860 1258 919 ipsorum
1285 870 1482 904 mortuus
1515 861 1779 904 resurrexit:

400 935 502 996 quia
535 944 578 978 et
609 933 683 994 qui
709 933 762 976 ab
791 932 850 976 eis
884 931 1122 975 resuscitati
1154 940 1278 985 sunt,
1312 931 1512 975 morituri
1544 931 1783 977 resuscitati

400 1015 515 1050 sunt.
554 1003 758 1049 Intendat
790 1003 985 1048 Charitas
1018 1004 1184 1046 Vestra.
1220 1000 1540 1046 Commendans
1575 1002 1783 1046 Dominus

401 1091 531 1135 opera
563 1091 639 1119 sua
667 1074 774 1118 dixit
801 1093 809 1117 :
843 1093 862 1115 «
894 1073 1109 1132 Operibus
1139 1070 1300 1116 credite
1316 1107 1327 1126 ,
1353 1072 1387 1116 si
1408 1071 1515 1115 mihi
1541 1088 1631 1116 non
1652 1071 1783 1116 vultis

403 1165 423 1186 »
460 1144 669 1190 crederess.
713 1162 732 1184 »
767 1146 823 1187 Et
854 1142 1217 1187 commendantur
1241 1143 1369 1186 etiam
1403 1142 1623 1202 praeterita
1654 1158 1784 1202 opera

402 1216 745 1275 Prophetarum,
779 1223 822 1256 et
853 1213 886 1256 si
917 1228 1005 1256 non
1039 1212 1214 1267 eadem,
1256 1222 1404 1255 tamen
1436 1212 1575 1256 multa
1607 1211 1780 1268 eadem,

401 1285 538 1330 multa
560 1284 753 1345 ejusdem
770 1284 991 1342 potentiae.
1009 1282 1260 1326 Ambulavit
1281 1283 1488 1327 Dominus
1500 1298 1628 1342 super
1647 1298 1781 1339 mare,

397 1358 522 1418 jussit
552 1366 595 1400 et
622 1356 835 1400 Petrum&
865 1353 1089 1413 Numquid
1117 1369 1206 1397 non
1234 1353 1296 1396 ibi
1327 1362 1417 1397 erat
1447 1354 1537 1413 ipse
1558 1353 1781 1410 Dominus,
1824 1341 1828 1345 ¹

403 1427 579 1489 quando
592 1443 635 1470 se
653 1426 795 1470 divisit
812 1440 944 1479 mare,
963 1434 1012 1468 ut
1026 1428 1197 1482 Moyses
1219 1440 1320 1468 cum
1337 1423 1501 1483 populo
1521 1424 1652 1468 Israel
1668 1434 1786 1468 tran·
1845 1467 1847 1473 ,
1876 1447 1880 1467 ,2

402 1500 551 1542 siret5‘?
576 1497 697 1540 Idem
723 1495 930 1539 Dominus
952 1494 1024 1537 illa
1045 1494 1242 1538 faciebat.
1263 1495 1348 1547 Qui
1366 1493 1469 1538 fecit
1489 1494 1569 1538 ista
1590 1510 1667 1554 per
1687 1510 1783 1539 car·
1844 1549 1847 1554 Ι

404 1584 505 1612 nem
526 1582 675 1621 suam,
710 1567 799 1624 ipse
823 1564 897 1608 ilia
929 1563 1116 1608 faciebat
1138 1580 1214 1623 per
1241 1580 1412 1608 carnem
1439 1580 1659 1608 servorum
1681 1581 1784 1610 suo-
1840 1559 1847 1575 ”

403 1654 515 1683 rum.
551 1637 668 1681 Illud
691 1645 837 1688 tamen
869 1650 946 1694 per
973 1650 1115 1678 servos
1143 1650 1241 1678 suos
1270 1650 1359 1677 non
1389 1632 1513 1689 fecit,
1535 1637 1674 1692 (nam
1694 1636 1785 1695 ipse
1838 1627 1849 1688 .,’
1888 1658 1889 1680 ;

404 1708 548 1754 omnia
571 1706 800 1760 faciebat,)
823 1715 872 1748 ut
900 1704 1052 1764 aliquis
1073 1704 1266 1763 ipsorum
1289 1713 1486 1748 mortuus
1508 1714 1632 1760 esset,
1657 1714 1700 1749 et
1717 1721 1786 1749 re-

403 1787 597 1836 surgeret
618 1778 663 1820 in
689 1776 823 1819 vitam
848 1785 1068 1818 aeternam.
1099 1774 1209 1826 Quia
1235 1789 1336 1832 ergo
1353 1784 1527 1833 possent
1548 1774 1691 1819 dicere
1710 1778 1784 1819 Ju-
1836 1811 1847 1835 ,η’
1875 1786 1877 1789 ’

403 1849 502 1902 daei,
523 1863 623 1892 cum
637 1844 842 1890 miracula
860 1844 1018 1889 faceret
1037 1845 1270 1889 Dominus:
1287 1845 1514 1889 Fecithaec
1536 1855 1578 1890 et
1594 1849 1780 1904 Moyses,

404 1917 506 1963 fecit
527 1918 657 1971 Elias,
683 1915 786 1959 fecit
812 1914 992 1959 Elisaeus
1014 1935 1022 1958 :
1047 1925 1222 1974 possent
1244 1915 1325 1958 sibi
1341 1915 1420 1958 ista
1442 1914 1600 1971 dicere,
1619 1917 1720 1976 quia
1741 1926 1784 1961 et
1838 1906 1842 1945 Ῑ
1887 1929 1889 1932 ’

404 1988 467 2033 illi
491 1997 683 2032 mortuos
703 1984 1078 2038 resuscitaverunt,
1098 1994 1140 2028 et
1160 1985 1298 2028 multa
1315 1985 1523 2029 miracula
1545 1985 1743 2031 fecerunt
1770 2006 1779 2031 ε

403 2068 631 2119 propterea
644 2072 744 2101 cum
763 2056 816 2099 ab
833 2055 908 2098 illo
924 2056 1092 2112 signum
1112 2065 1347 2114 peteretur,
1369 2057 1592 2115 proprium
1611 2059 1782 2116 signum
1827 2101 1830 2111 ,

406 2127 714 2174 commendans
735 2126 854 2187 quod
876 2126 920 2169 in
942 2141 985 2169 se
1006 2124 1096 2169 solo
1119 2124 1317 2169 futurum
1339 2136 1430 2170 erat
1447 2162 1457 2180 ,
1479 2127 1538 2170 ait
1565 2147 1573 2171 :
1603 2146 1622 2169 «
1645 2129 1783 2172 Gene-
1842 2141 1844 2146 '

407 2218 428 2240 »
465 2200 571 2242 ratio
593 2199 670 2241 ista
692 2212 822 2256 prava
845 2205 887 2239 et
908 2196 1141 2239 amaricans
1164 2196 1333 2253 signum
1358 2197 1529 2255 quaerit,
1549 2206 1592 2241 et
1612 2198 1782 2256 signum
1858 2245 1873 2251 ᾗ,

408 2288 429 2311 »
467 2286 556 2313 non
588 2268 764 2312 dabitur
797 2267 863 2321 ei,
895 2266 977 2309 nisi
1004 2266 1175 2324 signum
1206 2269 1327 2310 Jonae
1362 2268 1587 2325 prophetae
1625 2287 1633 2311 :
1672 2269 1783 2312 sicut
1826 2309 1829 2312 ⁴
1856 2278 1873 2322 ,ξ

408 2359 428 2381 »
465 2340 581 2384 enim
605 2337 688 2381 fuit
710 2339 842 2380 Jonas
865 2336 911 2379 in
936 2345 1087 2379 ventre
1116 2336 1194 2379 ceti
1223 2336 1359 2380 tribus
1393 2336 1544 2381 diebus
1573 2347 1616 2382 et
1646 2338 1781 2382 tribus

406 2502 420 2527 5
440 2502 536 2535 Exod.
558 2512 626 2543 xiv,
647 2508 700 2532 21.
