1889 3285
413 198 494 237 448
833 206 867 234 s.
904 207 1134 236 AUGUSTINL
1166 209 1348 237 Eriscom

410 289 499 318 esse
515 272 738 315 scientiam
759 271 804 314 in
822 269 1067 316 Altissinio?
1086 272 1336 332 Respondet
1354 291 1362 317 ι
1383 291 1402 314 «
1421 275 1534 317 Ecce
1547 272 1627 332 ipsi
1644 286 1794 332 pecca-

413 361 433 384 »
468 352 581 386 tores
610 340 947 386 et'abundantes
975 342 1021 384 in
1042 341 1202 385 saeculo
1224 343 1510 385 obtinuerunt
1526 341 1712 386 divitias.
1730 343 1743 365 ¹
1769 356 1790 380 n

409 415 465 456 Et
487 420 732 471 peccatores
753 419 856 455 sunt
869 445 880 466 ‚
906 420 949 454 et
970 411 1244 454 abundantes
1256 411 1426 455 divitias
1448 411 1492 454 in
1507 410 1666 455 saeculo
1683 409 1794 454 obti-

408 491 616 527 nuerunt.
648 480 880 528 Confessus
902 491 985 537 est,
1011 483 1114 542 quia
1134 481 1234 526 ideo
1256 482 1435 526 nolebat
1461 497 1549 526 esse
1571 489 1792 541 peccator,

408 562 459 597 ut
488 552 671 597 haberet
699 552 883 597 divitias.
916 551 1110 596 Carnalis
1147 552 1290 596 anima
1323 551 1561 596 visibilibus
1594 551 1723 595 rebus
1753 558 1797 594 et

409 624 588 669 terrenis
615 622 872 668 vendiderat
893 623 1105 683 justitiam
1134 638 1273 668 suam.
1300 622 1446 676 Qualis
1474 622 1663 683 justitia,
1698 637 1798 682 quae

407 704 585 755 propter
607 709 762 739 aurum
781 694 993 750 habetur,
1020 694 1142 755 quasi
1158 693 1386 753 pretiosius
1408 693 1462 737 sit
1485 708 1642 738 aurum
1663 705 1797 753 quam

408 765 500 825 ipsa
515 765 703 825 justitia,
729 773 805 808 aut
832 779 933 808 cum
955 765 1187 825 quisquam
1209 773 1340 823 negat
1366 780 1432 808 res
1454 763 1635 819 alienas,
1661 763 1799 822 majus

411 834 623 879 damnum
643 835 833 895 patiatur
854 834 926 879 cui
942 844 1095 893 negat,
1123 849 1257 894 quam
1274 832 1347 878 ille
1371 834 1447 895 qui
1463 833 1527 877 illi
1545 834 1702 892 negat?
1720 829 1800 876 Ille

409 905 553 966 perdit
569 915 752 962 vestem,
772 906 851 949 iste
865 905 1013 950 fidem.
1035 924 1055 947 «
1072 908 1186 950 Ecce
1200 905 1279 965 ipsi
1298 915 1542 964 peccatores
1556 939 1567 960 ‚
1593 913 1636 948 et
1657 903 1800 947 abun-

413 993 433 1016 »
458 975 609 1020 dantes
624 976 669 1020 in
686 976 845 1021 saeculo
868 976 1154 1020 obtinuerunt
1171 975 1354 1019 divitias.
1378 994 1396 1015 »
1415 974 1522 1019 Inde
1540 990 1642 1034 ergo
1665 972 1802 1018 nescit

411 1049 545 1100 Deus,
571 1056 614 1090 et
635 1047 736 1090 inde
755 1063 842 1090 non
866 1055 929 1089 est
942 1045 1117 1089 scientia
1134 1045 1179 1090 in
1200 1045 1435 1090 Altissimo.

469 1119 591 1161 XIX.
623 1137 642 1159 «
668 1120 724 1161 Et
747 1117 851 1161 dixi.
879 1119 996 1175 Ergo
1012 1117 1102 1160 sine
1116 1132 1243 1160 causa
1260 1115 1490 1176 justificavi
1512 1130 1586 1158 cor
1607 1128 1799 1157 meum.»

411 1186 597 1241 Quando
620 1188 757 1230 servio
778 1190 890 1242 Deo,
917 1196 960 1230 et
983 1186 1060 1230 ista
1084 1202 1174 1231 non
1195 1187 1362 1242 habeo3
1387 1201 1477 1229 non
1497 1185 1690 1228 serviunt
1713 1182 1800 1236 illi,

411 1267 454 1302 et
474 1258 539 1302 his
558 1258 787 1302 abundant
811 1277 819 1302 ι
845 1277 864 1299 α
889 1260 1005 1315 Ergo
1028 1255 1118 1299 sine
1140 1271 1268 1300 causa
1280 1255 1513 1315 justificavi
1535 1270 1608 1310 cor
1630 1269 1800 1309 meum,

414 1347 434 1369 »
471 1337 512 1372 et
528 1327 614 1372 lavi
630 1328 677 1372 in
696 1327 1001 1372 innocentibus
1021 1342 1174 1371 manus
1200 1342 1315 1370 meas
1341 1330 1373 1369 ².
1397 1345 1416 1366 »
1441 1329 1534 1370 Hoc
1562 1325 1652 1369 sine
1677 1339 1806 1368 causa

413 1398 510 1444 feci.
541 1400 627 1444 Ubi
649 1408 712 1443 est
738 1414 901 1443 merces
933 1399 1062 1442 bonae
1089 1397 1190 1442 vitae
1219 1399 1354 1441 meae?
1384 1396 1461 1440 ubi
1492 1406 1556 1441 est
1577 1395 1807 1456 praemium

413 1470 627 1515 servitutis
654 1471 786 1512 meae‘?
809 1471 925 1512 Bene
949 1469 1069 1523 vivo,
1103 1477 1146 1511 ct
1168 1483 1296 1526 egeo3
1322 1476 1364 1511 et
1392 1467 1567 1527 iniquus
1591 1465 1802 1511 abundat.

419 1560 438 1581 «
473 1544 529 1584 Et
549 1539 633 1583 lavi
651 1540 695 1582 in
717 1539 1025 1582 innocentibus
1044 1553 1196 1581 manus
1214 1553 1343 1581 meas.
1369 1556 1388 1578 »

471 1611 571 1652 XX.
598 1629 617 1651 «
637 1611 693 1653 Et
712 1607 773 1652 fui
789 1607 1030 1666 flagellatus
1048 1617 1138 1652 tota
1162 1606 1231 1651 die
1246 1609 1278 1650 3.
1298 1625 1317 1647 »
1335 1610 1373 1650 A
1395 1622 1464 1650 mc
1486 1604 1806 1650 non-recedunt

416 1680 584 1738 flagella
596 1680 689 1723 Dei.
712 1682 827 1723 Bene
852 1679 1013 1733 servio,
1033 1687 1076 1721 ct
1098 1676 1294 1736 flagellor
1314 1697 1322 1721 :
1341 1693 1429 1721 non
1443 1677 1595 1731 servit,
1615 1685 1658 1720 et
1679 1691 1805 1720 orna-

416 1760 501 1795 tur.
514 1753 716 1808 Magnam
734 1749 1021 1809 quaestionem
1035 1747 1116 1792 sibi
1134 1747 1252 1791 fecit.
1267 1748 1468 1805 Agitatur
1483 1748 1639 1801 anima,
1651 1745 1805 1790 transit

417 1820 561 1864 anima
594 1819 828 1863 transitura
857 1819 912 1862 ad
941 1817 1263 1862 contemnenda
1291 1826 1461 1861 terrena
1493 1827 1536 1861 et
1572 1816 1803 1876 concupis-

416 1890 553 1935 cenda
575 1900 750 1933 aeterna.
779 1889 1000 1933 Transitus
1023 1897 1086 1932 est
1112 1887 1242 1947 ipsius
1268 1888 1422 1931 animae
1450 1888 1498 1931 in
1525 1888 1606 1932 hac
1636 1887 1805 1946 cogita-

418 1961 536 2006 tione
555 1977 566 2004 :
587 1960 662 2003 ubi
680 1960 863 2004 fluctuat
887 1959 931 2002 in
955 1957 1143 2019 quadam
1165 1967 1440 2017 tempestate,
1462 1967 1721 2018 perventura
1743 1966 1807 2003 est

419 2030 474 2075 ad
500 2040 691 2091 portum.
718 2033 775 2074 Et
796 2028 1017 2090 quomodo
1049 2027 1190 2072 solent
1211 2028 1343 2087 aegri,
1373 2028 1449 2088 qui
1480 2028 1639 2072 lentius
1667 2043 1808 2086 aegro-
1857 2065 1860 2080 ,

419 2111 514 2147 tant
530 2137 540 2157 ‚
561 2118 659 2146 cum
684 2101 839 2145 sanitas
857 2101 987 2159 longe
1003 2109 1065 2144 est
1081 2121 1092 2157 3
1111 2099 1251 2143 vicina
1265 2100 1447 2143 sanitate
1468 2098 1566 2159 plus
1591 2108 1804 2160 aestuant-2
1858 2089 1862 2104 ²

419 2173 720 2218 Accessionem
742 2173 943 2216 creticam
966 2170 1123 2215 medici
1145 2179 1324 2225 vocant,
1350 2186 1426 2230 per
1448 2185 1579 2230 quam
1602 2170 1807 2214 transitur

421 2243 477 2288 ad
502 2244 729 2288 sanitatem
751 2244 916 2303 :major
945 2242 1003 2285 ibi
1033 2251 1184 2295 cestus,
1214 2240 1290 2285 sed
1310 2241 1472 2285 ducens
1507 2240 1563 2285 ad
1597 2240 1804 2298 salutem3

421 2314 558 2373 major
572 2313 633 2357 ibi
648 2312 776 2357 ardor
790 2348 802 2368 ‚
825 2312 900 2357 sed
913 2311 1053 2356 vicina
1071 2312 1263 2356 refectio.
1287 2312 1355 2356 Sic
1368 2327 1470 2370 ergo
1493 2311 1616 2355 ethic
1631 2319 1802 2355 aestuat.

420 2387 529 2429 Nam
546 2382 785 2443 periculosa
802 2382 933 2427 verba
953 2390 1069 2435 sunt‚
1090 2379 1256 2435 fratres,
1277 2380 1473 2435 molesta,
1500 2389 1543 2424 et
1563 2395 1672 2440 pene
1691 2380 1806 2425 blas·

422 2455 604 2515 phema,
635 2472 654 2494 «
679 2452 909 2506 Quomodo
937 2452 1057 2496 scivit
1079 2452 1218 2494 Deus?
1244 2469 1264 2491 »
1291 2453 1385 2495 Hoc
1406 2460 1470 2495 est
1495 2460 1539 2495 et
1566 2470 1583 2490 «
1611 2454 1726 2495 Pene
1747 2469 1756 2496 z
1780 2469 1801 2493 »
1859 2492 1862 2501 ,

472 2545 480 2558 ¹
506 2537 586 2569 Psal.
607 2548 706 2578 Lxxn,
729 2545 780 2570 12.
801 2553 839 2558 —
865 2541 877 2559 ²
898 2536 977 2567 Ibid.
1000 2533 1049 2568 13.
1074 2551 1114 2557 —-
1133 2531 1248 2566 31bid.
1271 2533 1322 2576 κῇ.
