1889 3285
429 254 512 295 298·
859 266 893 295 s,
929 267 1158 299 AUGUs‘rmt
1189 268 1372 299 zrrscon

428 346 534 375 num
559 331 602 374 in
628 333 719 391 ejus
750 333 979 377 vocatione
1010 335 1283 379 miraculum.
1325 334 1490 379 Extasis
1523 347 1712 393 namque
1743 342 1808 378 est

426 401 582 444 mentis
603 416 796 445 excessus
822 422 830 447 z
855 402 975 462 quod
997 403 1231 463 aliquando
1252 419 1411 463 pavore
1430 402 1666 462 contingit3
1695 417 1810 447 non·

428 487 654 531 nunquam
696 488 801 517 vero
837 489 915 533 per
957 474 1148 534 aliquam
1191 474 1499 519 revelationem
1550 473 1813 518 alienatione

426 542 584 585 mentis
606 558 631 586 a
649 543 842 588 sensibus
866 545 1076 603 corporis,
1101 554 1151 588 ut
1173 544 1341 604 spiritui
1363 544 1483 605 quod
1505 543 1811 588 demonstran-
1860 574 1862 579 -

427 611 532 656 dum
549 621 613 656 est
629 613 965 658 demonstretur.
985 615 1109 658 Unde
1123 614 1307 673 intelligi
1324 615 1454 658 etiam
1466 614 1526 658 sic
1539 623 1679 673 potest
1691 615 1813 674 quod

424 682 498 726 hic
519 683 709 742 positum
748 695 832 739 est,
866 686 910 728 in
934 685 1092 742 extasi3
1117 686 1218 745 quia
1247 701 1348 730 cum
1377 685 1416 729 ei
1433 684 1698 745 persecutori
1719 683 1815 729 dic-

424 761 521 796 tum
539 762 648 797 esset
661 754 716 798 de
734 754 871 799 coelo:
891 773 909 795 «
932 755 1074 809 Saule,
1092 755 1233 811 Saule,
1251 756 1358 816 quid
1369 770 1438 799 me
1454 755 1767 815 persequeris¹z
1787 771 1812 796 »

426 822 1809 885 ademptolumineocnlorumcarnalium,respondebatDomino,
1863 838 1873 882 j¹

426 908 557 952 quem
572 894 725 952 spiritu
742 894 920 939 videbat
933 917 944 953 3
958 896 1034 956 qui
1049 906 1193 940 autem
1207 911 1308 942 cum
1321 895 1397 941 illo
1411 905 1549 951 eraut,
1562 910 1716 940 vocem
1728 909 1817 939 res·
1864 891 1866 899 ’

424 962 657 1022 pendentis
681 965 937 1020 audiebant,
960 967 1179 1010 neminem
1196 975 1342 1010 tamen
1359 966 1555 1011 videntes
1571 965 1643 1009 eui
1662 964 1817 1025 loque·

425 1041 561 1076 retur.
588 1036 734 1077 Potest
763 1035 831 1079 hic
861 1036 1014 1079 extasis
1036 1036 1164 1080 etiam
1186 1035 1259 1079 illa
1289 1037 1379 1095 ejus
1405 1034 1617 1093 intelligi,
1642 1034 1699 1078 de
1726 1049 1813 1095 qua

425 1102 516 1160 ipse
537 1101 722 1163 loquens
737 1105 818 1158 ait,
849 1106 956 1149 scire
977 1121 1020 1150 se
1045 1106 1270 1150 hominem
1288 1114 1462 1165 raptum
1485 1119 1623 1164 usque
1655 1104 1700 1147 in
1721 1113 1812 1148 ter·
1858 1100 1864 1165 ‘y

426 1172 537 1216 tium
559 1172 748 1230 coelum3
786 1174 873 1218 sive
895 1185 1040 1218 autem
1072 1177 1116 1219 in
1138 1191 1319 1234 corpore
1335 1210 1346 1231 ,
1373 1176 1462 1219 sive
1485 1184 1603 1219 extra
1629 1189 1808 1233 corpus,

425 1242 589 1286 nescire
622 1262 630 1288 :
665 1243 739 1287 sed
774 1253 946 1303 raptum
977 1245 1023 1288 in
1055 1244 1328 1304 paradisum,
1371 1244 1539 1288 audisse
1572 1243 1813 1288 ineffabilia
1858 1254 1863 1264 “

421 1312 574 1366 verba,
600 1328 700 1372 quae
715 1329 803 1357 non
826 1313 975 1358 liceret
1001 1315 1167 1358 homini
1198 1314 1319 1375 loqui
1335 1316 1368 1358 2.
1399 1333 1420 1356 a
1456 1314 1675 1373 Principes
1698 1312 1813 1358 Juda

427 1400 448 1422 »
485 1381 618 1427 duces
641 1399 812 1439 eorum,
844 1385 1060 1444 principes
1089 1384 1312 1439 Zabulon,
1345 1383 1560 1443 principes
1588 1384 1815 1442 Nephtha-

427 1468 449 1492 >›
483 1450 604 1496 li1n3.
629 1470 648 1493 υ
671 1455 781 1498 Cum
811 1454 1040 1513 Apostolos
1062 1454 1272 1511 significet
1297 1454 1536 1513 principes,
1564 1452 1642 1496 ubi
1674 1462 1739 1497 est
1770 1461 1816 1497 et

429 1539 449 1562 ‹<
483 1522 705 1581 Benjamin
731 1521 1105 1567 adolescentiorin
1124 1524 1282 1578 extasi,
1311 1542 1331 1564 »
1348 1523 1509 1583 quibus
1529 1522 1672 1566 verbis
1696 1526 1814 1567 Pau-
1870 1567 1871 1570 ,

421 1588 514 1633 lum
536 1591 764 1648 significari
787 1608 915 1637 nemo
929 1593 1136 1651 ambigit3
1159 1593 1227 1636 vel
1249 1594 1424 1637 nomine
1445 1593 1693 1651 principum
1715 1607 1815 1636 om-

422 1676 499 1705 nes
521 1662 818 1720 significentur
843 1664 888 1707 in
910 1663 1111 1708 Ecclesiis
1134 1663 1394 1707 excellentes
1420 1671 1552 1722 atque
1572 1663 1815 1707 imitatione

426 1731 664 1789 dignissimi
692 1752 700 1778 :
722 1734 828 1794 quid
850 1733 930 1777 sibi
946 1734 1102 1777 volunt
1116 1734 1211 1778 haec
1234 1734 1408 1778 nomina
1426 1733 1618 1777 tribuum
1639 1733 1820 1778 Israeli-⁷

424 1803 641 1846 ticarum‘?
666 1804 709 1847 Si
731 1804 845 1846 enim
877 1813 1048 1848 tantum
1081 1807 1105 1848 J
1112 1805 1208 1848 udae
1243 1805 1407 1848 mentio
1431 1804 1554 1848 fieret
1569 1839 1581 1859 ,
1606 1804 1812 1864 quoniam

426 1889 476 1916 ex
492 1873 573 1917 hac
597 1874 714 1917 tribu
745 1889 865 1933 reges
896 1875 1088 1929 fuerant,
1114 1891 1164 1919 ex
1186 1891 1272 1936 qua
1300 1884 1342 1919 et
1373 1875 1584 1920 Dominus
1618 1875 1814 1920 Christus

425 1942 665 1986 secundum
685 1947 906 2002 carnem&
928 1944 1028 1989 ideo
1051 1961 1101 1989 ex
1120 1946 1201 1989 hac
1224 1945 1342 1989 tribu
1371 1954 1623 2005 putaremus
1650 1946 1814 2004 figura-

427 2022 492 2058 tos
521 2014 647 2057 etiam
673 2014 888 2074 principes
914 2017 1177 2060 Testamenti
1198 2016 1308 2060 Novi
1335 2034 1343 2060 :
1370 2030 1469 2059 cum
1484 2030 1588 2059 vero
1615 2015 1816 2075 adjungit

430 2103 450 2126 «
485 2085 704 2144 Principes
722 2084 919 2130 Zabulon
937 2122 948 2141 ,
964 2087 1180 2146 principes
1205 2085 1516 2146 Nephthalim3
1543 2105 1564 2127 »
1581 2086 1812 2147 quisquam
1851 2079 1855 2096 ²

426 2153 605 2198 forsitan
642 2156 757 2200 dicat
790 2172 840 2199 ex
869 2157 935 2201 his
959 2157 1162 2201 tribubus
1190 2156 1420 2216 Apostolos
1449 2155 1605 2211 fuisse,
1638 2171 1689 2200 ex
1720 2156 1813 2201 aliis

425 2236 566 2268 autem
585 2241 672 2269 non
696 2225 840 2270 fuisse.
867 2227 996 2280 Quod
1016 2226 1116 2271 licet
1132 2226 1250 2270 unde
1267 2226 1441 2285 probari
1460 2228 1544 2271 hoc
1566 2235 1710 2285 posset
1722 2242 1812 2270 non
1871 2228 1876 2283 ]

425 2293 595 2338 videam
612 2330 622 2348 ,
649 2305 795 2339 tamen
819 2298 921 2356 quia
949 2312 1028 2341 nec
1062 2297 1180 2340 unde
1203 2294 1426 2340 refellatur
1446 2296 1637 2351 invenio,
1664 2305 1707 2340 et
1728 2297 1813 2341 hoc

425 2365 522 2409 loco
535 2366 749 2426 principes
768 2367 1076 2422 Ecclesiaruln,
1095 2367 1315 2427 ducesque
1328 2382 1480 2411 corum
1494 2368 1570 2428 qui
1588 2367 1634 2410 in
1657 2367 1814 2411 Eccle-
1850 2418 1852 2422 λ

423 2436 492 2479 siis
506 2437 771 2480 benedicunt
787 2438 1037 2493 Dominum,
1050 2437 1175 2482 video
1188 2437 1484 2483 commendari
1497 2459 1508 2497 3
1523 2454 1612 2483 non
1625 2437 1813 2483 absurde
1849 2429 1852 2458 ²

423 2507 553 2550 etiam
575 2507 704 2551 istum
722 2523 894 2551 sensum
914 2508 1054 2568 probo
1080 2528 1088 2553 :
1110 2509 1183 2552 sed
1202 2508 1300 2568 plus
1317 2524 1388 2552 me
1408 2509 1596 2554 delectat
1616 2509 1737 2568 quod
1759 2524 1811 2553 ex
1848 2499 1877 2559 ⁴,

470 2597 478 2611 ¹
499 2591 690 2632 Act.1x‚4.
711 2608 751 2613 -
772 2598 783 2613 ²
803 2600 822 2623 ’.ι
841 2593 912 2623 Cor.
935 2603 996 2633 xn,
1017 2591 1090 2633 2-4.
1114 2608 1154 2614 --
1175 2590 1187 2613 3
1208 2592 1285 2624 psal.
1307 2603 1402 2633 van,
1418 2592 1471 2625 28.
1500 2609 1541 2615 —-
1559 2591 1574 2622 4
1594 2594 1684 2624 Rom.
1705 2603 1748 2631 κ,
1767 2603 1800 2635 9.
