1889 3285
389 262 629 292 ENARRATIO
659 261 940 306 INZPSALMUM
972 265 1111 292 Lxxn.
1337 240 1422 292 447

39 346 61 371 »
84 329 292 389 peribunt
313 344 461 374 omnes
478 330 758 387 cogitationes
773 331 864 391 ejus
879 332 909 375 ¹.
938 348 958 371 »
987 328 1072 375 Sed
1089 329 1157 374 isti
1180 328 1295 374 diem
1317 329 1424 374 ulti-

37 410 160 444 mum
188 414 316 443 suum
336 413 426 442 non
448 398 711 458 cogitantes,
747 398 991 459 loquuntur
1023 399 1290 458 superbiam,
1314 399 1427 444 etin

38 468 200 513 coelum
224 478 395 528 ponunt
417 485 462 512 os
485 484 633 524 suum,
657 479 700 514 et
721 469 1034 514 transcendunt
1054 479 1228 514 terram.
1258 469 1300 514 Si
1321 469 1428 513 ulti-

37 555 160 584 mum
174 555 301 584 suum
316 538 432 583 diem
450 556 539 585 non
556 540 763 599 cogitaret
776 577 787 597 ,
805 541 849 584 id
863 549 949 595 est,
967 539 1119 600 judicii
1136 543 1202 584 sui
1220 539 1427 584 ultimum

41 607 292 653 diem-latro
309 609 461 653 missus
481 610 527 654 in
548 625 785 665 carcerem,
810 609 919 654 nihil
941 609 1015 654 ino
1038 615 1146 654 esset
1163 609 1392 653 immanius
1413 628 1422 653 z

41 687 86 723 et
107 688 254 724 tamen
283 689 427 739 posset
449 680 657 738 effugere.
684 683 781 734 Quo
809 679 923 740 iugis
943 696 999 724 ne
1021 676 1243 725 moriaris?
1275 681 1427 723 Certus

41 749 122 809 erit
137 748 212 794 isse
227 749 332 794 dies.
358 749 474 803 Quid
497 759 560 794 est
582 750 658 794 diu
673 750 793 811 quod
810 752 1002 795 victurus
1025 752 1097 795 es?
1119 752 1343 804 Quantum
1364 746 1429 794 est

42 818 119 863 diu
139 820 260 880 quod
289 820 422 865 habet
444 821 597 876 finem,
634 822 712 866 etsi
735 821 812 866 diu
833 823 978 870 esset?
1004 824 1101 866 Huc
1133 820 1298 866 accedit
1325 821 1426 881 q'uia

41 890 131 934 non
152 899 216 934 est
233 909 247 936 ε
268 899 311 934 et
332 894 423 935 non
445 901 508 935 est
529 891 627 947 diu,
653 901 696 936 et
720 893 936 936 incertum
959 901 1022 936 est
1047 893 1189 953 ipsum
1212 885 1333 952 quod
1358 890 1428 933 di-

41 959 155 1003 citur
168 959 259 1004 diu.
282 963 424 1014 Quare
443 962 526 1005 hoc
543 977 633 1006 non
651 963 836 1020 cogitat?
850 962 959 1020 Quia
981 962 1126 1022 posuit
1146 962 1191 1006 in
1206 959 1370 1006 coelum
1382 974 1428 1004 os

42 1045 192 1085 suum,
219 1040 262 1076 et
282 1030 431 1089 lingua
456 1033 548 1092 ejus
575 1033 743 1076 transiit
765 1048 894 1092 super
916 1042 1089 1076 terram.

101 1103 221 1144 XVI.
258 1120 279 1143 «
315 1100 419 1145 Ideo
449 1111 689 1146 revertetur
718 1103 803 1146 huc
823 1102 1023 1162 ‘populus
1055 1117 1177 1146 meus
1209 1105 1242 1145 ².
1273 1119 1293 1142 »
1329 1102 1427 1144 Jam

43 1171 133 1230 ipse
154 1171 300 1230 Asaph
322 1170 552 1215 revertitur
573 1173 675 1216 huc.
701 1171 822 1216 Vidit
843 1173 959 1216 enim
983 1172 1065 1216 ista
1094 1171 1317 1216 abundare
1346 1170 1432 1213 ini-n

44 1241 140 1301 quis
153 1276 164 1296 ,
184 1241 293 1285 vidit
315 1241 512 1301 superbis
530 1261 539 1286 ι
556 1242 668 1286 redit
683 1242 737 1286 ad
753 1245 894 1287 Deum
908 1278 920 1297 ,
945 1251 988 1287 et
1008 1242 1161 1301 incipit
1174 1256 1368 1302 quaerere
1389 1249 1433 1284 et

44 1311 279 1371 disputare.
313 1312 396 1356 Sed
417 1311 620 1372 quando?
647 1331 667 1354 «
693 1314 806 1357 Cum
829 1312 918 1357 dies
946 1312 1064 1372 pleni
1087 1312 1364 1366 invenientur
1386 1311 1431 1354 in

47 1384 69 1423 >i
102 1382 177 1426 eis.
205 1400 226 1422 »
252 1381 369 1435 Quid
391 1391 478 1436 est,
518 1402 537 1424 «
563 1383 660 1426 Dies
680 1382 825 1442 pleni?
845 1385 958 1428 Cum
981 1393 1124 1428 autem
1147 1383 1268 1428 venit
1289 1381 1432 1442 pleni-

47 1452 212 1496 n‘tudo
238 1453 466 1512 temporis,
498 1453 616 1496 misit
641 1459 750 1497 Deus
784 1453 944 1497 Filium
975 1456 1149 1498 suum3.
1184 1473 1202 1494 n
1236 1456 1334 1512 Ipsa
1369 1461 1433 1496 est

44 1521 274 1582 plenitudo
296 1522 522 1581 temporis,
548 1522 726 1582 quando
757 1525 876 1567 venit
897 1524 969 1568 ille
991 1524 1245 1584 temporalia
1276 1522 1432 1567 docere

45 1592 290 1646 contemni,
323 1607 414 1636 non
434 1592 594 1636 habere
615 1608 823 1651 magnum
856 1593 1070 1654 quidquid
1099 1593 1203 1637 mali
1232 1593 1431 1637 homines

46 1662 251 1721 cupiunt,
277 1662 367 1721 pati
388 1661 603 1722 quidquid
621 1663 722 1706 mali
739 1664 936 1707 homines
954 1673 1173 1707 metuunt.
1195 1666 1353 1707 Factus
1371 1671 1436 1706 est

47 1732 141 1787 via,
175 1730 393 1775 revocavit
415 1730 470 1775 ad
502 1732 812 1790 cogitationem
834 1732 1052 1787 intimam,
1077 1732 1306 1776 admonuit
1327 1731 1433 1792 quid

48 1818 79 1847 a
104 1808 189 1846 Deo
211 1801 500 1862 quaerendum
531 1811 653 1846 esset.
685 1805 742 1846 Et
763 1803 862 1846 vide
884 1803 939 1847 de
969 1819 1055 1863 qua
1077 1794 1337 1860 cogitatione
1365 1817 1434 1845 re-

48 1872 274 1918 verberata
303 1873 350 1915 in
371 1888 436 1927 se,
462 1882 505 1916 et
533 1871 724 1932 quodam
752 1872 884 1917 modo
916 1881 1146 1917 revocante
1168 1873 1327 1916 fluctus
1349 1872 1435 1915 im—

49 1951 177 2004 petus
208 1942 296 1997 sui,
332 1942 539 1986 transitur
562 1942 618 1985 ad
642 1957 744 1986 vera
767 1941 978 2001 eligenda.
1018 1962 1038 1985 «
1062 1941 1166 1987 Ideo
1195 1938 1435 1987 revertetur

53 2030 81 2055 >r
95 2011 297 2073 *populns
317 2027 440 2055 meus
455 2012 542 2055 huc
556 2047 566 2067 ,
591 2021 634 2056 et
649 2011 739 2056 dies
761 2011 879 2071 pleni
896 2012 1174 2057 invenientur
1196 2013 1241 2057 in
1265 2013 1355 2056 eis?
1381 2030 1402 2053 »

71 2085 252 2127 '‘XVII.
276 2102 296 2125 «
330 2085 388 2126 Et
419 2081 646 2126 dixerunt:
665 2082 896 2136 Quomodo
928 2083 1051 2128 scivit
1073 2087 1211 2139 Deus,
1246 2093 1290 2127 et
1311 2083 1345 2127 si
1374 2092 1438 2127 est

53 2172 81 2196 »
110 2154 289 2198 seientia
314 2153 361 2196 in
384 2151 602 2197 Altissimo
617 2153 663 2196 4?
694 2172 714 2194 n
747 2154 857 2198 Vide
878 2169 955 2214 per
976 2170 1107 2215 quam
1131 2154 1439 2214 cogitationem

51 2233 292 2268 transeunt.
314 2226 426 2268 Ecce
439 2223 578 2283 iniqui
594 2222 738 2267 felices
755 2233 857 2267 sunt
871 2259 881 2278 ‚
902 2240 992 2268 non
1009 2234 1131 2268 curat
1144 2228 1256 2269 Deus
1271 2240 1336 2268 res
1353 2225 1441 2268 hu-

54 2311 216 2340 manas.
240 2297 353 2338 Vere
374 2294 452 2338 scit
469 2294 578 2354 quid
595 2297 796 2353 agamus?
812 2295 966 2338 Videte
979 2312 1078 2355 quae
1100 2296 1321 2341 dicuntur.
1346 2299 1440 2339 Ro-

57 2381 228 2425 gamus,
255 2364 434 2418 fratres,
460 2366 551 2424 jam
572 2365 804 2409 Christiani
833 2380 921 2408 non
954 2365 1134 2410 dicant:
1164 2386 1184 2409 «
1208 2364 1438 2445 Quomodo

61 2447 89 2477 »·
116 2435 238 2478 scivit
251 2437 388 2489 Deus,
407 2443 450 2477 et
467 2434 501 2477 si
516 2443 579 2478 est
591 2434 767 2478 scientia
779 2435 823 2478 in
841 2434 1078 2479 Altissimo.
1070 2437 1088 2469 ἶ)
1108 2454 1128 2477 ))

84 2509 282 2551 XVIII.
305 2506 432 2551 Unde
453 2505 571 2549 enim
582 2506 662 2549 tibi
680 2506 850 2550 videtin
869 2523 958 2551 non
979 2507 1086 2551 scire
1108 2511 1269 2563 Deum,
1293 2518 1337 2552 et
1356 2525 1445 2553 non

110 2597 119 2613 ¹
137 2590 218 2622 Psal.
238 2601 309 2631 exv,
328 2588 362 2631 4.
384 2606 421 2613 -
441 2589 517 2621 ²1d.
538 2600 633 2631 Lxxu,
656 2600 705 2622 10.
733 2607 774 2612 —
795 2588 808 2613 3
830 2589 899 2624 Gal.
917 2602 962 2632 iv,
982 2589 1014 2632 4.
1036 2607 1076 2614 -
1090 2588 1107 2620 4
1125 2590 1316 2634 Psal.1.xx11,
1340 2603 1391 2626 11.
