1889 3285
409 206 491 245 244
838 213 871 241 S.
909 214 1136 241 Ancosrmr
1171 214 1357 241 Eprscorr

404 291 492 336 tra,
518 295 597 323 nos
618 279 722 338 ipsi,
747 278 940 337 pluviam
961 278 1038 322 Dei
1058 276 1304 321 desiderans
1330 297 1339 322 2
1362 297 1380 319 «
1401 281 1515 322 Deus
1538 278 1788 322 misercatur

407 371 428 394 »
464 351 621 405 nostri,
646 359 692 393 et
711 348 942 394 benedicat
963 364 1057 393 nos.
1079 367 1101 390 »

466 425 526 467 ΙΙ.
555 441 577 464 «
600 421 823 466 Illuminet
841 419 1015 465 vultum
1028 435 1164 478 'suum
1185 435 1314 480 super
1334 422 1454 465 nos1.
1473 438 1494 461 »
1521 418 1788 472 Quaesiturus

402 508 493 537 eras
517 490 694 537 fortasse
715 490 825 551 quid
845 500 908 534 est
923 524 934 545 ,
965 508 986 531 «
1000 488 1238 535 Benedicat
1255 505 1348 534 nos.
1373 508 1393 531 »
1412 489 1562 534 Multis
1583 488 1725 533 modis
1747 504 1791 533 se

403 563 560 608 volunt
584 563 782 606 homines
809 558 1008 605 benedici
1031 576 1054 604 a
1075 562 1166 604 Deo
1193 579 1203 605 :
1235 560 1345 605 alius
1378 559 1578 604 benedici
1599 575 1643 603 se
1664 558 1759 604 vult
1777 594 1788 615 ,

404 643 456 679 ut
486 634 646 678 habeat
679 631 853 693 plenam
888 630 1067 676 domum
1100 632 1348 675 necessariis
1385 631 1515 674 rebus
1534 630 1638 674 huic
1659 629 1759 674 vitae
1778 651 1790 687 3

408 704 517 749 alius
538 702 738 748 benedici
759 718 803 747 se
826 702 969 762 cupit,
992 710 1042 746 ut
1069 701 1265 746 obtineat
1283 700 1467 746 salutem
1490 701 1681 761 corporis
1703 700 1794 744 sine

407 775 504 819 labe
525 795 537 833 3
563 773 670 818 alius
692 772 896 817 benedici
917 788 962 817 50
980 771 1078 817 vult
1092 807 1104 828 ,
1129 772 1164 816 si
1188 770 1300 817 forte
1323 781 1504 831 aegrotat
1518 807 1529 827 ,
1553 780 1605 816 ut
1626 779 1795 831 reparet

407 847 658 896 sanitatem3
698 843 806 888 alius
836 842 1082 888 desiderans
1120 842 1230 888 filios
1247 878 1258 898 ,
1297 852 1342 887 ct
1376 841 1489 887 forte
1520 842 1796 887 contristatus

409 915 533 977 quod
554 931 644 960 non
665 923 914 970 nascantur,
933 912 1133 958 benedici
1154 929 1199 957 se
1216 912 1314 958 vult
1330 923 1380 957 ut
1398 913 1555 958 habeat
1575 913 1797 974 posterita-

412 996 517 1031 tem.
537 988 595 1030 Et
612 985 708 1045 quis
729 993 954 1029 enumeret
971 985 1137 1028 diversa
1149 992 1251 1028 vota
1262 983 1490 1028 hominum
1506 998 1550 1027 se
1565 999 1589 1027 a
1611 983 1796 1028 Domino

408 1060 500 1102 Deo
521 1055 722 1100 benedici
745 1054 1048 1115 cupientium?
1069 1054 1175 1108 Quis
1199 1063 1344 1098 autem
1371 1063 1568 1098 nostrum
1602 1054 1798 1098 dicturus

408 1137 473 1171 est
505 1143 594 1172 non
625 1142 715 1171 esse
745 1125 867 1170 illam
888 1126 965 1170 Dei
988 1124 1338 1170 benedictionem
1357 1160 1368 1180 ,
1390 1126 1422 1169 si
1443 1124 1513 1169 vel
1535 1125 1797 1183 agricultura

407 1198 446 1241 ei
473 1196 667 1242 fructum
689 1196 800 1241 ferat
815 1232 826 1251 ,
851 1195 921 1241 vel
943 1195 1099 1240 domus
1127 1197 1336 1256 cujusque
1359 1195 1556 1240 abundet
1579 1196 1702 1254 copia
1726 1210 1798 1239 re-

406 1283 504 1311 rum
527 1267 857 1326 temporalium,
883 1265 953 1310 vel
969 1266 1061 1325 ipsa
1079 1266 1269 1324 corporis
1295 1264 1409 1309 salus
1431 1274 1506 1309 aut
1523 1274 1723 1309 teneatur
1741 1280 1798 1309 ne

407 1339 647 1392 amittatur,
666 1346 740 1381 aut
762 1337 913 1380 amissa
929 1345 1154 1395 reparetur
1167 1337 1184 1379 Ρ
1196 1335 1483 1379 Foccunditas
1501 1336 1630 1379 etiam
1653 1334 1803 1379 foemi-

407 1424 566 1454 narum
581 1444 592 1462 ‚
609 1416 652 1452 et
667 1417 785 1452 casta
800 1417 901 1451 vota
923 1406 1035 1450 filios
1053 1405 1392 1450 desiderantium
1404 1441 1414 1461 ,
1440 1405 1496 1450 ad
1516 1421 1646 1466 quern
1665 1406 1801 1466 perti-

408 1488 516 1523 nent
543 1479 624 1522 nisi
654 1477 710 1522 ad
726 1478 962 1522 Dominum
983 1478 1154 1521 Deum?
1175 1477 1260 1529 Qui
1288 1477 1405 1520 enim
1436 1477 1596 1521 creavit
1624 1476 1802 1536 quando

407 1565 498 1594 non
516 1557 607 1592 erat
626 1583 637 1603 ,
663 1548 753 1607 ipse
776 1546 910 1607 prolis
933 1561 1133 1590 successu
1151 1545 1254 1590 facit
1273 1562 1530 1605 permanere
1551 1546 1672 1606 quod
1694 1562 1802 1591 con-

409 1620 536 1665 didit.
564 1620 685 1663 Facit
708 1620 803 1663 haec
822 1622 936 1663 Deus
954 1653 965 1674 ,
990 1617 1125 1661 donat
1136 1618 1232 1661 haec
1260 1621 1387 1661 Deus.
1413 1621 1573 1661 Parum
1594 1627 1657 1661 est
1676 1618 1804 1662 nobis

412 1690 556 1735 dicere
584 1709 593 1734 :
614 1689 736 1733 Facit
752 1690 846 1732 haec
863 1691 976 1732 Deus
997 1722 1007 1743 ,
1032 1687 1168 1731 donat
1187 1688 1282 1731 haec
1302 1690 1441 1745 Deus3
1457 1686 1534 1731 sed
1546 1687 1661 1732 solus
1675 1687 1800 1744 facit,

411 1760 527 1805 solus
550 1759 700 1804 donat.
727 1758 841 1812 Quid
863 1759 897 1802 si.
919 1759 1036 1802 enim
1064 1756 1167 1802 facit
1195 1757 1290 1801 haec
1313 1761 1428 1801 Deus
1444 1792 1455 1812 ‚
1481 1757 1558 1801 sed
1575 1757 1679 1802 facit
1709 1758 1804 1803 haec

411 1839 456 1874 et
487 1829 643 1890 aliquis
671 1844 762 1873 non
796 1829 940 1872 Deus?
974 1828 1096 1872 Facit
1128 1827 1247 1882 haec,
1281 1837 1324 1871 et
1352 1826 1468 1872 solus
1488 1826 1606 1871 facit.
1633 1830 1690 1872 Et
1713 1828 1804 1872 sine

411 1916 538 1945 causa
558 1901 640 1944 ista
661 1908 873 1960 petuntur
886 1898 957 1943 vel
979 1898 1034 1942 ab
1052 1898 1303 1942 hominibus
1320 1933 1332 1953 ,
1356 1897 1428 1943 vel
1448 1914 1472 1943 a
1495 1898 1768 1943 daemonibus
1789 1919 1799 1944 ε

413 1981 457 2016 01
479 1987 665 2032 quaeque
684 1971 802 2016 bona
819 1970 1038 2029 accipiunt
1057 1969 1221 2013 inimici
1243 1969 1343 2024 Dei,
1368 1969 1425 2013 ab
1454 1968 1531 2014 illo
1554 1970 1801 2029 accipiunt3

413 2052 458 2086 et
477 2058 577 2086 cum
602 2042 655 2086 ab
678 2041 769 2086 aliis
790 2049 946 2100 petunt
961 2075 972 2095 ,
1003 2054 1104 2084 cum
1127 2039 1345 2098 accipiunt
1359 2073 1370 2094 ,
1396 2041 1634 2083 nescientes
1651 2040 1706 2084 ab
1727 2039 1804 2085 illo

416 2114 649 2173 accipiunt.
674 2111 905 2166 Quomodo
927 2127 1029 2156 cum
1046 2112 1306 2171 puniuntur,
1333 2120 1376 2154 et
1391 2120 1550 2170 putant
1570 2126 1614 2155 se
1633 2111 1689 2155 ab
1711 2110 1804 2156 aliis

414 2185 562 2244 puniri
585 2219 595 2238 ,
621 2184 862 2228 nescientes
880 2183 936 2227 ab
954 2182 1030 2226 illo
1052 2182 1300 2241 puniuntur
1326 2200 1336 2225 ε
1359 2181 1418 2225 510
1435 2191 1477 2225 01
1489 2197 1589 2225 011111
1602 2191 1805 2241 vegetan-

416 2263 504 2308 tur,
530 2253 782 2312 implentur,
808 2252 1044 2306 salvantur,
1061 2252 1319 2306 liberantur,
1336 2260 1379 2295 et
1400 2252 1434 2295 si
1450 2252 1533 2295 hoc
1548 2252 1800 2307 nescientes,

417 2325 488 2368 vel
518 2324 768 2368 hominibus
790 2324 859 2367 vel
882 2323 1152 2366 daemonibus
1173 2322 1240 2365 vel
1263 2321 1438 2380 Angelis
1461 2322 1687 2375 tribuunt,
1713 2338 1804 2367 non

416 2395 581 2438 habent
599 2395 689 2438 nisi.
703 2394 758 2437 ab
781 2393 876 2437 illos
905 2409 1036 2452 penes
1059 2407 1190 2452 quem
1205 2401 1394 2451 potestas
1416 2401 1479 2436 est
1501 2392 1712 2436 omnium.
1734 2391 1803 2436 Ad

420 2465 504 2508 1100
525 2463 757 2508 dixerimus
772 2464 887 2518 hoee,
910 2464 1060 2506 fratres
1078 2498 1087 2517 ,
1114 2472 1162 2506 111
1185 2462 1378 2522 quisquis
1393 2462 1519 2506 ctiam
1537 2462 1614 2507 ista
1633 2471 1801 2508 terrena

469 2557 474 2572 1
500 2549 580 2580 115111.
600 2560 684 2589 vax,
710 2559 739 2580 2.

1882 1222 1889 1249 κῆ
1881 1152 1889 1179 m
1880 1081 1889 1105 «ι
1879 995 1889 1038 mn
1879 939 1889 967 ι»-

1884 1798 1889 1817 fv
1883 1719 1889 1762 ...-
1882 1631 1889 1676 1-‚i
1882 1578 1889 1605 „2-
1883 1491 1889 1534 μ,-
1882 1420 1887 1463 »-.-
1881 1365 1887 1392 .,,
1881 1293 1889 1320 n:
