1889 3285
418 277 661 309 smirnii-1⁸10
692 282 738 309 m
768 279 972 310 PsALMuu
1002 281 1159 311 Lxxm.
1385 266 1472 309 475

21 340 24 349 ²
88 359 160 390 ma
180 343 387 390 Ecclesia.
412 347 470 389 Et
490 345 656 390 dictum
682 356 774 392 erat
793 350 923 392 Petro
943 345 999 391 de
1019 346 1257 392 Gentibus:
1275 363 1297 389 «
1329 348 1473 391 Macta

23 462 25 466 Α
90 435 111 458 »
136 424 181 459 et
202 415 418 459 manduca
431 417 463 459 ¹.
482 416 638 469 »Quid
659 426 721 460 est
734 452 744 472 ,
769 435 789 459 «
808 419 951 461 Macta
965 425 1009 460 et
1022 415 1263 460 manduca?
1276 434 1297 458 n
1312 415 1473 460 Occide

86 484 207 546 quod
228 494 351 540 sunt,
376 494 420 529 et
440 484 508 530 fac
530 486 652 545 quod
680 501 739 531 es.
767 489 879 541 Hac,
909 505 930 528 «
953 489 1096 531 Macta
1116 494 1160 529 et
1183 484 1420 544 manduca3
1445 502 1467 527 υ

16 551 18 554 ’
84 557 192 612 hac,
218 556 479 601 Comminue
500 566 542 600 et
572 557 675 601 bibe
696 577 705 602 :
724 566 959 617 utrumque
987 565 1133 600 tamen
1154 556 1200 600 in
1227 555 1381 601 eodem
1401 571 1472 601 sa-

85 635 309 672 cramento
325 646 336 684 3
352 626 453 686 quia
476 627 704 686 oportebat
718 627 886 688 utique,
902 636 946 671 et
957 626 1048 671 sine
1062 626 1334 671 dubitatione
1347 642 1473 686 opor-

16 711 20 758 ᾗ
84 698 228 753 tebat‚
253 707 304 742 ut
325 713 481 758 corpus
505 699 625 759 quod
647 707 738 742 erat
760 697 947 754 diaboli,
972 696 1190 742 credendo
1207 697 1407 742 transiret
1426 699 1473 742 in

18 760 23 774 ⁹
84 783 240 828 corpus
264 768 438 813 Christi.
470 768 538 813 Sic
559 767 760 813 diabolus
788 769 1061 813 consumitur
1081 767 1242 812 amissis
1264 767 1471 812 membris

83 839 185 883 suis.
202 841 296 883 Hoc
313 839 545 897 figuratum
561 847 624 883 est
641 840 741 883 etin
763 848 961 898 serpente
975 838 1132 896 Moysi.
1147 840 1256 882 Nam
1274 836 1472 882 fecerunt

83 909 197 966 magi
221 908 438 963 similiter,
469 908 759 968 projectisque
786 908 915 966 virgis
936 908 1022 952 suis
1050 908 1342 952 exhibuerunt
1368 907 1470 952 dra—

81 993 213 1023 cones
234 998 242 1023 :
264 978 339 1022 sed
359 978 491 1023 draco
512 979 652 1036 Moysi
675 979 872 1023 omnium
889 978 1065 1022 illorum
1082 993 1309 1037 magorum
1331 977 1471 1035 virgas

82 1048 310 1093 absorbuit
324 1050 356 1094 2.
382 1048 657 1107 Intelligatur
674 1064 776 1107 ergo
794 1057 836 1092 et
853 1047 984 1093 modo
1001 1063 1156 1107 corpus
1173 1046 1337 1091 diaboli
1359 1066 1367 1091 :
1386 1047 1471 1092 hoc

80 1119 156 1171 fit;
176 1119 410 1163 devoratur
423 1135 446 1163 a
468 1119 681 1164 Gentibus
694 1135 794 1179 quae
815 1118 1116 1173 crediderunt,
1132 1118 1273 1161 factus
1295 1126 1359 1161 est
1375 1132 1470 1161 esca

80 1188 252 1249 populis
273 1190 567 1248 AEthiopibus.
595 1188 712 1233 Illud
742 1204 919 1249 quoque
940 1188 1125 1246 intelligi
1145 1196 1317 1247 potest:
1342 1206 1359 1227 «
1386 1190 1471 1232 De·

15 1267 18 1324 ss
84 1277 105 1301 »
140 1260 239 1304 disti
260 1275 360 1303 eum
382 1275 522 1304 escam
547 1259 719 1319 populis
736 1259 1037 1318 AEthiopibus,
1064 1277 1085 1299 n
1107 1258 1210 1319 quia
1230 1273 1348 1302 nunc
1365 1273 1467 1302 eum

15 1387 17 1390 Α
80 1345 230 1375 omnes
250 1330 468 1374 mordent.
490 1330 607 1383 Quid
624 1329 927 1373 estmordenti’
950 1327 1348 1387 Reprehendendo,
1373 1327 1468 1372 cul-

15 1406 17 1426 ³
80 1400 248 1461 pando,
274 1400 532 1444 accusando.
557 1399 784 1452 Quomodo
809 1398 973 1444 dictum
998 1408 1082 1454 est,
1107 1399 1152 1442 in
1174 1398 1468 1458 prohibitione

14 1486 17 1534 j
81 1470 280 1531 quidem,
304 1470 378 1514 sed
403 1479 549 1514 tamen
573 1484 819 1528 expressum
848 1488 858 1514 ε
886 1488 907 1511 «
941 1469 984 1514 Si
1012 1477 1158 1512 autem
1192 1467 1398 1513 mordetis
1425 1477 1469 1512 et

14 1540 17 1586 Ῐ
83 1559 104 1583 »
139 1540 366 1586 comeditis
402 1541 613 1594 invicem,
649 1539 791 1584 videte
828 1554 883 1582 ne
924 1538 979 1582 ab
1016 1539 1202 1582 invicem
1239 1553 1470 1582 consuma-

12 1622 16 1663 ᾗ
83 1628 105 1653 »
138 1611 291 1656 miniss.
321 1629 341 1652 »
367 1609 484 1664 Quid
506 1619 591 1664 est,
620 1628 640 1651 «
660 1607 868 1654 Mordetis
895 1617 938 1652 et
955 1607 1181 1652 comeditis
1201 1607 1417 1652 invicem?
1444 1626 1464 1649 »

10 1667 16 1695 ⁵
81 1681 275 1740 Litigatis
293 1697 394 1725 cum
417 1681 626 1734 invicem,
652 1678 878 1723 detrahitis
899 1678 1107 1732 invicem,
1132 1678 1365 1737 opprobria
1387 1678 1468 1722 ob-

10 1773 15 1816 3
75 1753 207 1814 jicitis
229 1753 429 1796 invicem.
450 1750 674 1796 Attendite
691 1765 794 1809 ergo
811 1764 929 1793 nunc
945 1749 1012 1793 his
1030 1749 1245 1793 morsibus
1270 1749 1468 1793 consumi

9 1821 15 1848 ²
81 1823 324 1868 diabolum.
357 1823 463 1876 Quis
495 1837 585 1866 non
619 1822 754 1866 iratus
790 1835 913 1865 servo
951 1835 1056 1875 suo,
1087 1820 1215 1864 etiam
1248 1835 1465 1879 paganus,

11 1935 12 1942 ,
81 1892 198 1938 dicat
224 1892 312 1938 illi:
332 1894 533 1939 Satanas?
555 1892 665 1936 Vide
687 1890 913 1936 diabolum
933 1889 1086 1934 datum
1115 1890 1162 1934 in
1190 1905 1346 1934 escam.
1374 1892 1468 1935 Hoc

8 2000 13 2022 Ι.
83 1963 188 2008 dicit
204 1963 494 2018 Christianus,
519 1962 603 2007 hoc
625 1961 731 2006 dicit
752 1965 949 2020 Paganus
965 1980 974 2006 ;
990 1961 1131 2020 ipsum
1153 1959 1325 2017 adorat,
1349 1969 1394 2005 et
1414 1959 1469 2005 de

7 2054 13 2100 ιΙ
82 2035 176 2095 ipso
192 2033 428 2078 maledicit.

136 2108 279 2151 XVII.
300 2104 535 2149 Videamus
557 2119 660 2163 ergo
682 2102 862 2164 reliqua.
889 2106 1081 2158 Fratres,
1102 2101 1305 2157 obsecro,
1321 2101 1468 2146 inten-

7 2223 10 2229 ,
83 2177 207 2235 dite}
233 2192 334 2221 cum
350 2192 507 2235 magna
522 2174 745 2234 voluptate
767 2175 1026 2229 audiuntur,
1047 2174 1150 2234 quia
1171 2172 1320 2218 audita
1337 2173 1468 2217 etiam

7 2266 11 2280 ‹
83 2248 130 2292 in
151 2248 257 2292 orbe
275 2256 487 2291 terrarum
509 2254 845 2305 cognoscuntur.
867 2247 971 2289 Haec
993 2243 1168 2304 quando
1186 2242 1466 2299 dicebantur,

8 2357 11 2367 Α
80 2336 171 2365 non
188 2318 387 2376 fuerunt3
402 2319 503 2378 quia
518 2328 623 2362 tunc
641 2317 1025 2377 promittebantur,
1039 2332 1129 2361 non
1141 2316 1438 2361 reddebantur
1455 2334 1465 2360 z

7 2390 11 2401 ³
79 2406 199 2435 nunc
231 2404 334 2434 vero
367 2405 452 2449 qua
482 2387 708 2448 voluptate
735 2388 971 2441 afficimur,
1011 2401 1108 2431 cum
1141 2402 1192 2431 ea
1224 2402 1323 2446 quae
1357 2401 1470 2445 prae-

6 2505 11 2508 .
32 2462 35 2463 ⁷
79 2460 194 2506 dicta
220 2459 406 2519 legimus
430 2460 476 2502 in
502 2457 640 2513 libro,
661 2457 868 2518 compleri
896 2456 1094 2501 videmus
1115 2457 1161 2501 in
1182 2455 1370 2500 mundo!
1392 2455 1469 2499 Vi-

9 2542 10 2546 ’
79 2531 258 2575 deamus
285 2528 394 2589 quid
422 2527 596 2584 fecerit,
627 2544 758 2589 quem
783 2529 874 2588 jam
908 2526 1109 2585 intelligit
1141 2527 1311 2586 Asaph,
1347 2524 1468 2585 quod

130 2621 139 2636 ¹
163 2616 279 2654 Act.x‚
304 2614 353 2646 13.
374 2630 416 2636 —-—
437 2620 449 2636 2
469 2613 643 2655 Exod.v11‚
668 2621 717 2644 12.
739 2629 779 2634 —
804 2610 903 2644 3Gal.
925 2622 957 2652 v,
978 2611 1028 2644 15.
