1889 3285
328 235 568 266 ENARRAno
600 238 633 263 11
664 238 708 264 m
742 235 944 265 PsALMUM
976 238 1081 277 Lxx,
1116 237 1254 268 SERMO
1285 242 1333 267 11.
1428 229 1512 270 405

118 301 292 347 fructus
325 311 454 357 esset,
490 302 588 346 ideo
610 301 669 346 sic
688 311 840 347 vocata
864 312 927 347 est
942 338 953 358 ,
987 303 1088 363 quia
1111 305 1243 349 homo
1279 305 1356 365 qui
1377 305 1514 351 nollet

119 373 287 417 bonum
324 362 494 417 amalo
527 371 770 417 discernere
803 388 879 432 per
913 383 1208 433 praeceptum,
1247 374 1510 422 discreturus

120 452 211 487 erat
232 443 577 503 experimentum
594 463 604 501 3
628 451 679 486 ut
699 442 918 501 tangendo
941 443 1145 500 vetitum,
1169 445 1383 490 inveniret
1404 463 1485 507 sup

117 513 312 573 plicium.
329 516 472 567 Quare
486 523 632 558 autem
649 515 805 572 tetigit,
826 515 978 559 fratres
997 514 1107 558 mei?
1126 515 1243 568 Quid
1257 515 1318 560 illi
1335 516 1506 564 deerat?

117 585 296 628 Dicatur
323 585 455 640 mihi,
485 584 592 646 quid
619 584 681 629 illi
703 585 851 629 deerat
870 585 916 628 in
947 583 1146 644 paradiso
1171 587 1432 643 constituto,
1461 589 1507 633 in

117 655 259 700 media
277 655 499 715 opulentia
523 691 533 710 ‚
559 655 799 716 mediisque
828 654 1013 710 deliciis,
1039 656 1109 700 cui
1141 671 1309 714 magnae
1339 657 1506 702 deliciae

115 735 239 770 erant
259 726 351 786 ipsa
372 727 479 771 visio
499 726 598 782 Dei,
619 728 741 786 cnjus
763 724 918 770 faciem
932 726 1055 787 quasi
1071 726 1236 772 inimici
1255 728 1397 772 timuit
1409 739 1507 788 post

114 799 370 856 peccatum?
392 796 504 851 Quid
536 797 598 841 illi
633 796 807 853 deerat,
839 806 889 842 ut
920 807 1144 857 tangeret,
1181 799 1262 843 nisi
1289 800 1392 860 quia
1429 815 1505 845 sua

113 877 326 927 potestate
348 868 414 912 uti
450 867 616 923 voluit,
657 877 928 928 praeceptum
948 884 1151 929 rumpere
1177 869 1432 929 delectavit;
1456 880 1507 917 ut

112 937 236 983 nullo
265 938 347 982 sibi
369 938 622 983 dominante
646 940 771 983 fieret
789 939 901 984 sicut
929 942 1043 984 Deus
1061 975 1071 995 ‚
1103 932 1206 1000 quia
1239 944 1328 986 Deo
1358 940 1505 985 nullus

112 1007 264 1068 utique
292 1007 568 1054 dominatur?
591 1008 705 1054 Male
733 1025 890 1069 vagus,
921 1009 1034 1053 male
1056 1026 1322 1069 praesumens
1338 1046 1350 1066 ‚
1377 1010 1502 1055 sutu-

111 1093 184 1122 rus
207 1087 405 1122 mortuus
422 1114 432 1134 ,
469 1078 709 1124 recedendo
731 1096 755 1123 a
771 1080 838 1125 via
867 1080 1046 1139 justitiae
1068 1080 1076 1124 !
1103 1095 1202 1125 ecce
1236 1080 1365 1125 solvit
1385 1097 1500 1141 prae—

110 1157 313 1208 ceptum,
346 1150 530 1193 excussit
563 1165 587 1194 a
616 1150 782 1194 cervice
816 1151 970 1210 jugum
1011 1150 1277 1211 disciplinae,
1308 1151 1502 1196 habenas

109 1220 329 1279 regiminis
363 1221 576 1265 exaltante
611 1222 880 1266 animositate
910 1222 1120 1282 disrupit3
1152 1223 1230 1267 ubi
1261 1232 1325 1267 est
1356 1225 1504 1268 nunc?

108 1293 236 1336 Certe
268 1292 463 1351 captivus
499 1292 683 1338 clamat:
721 1312 741 1335 «
778 1293 983 1347 Domine,
1024 1295 1120 1353 quis
1161 1294 1308 1339 similis
1342 1295 1451 1339 tibi?
1475 1312 1496 1336 »

109 1361 239 1406 Volui
261 1377 349 1406 esse
370 1378 570 1422 perverse
591 1362 738 1407 similis
760 1362 862 1417 tibi,
888 1372 932 1407 et
961 1363 1101 1408 factus
1122 1380 1218 1409 sum
1250 1364 1397 1409 similis
1418 1380 1500 1424 pe-

106 1431 211 1476 cori.
236 1431 326 1476 Sub
345 1441 420 1476 tua
440 1431 761 1488 dominatione,
793 1432 876 1477 sub
893 1442 970 1477 tuo
992 1445 1212 1494 praecepto
1230 1450 1330 1479 vere
1351 1434 1500 1481 similis

106 1517 223 1546 eram
245 1521 254 1547 :
275 1501 350 1546 sed
373 1521 390 1546 «
414 1505 557 1546 Homo
574 1502 618 1546 in
641 1502 808 1547 honore
825 1503 990 1562 positus
1008 1517 1099 1547 non
1115 1503 1328 1548 intellexit
1342 1539 1354 1560 ,
1380 1520 1502 1549 com-

108 1591 129 1614 »
165 1582 340 1632 paratus
375 1582 439 1617 est
469 1573 680 1633 jumentis
714 1573 961 1627 insensatis,
1000 1582 1044 1617 et
1080 1573 1228 1617 similis
1261 1575 1402 1619 factus
1435 1585 1500 1621 est

106 1661 129 1685 »
162 1642 284 1687 illis1.
314 1661 335 1685 »
364 1646 461 1688 Jam
495 1643 550 1688 de
580 1643 863 1688 similitudine
886 1646 1188 1705 jumentorum
1211 1644 1349 1690 clama
1378 1661 1495 1703 sero,

105 1722 148 1758 et
169 1713 239 1757 dic
266 1731 275 1758 :
306 1732 325 1755 «
347 1717 459 1758 Deus
479 1749 489 1769 ‚
515 1714 612 1773 quis
633 1714 780 1758 similis
803 1714 915 1756 tibi?
940 1732 960 1753 »

162 1797 286 1838 VIII.
318 1813 338 1836 «
363 1796 557 1847 Quantas
580 1793 807 1838 ostendisti
822 1793 928 1837 mihi
951 1793 1257 1840 tribulationes
1278 1797 1436 1842 multas
1455 1807 1498 1843 et

107 1882 127 1906 »
161 1864 338 1909 malas²l
370 1884 390 1906 )›
416 1866 590 1919 Merito,
608 1864 795 1924 superbe
808 1879 944 1909 serve.
964 1863 1151 1909 Voluisti
1168 1866 1282 1910 enim
1299 1882 1498 1926 perverse

104 1951 194 1979 esse
216 1935 365 1979 similis
383 1935 571 1979 Domino
592 1944 685 1989 tuo,
710 1935 788 1994 qui
810 1934 951 1979 factus
975 1950 1065 1979 eras
1089 1934 1144 1980 ad
1160 1936 1394 1994 imaginem
1416 1941 1497 1983 Do-

103 2007 211 2050 mini
228 2007 308 2050 tui.
333 2009 449 2050 Bene
472 2006 551 2050 tibi
573 2005 705 2051 velles
727 2015 777 2050 ut
800 2015 910 2050 esset
931 2005 1152 2051 recedenti
1175 2007 1230 2051 ab
1252 2007 1327 2053 illo
1345 2009 1495 2055 bono?

103 2080 282 2121 Prorsus
304 2077 411 2121 dicit
437 2077 518 2121 tibi
534 2082 643 2121 Deus
670 2094 678 2119 ε
708 2077 751 2122 Si
773 2077 936 2121 recedis
959 2093 983 2121 a
1005 2093 1091 2133 me,
1117 2087 1161 2122 et
1181 2078 1294 2123 bene
1315 2088 1378 2124 est
1394 2080 1492 2137 tibi,

103 2163 182 2205 ego
203 2163 291 2192 non
308 2164 404 2192 sum
426 2149 593 2192 bonum
617 2157 758 2192 tuum.
786 2148 973 2193 Proinde
990 2149 1024 2193 si
1040 2148 1113 2193 ille
1131 2150 1290 2206 bonus,
1307 2160 1351 2195 et
1368 2167 1491 2197 sume

101 2219 259 2272 bonus,
286 2228 330 2263 et
354 2219 409 2262 de
430 2234 473 2263 se
497 2219 577 2263 sibi
599 2219 740 2264 bonus
756 2255 766 2275 ‚
799 2229 842 2264 et
869 2218 992 2264 nullo
1026 2219 1167 2265 alieno
1190 2221 1308 2267 bono
1331 2223 1490 2276 bonus,

103 2298 146 2332 et
171 2289 260 2347 ipse
283 2297 478 2332 nostrum
504 2304 725 2333 summum
761 2289 954 2347 bonum3
985 2289 1230 2336 recedendo
1246 2291 1364 2348 inde,
1389 2293 1496 2352 quid

103 2360 199 2414 eris,
226 2359 306 2402 nisi
330 2358 497 2403 malus?
520 2363 630 2404 Item
645 2395 660 2415 ,
687 2361 722 2404 si
742 2361 834 2420 ipse
862 2371 925 2405 est
944 2362 1170 2407 beatitudo
1193 2372 1359 2417 nostra,
1387 2363 1494 2423 quid

102 2429 182 2473 erit
202 2428 442 2484 recedenti,
468 2429 550 2474 nisi
574 2431 770 2476 miseria?
799 2431 910 2476 Redi
940 2447 1044 2492 ergo
1066 2442 1162 2493 post
1193 2433 1424 2488 miseriam,
1448 2441 1491 2478 et

151 2543 159 2561 ¹
183 2537 262 2569 Psal.
288 2548 396 2579 uviri,
417 2536 466 2571 13.
494 2555 533 2562 --
556 2539 630 2571 21d.
652 2550 725 2582 Lxx,
753 2548 806 2572 20.
