1889 3285
382 235 621 263 ENARRA'HO
655 237 697 261 m
732 235 933 262 rsAmicn
969 238 1101 262 Lxxu.
1352 225 1434 263 44¹3

57 299 1436 354 nonchxst‚«Nefflfivstrmus:»n0n‹hxn,«Non‹sstsmenua

59 389 80 412 »
114 372 158 414 in
178 370 396 414 Altissimo
413 388 422 414 ς
442 388 461 410 >1
489 369 563 412 scd
580 369 701 428 quasi
716 385 914 429 quaerens
930 405 940 424 ,
965 370 1188 426 haesitans,
1214 370 1434 416 dubitans.

57 444 150 485 Hoc
172 450 235 484 est
259 439 380 500 quod
410 439 470 483 ait
493 438 623 498 paulo
647 448 768 494 ante,
796 458 815 481 «
852 443 966 483 Pene
994 440 1120 483 effusi
1149 450 1251 484 sunt
1273 457 1439 500 gressus

57 529 78 552 »
114 511 212 554 mei.
248 508 480 563 Quomodo
508 509 631 553 scivit
659 516 790 564 Deus,
821 518 864 553 et
898 510 933 553 si
953 519 1016 553 est
1038 510 1212 554 scientia
1239 512 1284 554 in
1306 511 1441 556 Altis-

60 598 81 622 »
115 581 253 624 simo?
285 598 305 620 »
341 582 439 624 Non
466 581 715 635 confirmat,
740 580 816 624 sed
836 580 926 640 ipsa
958 579 1173 624 dubitatio
1203 582 1443 640 periculosa

56 659 134 694 est.
167 654 248 694 Per
267 649 511 709 periculum
533 650 687 694 transit
708 649 763 693 ad
794 651 1036 694 sanitatem.
1066 651 1182 695 Audi
1205 653 1292 710 jam
1324 654 1438 696 sani-

57 729 190 765 tatem
211 739 219 764 :
245 722 386 779 «Ergo
402 720 449 763 in
469 735 630 764 vanum
643 720 874 779 justificavi
896 736 969 765 cor
985 735 1154 776 meum,
1173 730 1216 764 et
1231 720 1318 765 lavi
1331 722 1443 766 inter

57 808 79 832 »
114 790 365 834 innocentes
395 804 548 833 manus
577 805 689 834 meas
708 809 717 834 :
736 799 778 834 et
806 789 871 834 fui
891 790 1131 848 flagellatus
1162 800 1253 835 tota
1276 791 1368 847 die,
1400 802 1444 836 et

59 877 81 902 »
116 860 285 919 argutio
317 874 413 904 mea
437 862 484 904 in
503 861 783 904 matutinum.
820 879 840 902 »
877 862 1081 919 Argutio,
1114 862 1328 922 correptio
1362 873 1440 908 est.

58 931 140 984 Qui
171 931 390 990 arguitur,
424 931 671 989 corripitur.
698 931 817 984 Quid
844 941 933 987 est,
963 951 983 974 «
1019 935 1071 975 In
1094 933 1385 977 matutinum?
1419 951 1440 974 n

56 1003 156 1046 Non
188 1000 404 1045 differtur.
444 1001 654 1045 Differtur
683 1001 942 1061 impiorum,
973 1017 1070 1046 mea
1101 1018 1191 1047 non
1213 1003 1442 1048 dissertur:

59 1070 133 1115 illa
154 1087 267 1126 scra,
296 1070 367 1115 vel
389 1070 510 1115 nulla
542 1081 627 1128 θεῖ,
652 1086 746 1115 rnea
768 1072 811 1115 in
834 1072 1115 1116 matutinum.
1146 1092 1166 1115 «
1192 1076 1248 1116 Et
1271 1072 1335 1117 fui
1365 1074 1445 1118 fla-

62 1160 82 1183 »
119 1141 300 1200 gellatus
321 1151 413 1185 tota
434 1142 504 1185 die
519 1177 530 1197 ,
556 1151 599 1185 et
620 1143 787 1199 argutio
805 1157 900 1185 mea
917 1143 962 1186 in
984 1143 1294 1187 matutinum.»

117 1214 240 1256 XXI.
271 1232 291 1254 «
315 1213 358 1256 Si
374 1212 574 1256 dicebam
594 1213 811 1256 :Narrabo
833 1213 891 1257 sic
906 1215 918 1239 ¹
941 1232 949 1257 :
974 1231 994 1254 »
1015 1212 1062 1257 id
1083 1222 1162 1269 θεῖ,
1184 1213 1352 1259 docebo
1370 1216 1443 1259 sic.

60 1283 288 1336 Quomodo
316 1282 549 1328 docturus?
572 1283 680 1336 Quia
708 1299 798 1327 non
828 1293 892 1328 est
923 1285 1098 1329 scientia
1126 1287 1172 1328 in
1200 1284 1442 1341 Altissimo‚

59 1354 161 1413 quia
192 1369 282 1397 non
311 1353 390 1397 scit
410 1355 545 1396 Deus?
572 1355 695 1397 Hanc
723 1355 977 1398 sententiam
1013 1354 1076 1398 vis
1098 1354 1314 1414 proferre,
1345 1356 1448 1416 quia

59 1424 149 1468 sine
177 1439 304 1468 causa
333 1425 449 1482 juste
480 1424 655 1478 vivunt,
686 1423 762 1483 qui
779 1425 893 1484 juste
914 1425 1089 1479 vivunt,
1122 1425 1223 1485 quia
1258 1425 1449 1485 perdidit

58 1495 190 1538 homo
201 1496 344 1554 justus
357 1494 608 1538 servitutem
621 1509 742 1538 suam
754 1529 765 1549 ,
785 1495 888 1554 quia
905 1496 1036 1553 magis
1050 1501 1160 1539 Deus
1174 1496 1297 1540 malis
1311 1496 1444 1552 favet,

59 1573 135 1608 aut
154 1564 372 1608 neminem
395 1566 548 1608 curat?
568 1567 662 1608 Hoc
683 1564 746 1608 vis
763 1565 928 1620 dicere,
952 1565 1036 1609 hoc
1065 1568 1267 1609 narrare?
1290 1568 1448 1626 Repri-

57 1634 138 1678 mit
167 1649 212 1678 se
245 1634 503 1679 auctoritate
542 1644 859 1693 compescente.
901 1637 996 1687 Qua
1027 1636 1309 1680 auctoritate?
1342 1637 1450 1681 Vult

57 1704 191 1748 homo
213 1702 449 1764 aliquando
466 1718 694 1762 erumpere
711 1704 758 1746 in
778 1703 904 1747 istam
923 1706 1183 1749 sententiam
1202 1725 1209 1750 :
1227 1707 1302 1750 sed
1325 1722 1451 1751 revo-

59 1783 180 1819 catur
199 1773 430 1832 Scripturis
449 1772 696 1817 dicentibus
713 1782 761 1816 ut
779 1789 948 1833 semper
962 1774 1075 1818 bene
1092 1775 1286 1831 vivatur,
1309 1776 1452 1820 dicen-

59 1844 176 1888 tibus
204 1843 306 1903 quia
333 1846 448 1887 Deus
473 1851 597 1886 curat
623 1858 687 1886 res
716 1843 949 1898 humanas,
981 1844 1084 1903 quia
1114 1843 1320 1890 discernit
1339 1846 1452 1891 inter

58 1915 181 1975 pium
214 1923 258 1958 et
278 1914 477 1973 impium.
512 1917 629 1972 Ergo
651 1923 694 1957 et
715 1914 793 1957 iste
821 1913 971 1958 volens
988 1916 1078 1974 jam
1100 1915 1223 1959 istam
1254 1915 1448 1976 proferre

59 1983 345 2040 sententiam,
369 1993 543 2028 revocat
569 1999 628 2027 εθ.
655 1986 712 2027 Εῖ
732 1984 842 2044 quid
863 1984 947 2028 ait?
977 2003 997 2026 «
1029 1985 1071 2029 Si
1093 1984 1292 2030 dicebam
1314 1990 1449 2032 :Nar-

62 2073 83 2096 »
119 2055 226 2098 rabo
238 2055 318 2112 sic3
331 2069 429 2098 ecce
444 2053 765 2113 generationem
778 2052 968 2098 filiorum
981 2064 1157 2099 tuorum
1169 2057 1444 2117 reprobavi.»

62 2125 310 2184 Reprobavi
347 2125 668 2183 generationem
705 2124 895 2168 filiorum
939 2133 1141 2180 tuorum,
1187 2127 1221 2170 si
1262 2128 1449 2173 narrabo

63 2197 122 2242 sic
152 2215 161 2239 ε
191 2194 514 2254 generationem
548 2196 767 2255 justorum
800 2195 1058 2254 reprobabo.
1093 2196 1214 2242 Sicut
1245 2208 1288 2243 et
1322 2216 1447 2260 quae-

65 2265 167 2310 dam
217 2263 712 2324 habentexemplaria:
748 2284 768 2306 «
801 2267 913 2309 Ecce
953 2267 1219 2323 generationi
1258 2268 1449 2314 filiorum

68 2335 1450 2391 »inmumcmcmmmm2»mem,mflfiffinmnwmmmcmb

67 2405 270 2452 cinui?id
287 2415 371 2462 est,
393 2406 464 2450 cui
485 2406 682 2465 congrui,
698 2406 769 2450 cui
792 2406 1143 2452 accommodatus
1164 2411 1286 2453 sum?
1307 2411 1449 2455 Disso-

116 2523 125 2540 ί
148 2516 226 2549 Psal.
248 2526 346 2556 tun,
370 2515 421 2547 15.

257 2592 377 2621 cxvi.
1214 2586 1264 2623 *235
