1889 3285
418 270 501 310 362
834 276 868 307 s.
905 274 1135 307 ,inausa-nn
1167 278 1349 307 muscom

418 365 439 388 »
474 358 635 404 egenus
657 353 700 388 et
711 356 890 404 pauper.
910 346 1114 387 »Donata
1131 352 1231 387 sunt
1241 342 1349 387 mihi
1364 350 1563 403 peccata3
1573 343 1665 402 jam
1683 342 1798 402 coepi

415 416 538 476 sequi
558 424 776 475 praecepta
798 414 875 458 Dei
895 432 905 458 ι
931 412 1074 457 adhuc
1088 422 1233 457 tamen
1247 428 1407 471 egenus
1422 421 1465 457 et
1479 428 1658 472 pauper.
1672 411 1798 457 Unde

417 484 561 532 adhuc
598 499 760 543 egenus
788 493 832 528 et
857 485 1048 543 pauper?
1073 502 1093 525 «
1120 484 1230 536 Quia
1264 483 1391 527 video
1428 483 1555 527 aliam
1584 482 1724 542 legem
1752 482 1799 526 in

418 574 440 598 »
474 555 679 600 membris
696 556 800 599 meis
822 561 1136 613 repugnantem
1158 553 1243 611 legi
1263 555 1418 597 mentis
1439 567 1548 597 meae
1568 555 1597 596 ¹.
1621 570 1642 594 »
1675 551 1799 597 Unde

415 641 578 687 egenus
609 634 652 669 et
688 626 883 685 pauper?
905 623 1015 678 Quia
1037 657 1047 678 ,
1076 624 1232 667 «Beati
1264 623 1341 683 qui
1370 623 1568 667 esuriunt
1584 630 1628 666 et
1648 622 1801 666 sitiunt

419 715 440 739 »
471 696 721 757 justitiam2.
751 713 771 736 »
795 694 951 739 Adhuc
970 693 1110 737 esurio
1131 728 1141 748 ‚
1168 692 1311 737 adhuc
1330 693 1428 738 sitio
1454 713 1463 738 ε
1488 693 1685 737 saturitas
1705 707 1801 736 mea

417 767 549 812 dilata
574 776 653 821 est,
669 782 756 810 non
781 765 939 810 ablata.
959 767 1090 824 «Ego
1108 779 1210 808 vero
1233 779 1394 822 egenus
1411 773 1454 808 et
1470 766 1798 823 pauper-,Deus‚

419 856 440 880 »
477 837 633 898 adjuva
653 852 738 880 me.
769 854 788 877 »
811 835 936 880 Unde
950 835 1106 895 coepit,
1131 854 1152 877 «
1176 838 1290 878 Deus
1311 835 1356 878 in
1378 834 1643 895 adjutorium
1655 848 1803 877 meum

420 926 441 950 »
476 907 654 952 intende
680 927 689 952 ι
707 910 837 961 Deus,
857 905 1013 966 adjuva
1027 921 1142 949 me.»
1165 905 1417 949 Rectissime
1439 913 1482 948 et
1505 907 1688 948 Lazarus
1709 902 1803 948 Ad-

412 979 535 1039 jutus
555 977 829 1036 interpretari
847 976 1006 1020 dicitur
1032 994 1041 1020 :
1067 975 1141 1019 ille
1163 990 1322 1033 egenus
1339 984 1383 1019 et
1404 990 1584 1035 pauper,
1600 974 1675 1035 qui
1688 973 1806 1017 abla-

418 1059 489 1094 tus
511 1057 574 1093 est
595 1049 640 1092 in
661 1048 803 1092 sinum
822 1049 1038 1092 Abrahae3
1065 1066 1074 1092 :
1098 1055 1141 1091 et
1164 1048 1272 1105 gerit
1296 1056 1451 1106 typum
1476 1045 1679 1090 Ecclesiae
1702 1045 1800 1099 Dei,

419 1135 518 1179 quae
535 1134 704 1178 semper
725 1119 922 1162 confiteri
945 1117 1077 1162 debet
1099 1116 1313 1177 adjutorio
1332 1117 1413 1160 sibi
1442 1132 1550 1176 opus
1583 1131 1685 1160 esse.
1713 1118 1805 1160 Hoc

418 1197 484 1233 est
499 1204 668 1243 verum,
689 1190 773 1233 hoc
795 1198 859 1232 ‘est
881 1188 1019 1248 pium.
1045 1207 1064 1229 «
1090 1188 1186 1231 Dixi
1215 1188 1430 1232 Domino:
1461 1190 1575 1231 Deus
1608 1201 1728 1230 meus
1761 1200 1805 1229 es

421 1277 442 1300 »
478 1268 542 1302 tu.
576 1260 753 1311 Quare?
775 1259 989 1311 Quoniam
1023 1257 1239 1302 bonorum
1272 1272 1467 1301 meorum
1503 1272 1593 1301 non
1620 1255 1757 1314 eges⁴.
1781 1272 1801 1297 n
1860 1276 1862 1317 3

420 1329 499 1374 Ille
521 1345 609 1373 non
632 1338 728 1387 eget
751 1328 886 1372 nostri
905 1348 916 1384 3
948 1344 1026 1372 nos
1048 1343 1224 1386 egemus
1246 1328 1378 1387 ipsius
1405 1347 1413 1372 :
1438 1327 1537 1371 ideo
1558 1341 1685 1370 verus
1715 1330 1804 1371 Do-

421 1401 578 1444 minus.
604 1402 714 1443 Nam
737 1409 787 1443 tu
801 1414 890 1443 non
912 1397 1038 1442 valde
1055 1413 1182 1442 verus
1205 1398 1408 1442 dominus
1429 1397 1538 1441 servi
1559 1397 1620 1440 tui
1646 1415 1655 1441 ε
1680 1397 1811 1440 ambo

420 1470 643 1523 homines,
671 1469 800 1513 ambo
832 1477 1005 1527 egentes
1030 1471 1134 1512 Deo.
1179 1468 1220 1512 Si
1251 1476 1394 1511 autem
1429 1476 1555 1526 putas
1586 1482 1711 1525 egere
1745 1467 1811 1510 tui

421 1555 594 1584 servum
613 1548 739 1582 tuum
756 1573 766 1593 ‚
791 1547 841 1582 ut
863 1537 937 1581 des
966 1553 1121 1597 panem
1140 1559 1150 1594 3
1176 1552 1272 1595 eges
1291 1547 1333 1580 et
1357 1547 1403 1581 tu
1419 1537 1636 1591 servitui,
1656 1545 1707 1581 ut
1730 1536 1809 1580 ad-

415 1611 540 1670 juvet
559 1609 730 1653 labores
755 1617 869 1652 tuos.
897 1610 1089 1667 Uterque
1110 1617 1299 1652 vestrum
1323 1607 1457 1652 altero
1480 1617 1672 1651 vestrum
1692 1607 1810 1651 indi—

423 1688 506 1737 get.
540 1683 692 1738 Itaque
721 1677 868 1722 nullus
891 1687 1083 1721 vestrum
1103 1693 1204 1721 vere
1226 1676 1448 1732 dominus,
1483 1685 1526 1722 et
1546 1676 1693 1721 nullus
1714 1692 1811 1722 ves-

422 1759 540 1793 trum
559 1762 658 1793 vere
679 1761 841 1792 servus.
867 1747 983 1792 Audi
1005 1758 1156 1791 verum
1179 1748 1438 1803 Dominum,
1475 1749 1596 1808 cujus
1618 1763 1744 1792 verus
1766 1763 1809 1792 es
1873 1800 1875 1803 .

421 1836 569 1866 servus
594 1838 602 1864 ε
632 1839 652 1862 «
673 1819 767 1864 Dixi
789 1819 1001 1864 Domino:
1027 1822 1141 1864 Deus
1158 1835 1280 1863 meus
1302 1835 1346 1863 es
1376 1828 1440 1863 tu.
1468 1822 1612 1873 Quare
1645 1829 1693 1863 tu
1723 1822 1810 1863 Do-

422 1908 443 1932 »
479 1891 661 1934 minus?
689 1889 905 1943 Quoniam
928 1889 1146 1934 bonorum
1168 1905 1366 1934 meorum
1397 1902 1487 1933 non
1509 1903 1620 1947 eges.
1649 1907 1670 1930 »
1693 1889 1810 1942 Quid

416 1970 561 2005 autem
583 1962 658 2004 tu?
685 1979 705 2002 «
725 1963 817 2017 Ego
835 1975 940 2003 vero
962 1974 1122 2017 egenus
1144 1969 1187 2004 et
1208 1975 1390 2019 pauper.
1407 1978 1426 2001 »
1443 1963 1558 2004 Ecce
1580 1975 1742 2018 egenus
1766 1967 1809 2004 et

418 2050 439 2073 ³>
481 2046 646 2091 pauper
672 2046 681 2072 t
709 2048 730 2071 »
754 2039 901 2089 pascat
929 2033 1043 2074 Deus
1058 2065 1069 2084 ‚
1094 2029 1291 2074 sublevet
1315 2033 1428 2075 Deus
1446 2065 1456 2085 ,
1472 2029 1647 2090 adjuvet
1665 2032 1804 2075 Deus:
1854 2072 1858 2090 ἴ

421 2121 442 2144 τι
477 2108 587 2145 Deus
612 2137 622 2156 ,
642 2101 812 2161 inquit,
831 2100 988 2161 adjuva
1010 2115 1095 2144 me.
1124 2119 1144 2141 »

474 2173 598 2216 VIII.
628 2190 649 2214 «
674 2173 860 2230 Adjutor
881 2180 923 2215 et
940 2179 1087 2214 erutor
1103 2185 1226 2214 meus
1247 2185 1291 2214 es
1312 2179 1362 2214 tu
1377 2206 1388 2225 ‚
1412 2170 1616 2227 Domine3
1638 2185 1694 2214 ne
1714 2178 1806 2214 tar-

419 2259 439 2283 »
474 2241 656 2285 daveris.
677 2259 698 2282 »
722 2245 787 2285 Tu
805 2240 977 2302 adjutor
991 2249 1033 2284 et
1055 2241 1410 2300 erutortindigeo
1423 2239 1601 2295 auxilio,
1622 2240 1800 2300 adjuva3

415 2312 659 2371 implicatus
676 2327 787 2366 sum,
800 2327 917 2355 erue.
933 2314 1070 2356 Nemo
1084 2311 1197 2355 enim
1211 2320 1333 2354 eruet
1347 2310 1401 2354 de
1416 2310 1802 2370 implicationibus,

417 2382 497 2426 nisi
519 2391 582 2425 tu.
599 2382 892 2427 Circumstant
914 2397 992 2426 nos
1008 2396 1141 2424 nexus
1163 2381 1429 2424 diversarum
1452 2396 1680 2438 curarum3
1705 2381 1808 2425 hinc

418 2462 549 2513 atque
569 2452 672 2496 inde
695 2451 956 2497 dilaniamur
971 2452 1092 2513 quasi
1116 2452 1245 2511 spinis
1266 2461 1308 2495 et
1333 2451 1507 2511 sepibus
1523 2486 1533 2506 ,
1564 2450 1806 2495 amulamus

419 2532 647 2581 angustam
677 2522 818 2580 viam3
854 2521 1034 2566 fortasse
1065 2522 1268 2566 haesimus
1306 2522 1351 2565 in
1379 2522 1550 2579 sepibus
1577 2541 1585 2566 ε
1611 2521 1805 2565 dicamus

467 2613 476 2630 ¹
497 2609 587 2640 Rom.
609 2618 668 2646 vn,
687 2608 742 2640 23.
763 2623 805 2630 -—
824 2614 837 2630 ²
855 2607 967 2639 Matth.
994 2618 1029 2647 v,
1047 2606 1080 2638 6.
1098 2623 1139 2630 --
1160 2604 1173 2630 3
1192 2608 1270 2640 Luc.
1295 2618 1359 2648 xvr,
1382 2615 1436 2640 22.
1462 2605 1530 2635 —4
1548 2605 1629 2639 Psal.
1648 2617 1704 2647 xv,
1724 2614 1755 2638 2.

1851 3109 1884 3285 “-T-jmffl
1854 3059 1856 3073 ‘⁴
