1889 3285
438 286 680 317 nmmum
711 290 757 318 nv
789 285 992 317 PsALMUM
1023 286 1129 316 an.
1354 271 1438 312 169

65 376 86 400 «
118 356 396 415 Agglutinata
413 363 478 401 est
499 355 641 399 anima
663 369 758 399 mea
773 349 871 415 pust
892 363 952 410 te,
970 367 1042 397 me
1057 348 1244 412 suscepit
1265 349 1439 394 dextera

62 445 84 470 >›
119 436 210 472 tua.
237 445 257 468 »

139 499 307 542 XVIII.
345 514 365 538 «
401 496 489 556 Ipsi
526 510 629 542 vero
670 497 717 540 in
753 511 916 541 vanum
962 493 1228 555 quaesierunt
1254 492 1442 536 animam

63 586 84 610 ³)
119 569 301 611 meam1.
328 584 349 608 »
375 566 491 620 Quid
526 566 632 610 mihi
652 565 851 611 fecerunt
871 566 947 627 qui
966 564 1231 626 quaesierunt
1254 563 1443 607 animam

60 653 202 682 meam
233 636 446 696 perdere?
479 637 655 681 Utinam
684 646 929 697 quaererent
965 636 1154 679 animam
1186 648 1328 678 meam
1347 668 1358 688 ‚
1394 641 1447 676 ut

60 708 287 754 crederent
308 723 481 752 mecum
503 707 603 752 :sed
620 709 885 768 quzesierunt
908 708 1096 752 animam
1117 720 1259 749 meam
1279 712 1330 748 ut
1351 718 1451 764 per-

61 779 214 823 derent
234 793 318 822 me.
346 778 463 831 Quid
484 776 667 823 facturi?
688 781 785 823 Non
803 779 918 822 enim
941 777 1107 838 rapturi
1125 785 1247 820 erant
1270 775 1444 834 gluten,

61 864 150 910 quo
172 848 354 893 adhaesit
378 848 518 892 anima
542 864 636 892 mea
654 858 751 908 post
771 858 829 893 te.
859 868 879 890 «
902 849 1006 902 Quis
1030 847 1146 891 enim
1173 862 1252 892 nos
1274 860 1449 905 separa-

64 937 86 961 »
121 919 186 963 bit
202 935 226 963 a
251 919 461 964 charitate
477 919 638 964 Christi
652 922 670 963 Ξ)
684 918 908 964 tribulatio
923 921 941 961 ‘3
959 935 1014 962 an
1035 918 1259 977 angustia?
1277 932 1331 961 an
1351 931 1454 975 per-

64 1007 86 1032 »
120 989 315 1033 secutio?
337 1005 392 1033 an
414 988 578 1033 fames?
595 1006 650 1034 an
667 990 870 1034 nuditas?
887 1005 942 1033 an
961 987 1158 1048 gladius?
1178 991 1359 1032 Dextera
1375 995 1452 1031 tua

64 1077 86 1101 >›
121 1060 309 1119 suscepit
339 1064 451 1104 me2.
480 1078 501 1101 »
526 1063 641 1118 Ergo
658 1069 837 1120 propter
863 1058 974 1104 illud
998 1058 1148 1117 gluten
1164 1093 1175 1114 ‚
1211 1066 1255 1102 et
1274 1066 1454 1117 propter

61 1131 404 1191 potentissimam
432 1131 654 1176 dexteram
690 1141 834 1187 tuam,
863 1151 883 1174 «
911 1134 962 1175 In
992 1145 1156 1175 vanum
1187 1129 1455 1191 quaesierunt

66 1219 86 1243 υ
122 1201 312 1246 animam
332 1218 489 1246 meam.
519 1221 540 1244 »
573 1205 801 1264 Quotquot
821 1202 1036 1262 persecuti
1058 1211 1160 1246 sunt
1176 1237 1187 1257 ‚
1214 1200 1286 1245 vel
1307 1215 1455 1260 perse-

66 1271 140 1331 qui
164 1272 349 1332 cupiunt
365 1272 618 1328 Ecclesiam,
631 1282 775 1332 potest
792 1272 847 1317 de
860 1273 927 1318 his
944 1274 1029 1318 hoc
1049 1271 1252 1329 intelligi:
1269 1270 1456 1314 maxime

65 1342 152 1385 hoc
167 1351 314 1385 tamen
337 1343 600 1399 accipiamus
621 1344 676 1387 de
698 1343 963 1405 Judaeis,qui
980 1343 1246 1404 quaesierunt
1267 1341 1456 1385 animam

67 1410 228 1456 Christi
259 1409 442 1469 perdere
457 1445 468 1464 ,
496 1418 539 1453 et
563 1410 610 1452 in
630 1410 723 1468 ipso
752 1413 894 1468 capite
916 1419 1064 1455 nostro
1086 1410 1207 1471 quod
1227 1410 1458 1455 crucifixe-

68 1490 198 1534 runt,
236 1489 280 1524 et
300 1481 347 1524 in
367 1479 595 1540 Discipulis
617 1481 731 1540 ejus,
767 1495 876 1540 quos
908 1489 1057 1538 postea
1088 1481 1305 1540 persecuti
1337 1490 1454 1526 sunt.

74 1570 95 1594 «
128 1551 405 1604 Quaesierunt
442 1551 630 1594 animam
668 1565 825 1594 meam.
872 1550 1125 1595 Introibunt
1167 1552 1213 1594 in
1252 1551 1459 1596 inferiora

73 1640 93 1664 »
128 1630 269 1665 terrae.
298 1639 318 1662 »
347 1624 523 1665 Terram
558 1620 739 1681 perdere
769 1620 1036 1675 noluerunt,
1072 1629 1123 1665 ut
1154 1621 1460 1679 crucifigerent

8 1701 11 1738 ἶ
70 1692 292 1738 Christum
325 1711 335 1736 :
365 1692 412 1734 in
433 1691 638 1736 inferiora
659 1700 786 1735 terrae
812 1692 974 1735 ierunt.
1001 1693 1110 1744 Quae
1132 1700 1234 1734 sunt
1255 1689 1459 1735 inferiora

9 1782 12 1805 z
69 1764 222 1807 terrae?
257 1765 456 1806 Terrenae
490 1761 765 1822 cupiditates.
799 1762 955 1807 Melius
989 1771 1054 1805 est
1074 1776 1202 1805 carne
1233 1760 1460 1805 ambulare

10 1829 13 1872 '.
71 1848 200 1894 super
229 1843 415 1888 terram,
449 1849 581 1893 quam
618 1833 857 1893 cupiditate
885 1834 947 1877 ire
985 1832 1066 1877 sub
1098 1841 1272 1876 terram.
1308 1833 1460 1877 Omnis

72 1905 187 1948 enim
209 1904 286 1964 qui
321 1913 470 1947 contra
491 1903 675 1948 salutem
697 1919 817 1948 suam
851 1903 972 1963 cupit
1006 1912 1177 1947 terrena
1193 1938 1204 1958 ‚
1241 1903 1322 1947 sul)
1347 1912 1460 1948 terra

72 1983 136 2018 est
157 1993 166 2018 ε
192 1974 293 2033 quia
314 1982 473 2017 terram
496 1974 577 2017 sibi
598 1974 860 2033 praeposuit,
888 1983 1051 2017 terram
1076 1989 1205 2033 super
1221 1989 1264 2017 se
1284 1974 1431 2032 posuit
1446 2009 1457 2029 ‚

74 2053 118 2088 et
138 2059 182 2088 se
199 2043 349 2087 subter
366 2042 483 2087 fecit.
507 2043 576 2086 Illi
597 2059 701 2102 ergo
723 2043 925 2088 timentes
941 2053 1100 2088 terram
1124 2044 1306 2103 perdere
1322 2080 1332 2100 ‚
1353 2044 1463 2105 quid

75 2114 277 2158 dixerunt
298 2113 352 2157 de
390 2113 576 2157 Domino
605 2116 708 2157 Jesu
736 2115 934 2169 Christo,
961 2131 1061 2158 cuni
1083 2115 1282 2159 viderent
1304 2115 1464 2159 multas

16 2191 19 2201 '
76 2185 225 2229 turbas
245 2185 307 2227 ire
328 2193 427 2243 post
448 2183 573 2227 illum
590 2218 601 2239 ‚
625 2184 728 2244 quia
751 2184 965 2228 mirabilia
986 2183 1205 2230 faciebat?
1227 2205 1246 2226 «
1276 2185 1318 2230 Si
1339 2185 1465 2229 illum

17 2253 21 2276 ²
79 2272 100 2296 »
136 2253 425 2298 dimiserimus
447 2253 597 2297 vivum
612 2289 622 2309 ,
655 2255 832 2298 venient
861 2255 1070 2311 Romani,
1097 2265 1139 2299 et
1161 2254 1318 2299 tollent
1339 2255 1465 2301 nobis

79 2344 100 2367 »
136 2335 179 2369 et
199 2325 346 2369 locum
368 2334 411 2368 et
433 2334 608 2383 gentem
625 2327 657 2368 3.
687 2344 705 2366 υ
741 2327 999 2371 Timuerunt
1017 2327 1199 2386 perdere
1225 2336 1402 2382 terram,
1424 2336 1467 2371 et

77 2396 223 2440 ierunt
243 2396 324 2439 sub
347 2405 505 2439 terram
529 2416 537 2440 :
565 2397 721 2441 accidit.
753 2398 812 2441 eis
845 2407 888 2441 et
912 2398 1034 2458 quod
1065 2399 1320 2443 timuerunt.
1356 2401 1467 2443 Nam

79 2466 177 2517 ideo
197 2466 431 2511 voluerunt
454 2467 676 2511 Christum
696 2467 918 2523 occidere,
946 2484 1000 2512 ne
1023 2478 1181 2513 terram
1203 2469 1464 2528 perderent3

81 2545 123 2581 et
155 2537 254 2582 ideo
287 2547 446 2581 terram
470 2537 774 2597 perdiderunt,
814 2539 915 2599 quia
938 2539 1160 2584 Christum
1190 2537 1460 2583 occiderunt.

130 2627 138 2643 ¹
161 2620 237 2654 Psal.
258 2632 333 2664 mm,
357 2633 407 2655 ro.
430 2639 470 2645 --
487 2629 498 2645 ²
519 2625 609 2655 Rom.
628 2633 696 2663 vin,
718 2622 771 2654 35.
793 2639 833 2646 -
855 2621 867 2645 3
885 2626 976 2655 Joan.
999 2623 1117 2665 1¹³4&
