1889 3285
377 189 463 229 510
797 197 832 227 s.
867 196 1100 228 AUGUSTINI
1131 200 1314 228 EPISCOPI

378 283 399 306 »
432 265 479 308 in
500 277 605 323 pace
625 263 748 308 locus
765 264 871 324 ejus.
902 285 921 306 »
947 264 1152 318 Quandiu
1179 280 1281 324 ergo
1303 280 1394 310 non
1417 266 1636 311 confiteris
1656 281 1763 326 pec-

372 343 467 378 cata
491 343 583 389 tua,
608 332 800 393 quodam
823 333 955 379 modo
976 335 1125 379 rixaris
1146 350 1248 379 cum
1275 341 1376 381 Deo.
1402 335 1629 389 Quomodo
1647 336 1765 381 enim

371 420 461 448 non
482 419 584 448 cum
605 403 682 448 isso
698 403 854 464 litigas,
877 405 953 465 qui
975 404 1097 466 quod
1117 405 1179 449 illi
1203 405 1403 465 displicet
1431 405 1609 452 laudas?
1631 407 1765 452 Punit

368 472 442 518 ifle
462 473 634 530 furem,
667 472 716 519 tu
740 473 911 519 furtum
946 474 1099 519 laudas
1135 494 1145 520 z
1176 475 1304 535 punit
1337 474 1411 520 ille
1441 476 1688 532 ebriosum,
1713 485 1765 520 tu

365 543 518 589 laudas
546 544 855 589 ebriositatem.
884 545 1046 604 Litigas
1078 560 1180 590 cum
1211 549 1318 601 Deo,
1338 561 1429 591 non
1448 545 1587 591 fecisti
1609 545 1673 590 illi
1693 545 1764 591 lo·-

366 629 469 658 cum
490 614 536 659 in
556 613 688 660 corde
705 624 806 660 tuo:
824 634 845 658 «
861 615 972 668 Quia
986 615 1033 659 in
1049 630 1156 675 pace
1166 614 1288 660 locus
1306 616 1443 675 ejus.»
1464 619 1521 661 Et
1539 614 1764 676 quomodo

366 683 519 744 incipis
540 700 692 745 pacem
707 685 868 730 habere
885 701 985 729 cum
1005 687 1128 731 Deo?
1151 685 1311 746 Incipis
1330 685 1393 730 illi
1410 686 1456 731 in
1472 686 1758 731 confessione.

367 755 525 800 Psalmi
551 771 636 802 vox
664 765 730 801 est
761 755 944 802 dicentis
979 776 988 802 z
1030 776 1051 800 «
1086 757 1271 817 Incipite
1302 757 1485 802 Domino
1512 758 1558 801 in
1588 756 1764 803 confes-

368 843 389 868 »
425 827 586 872 sione1.
619 845 640 868 »
663 825 781 881 Quid
806 835 896 883 est,
915 845 934 868 ι(
960 827 1145 887 Incipite
1167 827 1354 872 Domino
1375 827 1422 871 in
1438 826 1758 871 confessione?»

367 897 551 957 Incipite
567 898 743 958 adjungi
765 901 871 943 Deo.
897 898 1160 952 Quomodo?
1184 900 1241 942 Ut
1256 899 1340 942 hoc
1361 898 1484 943 vobis
1511 897 1754 958 displiceat,

363 967 486 1027 quod
502 978 546 1013 et
561 968 625 1013 illi
642 968 856 1028 displicet.
875 968 1084 1029 Displicet
1100 968 1163 1012 illi
1178 968 1265 1013 vita
1278 978 1354 1013 tua
1375 968 1491 1013 mala
1510 969 1570 1013 :si
1587 967 1758 1028 placeat

364 1037 471 1094 tibi,
495 1038 749 1100 disjungeris
772 1040 826 1084 ab
848 1039 946 1096 illo3
978 1039 1012 1084 si
1033 1038 1259 1099 displiceat
1291 1039 1392 1094 tibi,
1423 1054 1500 1099 per
1530 1038 1762 1085 confessio-

365 1122 469 1151 nem
496 1109 560 1151 illi
591 1110 884 1169 conjungeris,
919 1108 1031 1153 Vide
1064 1125 1115 1153 ex
1134 1118 1298 1170 quanta
1316 1119 1439 1168 parte
1463 1108 1679 1153 dissimilis
1697 1124 1757 1165 es,

362 1176 542 1237 quando
570 1177 724 1237 utique
751 1188 929 1237 propter
950 1179 1088 1237 ipsam
1108 1178 1507 1221 dissimilitudinem
1539 1176 1755 1237 displiceS.

363 1250 522 1291 Factus
534 1247 650 1292 enim
662 1263 722 1302 es,
741 1263 766 1291 o
778 1247 929 1302 homo,
945 1246 1245 1305 adimaginem
1267 1247 1341 1290 Dei
1358 1267 1369 1307 3
1393 1262 1471 1307 per
1493 1247 1628 1292 vitam
1654 1263 1759 1294 vero

362 1332 609 1377 perversam
633 1326 676 1362 et
708 1316 868 1361 malam
890 1316 1155 1376 perturbasti
1174 1317 1220 1361 in
1242 1325 1303 1373 te,
1326 1326 1369 1362 et
1397 1318 1690 1362 exterminasti
1711 1318 1758 1363 in

363 1396 406 1435 te
426 1389 658 1447 imaginem
680 1386 929 1434 Conditoris
951 1387 1031 1432 tui.
1057 1390 1215 1432 Factus
1238 1387 1477 1444 dissimilis,
1509 1387 1694 1433 attendis
1710 1389 1758 1433 in

360 1468 419 1515 te,
439 1468 482 1504 et
503 1458 703 1519 displices
725 1459 806 1503 tibi
832 1478 841 1504 ε
861 1460 954 1519 jam
974 1474 1027 1502 ex
1049 1474 1101 1503 eo
1138 1459 1310 1519 coepisti
1339 1459 1487 1504 similis
1502 1459 1629 1519 gfieri,
1654 1459 1756 1520 quia

362 1530 447 1574 hoc
469 1530 550 1575 tibi
564 1529 766 1589 displicet
781 1529 903 1589 quod
924 1527 1126 1588 displicet
1147 1539 1190 1574 et
1212 1533 1318 1575 Deo.

422 1602 497 1644 IV.
527 1599 611 1644 Sed
630 1598 854 1659 quomodo
880 1614 977 1643 sum
998 1598 1147 1644 similis
1162 1635 1174 1656 ‚
1209 1600 1355 1661 inquis
1371 1636 1382 1656 ,
1408 1600 1590 1661 quando
1608 1600 1754 1646 adhuc

357 1669 467 1714 mihi
485 1668 719 1729 displiceo?
741 1669 847 1714 Ideo
870 1670 1041 1714 dictum
1063 1679 1143 1725 est,
1172 1689 1191 1712 «
1221 1672 1422 1731 Incipite.
1446 1690 1467 1713 »
1495 1672 1643 1732 Incipe
1664 1674 1754 1716 Do-

359 1739 479 1784 mino
496 1740 541 1783 in
562 1739 833 1785 confessione
854 1759 863 1785 ς
888 1740 1122 1799 perficieris
1143 1741 1190 1786 in
1211 1757 1332 1801 pace.
1358 1740 1516 1786 Adhuc
1542 1742 1658 1786 enim
1676 1741 1751 1787 ba*

358 1810 434 1854 bes
450 1810 680 1856 adversum
696 1820 739 1855 te
756 1810 938 1855 bellum.
966 1811 1182 1855 Indicitur
1197 1812 1276 1856 tibi
1295 1811 1479 1869 bellum,
1499 1828 1590 1858 non
1608 1812 1752 1857 solum

359 1880 562 1925 adversus
585 1882 879 1940 suggestiones
903 1880 1090 1936 diaboli,
1115 1881 1318 1926 adversus
1338 1883 1580 1942 principem
1601 1892 1750 1941 potes-

358 1952 456 1995 tatis
478 1951 585 1995 aeris
603 1951 750 2012 hujus,
777 1952 855 2012 qui
881 1961 1085 2011 operatur
1105 1952 1152 1997 in
1173 1951 1271 1997 filiis
1293 1950 1565 2006 diffidentiae,
1591 1950 1748 1996 adver-

356 2037 428 2066 sus
451 2020 677 2066 diabolum
698 2031 741 2066 et
769 2021 944 2081 angelos
971 2023 1063 2082 ejus
1081 2057 1092 2078 ,
1126 2022 1332 2082 spiritalia
1365 2020 1616 2080 nequitiae23
1656 2037 1748 2066 non

356 2091 498 2137 solum
511 2107 612 2150 ergo
627 2092 828 2136 adversus
848 2093 961 2152 ipsos
983 2093 1061 2137 tibi
1082 2089 1249 2133 bellum
1260 2089 1469 2134 indicitur
1480 2125 1491 2146 ‚
1505 2089 1581 2135 sed
1593 2091 1742 2136 adver-

352 2179 424 2208 sus
440 2173 482 2207 te
494 2164 650 2222 ipsum.
664 2163 897 2216 Quomodo
918 2160 1119 2205 adversus
1137 2170 1177 2204 te
1193 2160 1363 2221 ipsum?
1384 2160 1602 2207 Adversus
1617 2171 1739 2207 tuam

355 2233 717 2278 consuetudinem
750 2231 909 2275 malam
923 2265 935 2286 ‚
981 2229 1184 2275 adversus
1225 2240 1482 2275 vetustatem
1516 2233 1617 2278 vitae
1654 2242 1743 2278 tuae

355 2302 498 2358 malae,
523 2318 622 2362 quae
643 2302 778 2345 trahit
798 2310 844 2344 te
870 2300 925 2344 ad
942 2299 1128 2356 solitam,
1154 2309 1196 2344 et
1218 2299 1408 2346 refrenat
1430 2318 1454 2347 a
1476 2318 1604 2347 nova.
1626 2303 1742 2347 Indi-

353 2374 468 2419 citur
490 2373 606 2418 enim
628 2372 710 2416 tihi
731 2370 935 2432 quaedam
958 2387 1070 2416 nova
1086 2371 1187 2427 vita,
1214 2381 1256 2416 et
1279 2381 1327 2416 tu
1338 2381 1462 2417 vetus
1484 2388 1542 2417 es.
1564 2374 1741 2419 Novita-

354 2446 452 2490 tatis
491 2443 651 2504 gaudio
681 2443 974 2503 suspenderis,
1008 2443 1232 2489 vetustatis
1259 2459 1390 2489 onere
1421 2444 1700 2505 praegravaris
1726 2463 1735 2490 :

403 2535 412 2552 ¹
431 2528 511 2561 Psal.
528 2538 630 2570 cuvi,
650 2537 681 2570 7.
701 2544 743 2551 —
759 2533 772 2550 ²
792 2526 906 2560 Ehhes.
927 2538 975 2569 v1,
998 2536 1048 2560 12.
