1889 3285
487 299 729 329 ENAnnATm
762 303 806 329 m
840 300 1040 329 PSALMUM
1073 303 1158 329 Lu.
1466 293 1492 330 9

112 368 300 429 positum
323 375 409 422 cst,
434 366 554 427 quod
568 376 658 411 erat
675 368 858 411 excisum
883 367 925 410 iu
947 376 1082 427 petra.
1100 370 1193 411 Hoc
1210 382 1311 426 ergo
1332 377 1492 412 monu-

112 448 309 484 mentum
338 437 541 498 spelunca
575 448 667 482 erat
694 458 701 483 2
727 438 831 483 illuc
859 438 971 497 fugit
994 455 1016 482 a
1040 437 1148 482 facie
1182 438 1296 483 Saul.
1326 439 1496 483 Tandiu

114 510 229 554 enim
269 509 484 568 persecuti
506 518 608 553 sunt
629 509 753 553 ilium
771 512 794 553 J
801 509 936 564 udaei,
959 510 1242 570 quoadusque
1265 519 1498 569 poneretur

114 579 159 623 in
180 578 399 639 spelunca.
426 579 551 622 Unde
572 579 805 639 probamus
828 580 948 639 quod
966 579 1117 623 tandiu
1146 579 1268 623 iilum
1283 580 1497 639 persecuti

115 658 215 694 sunt
231 684 241 703 ,
275 664 503 709 quousque
527 649 587 692 ibi
610 651 869 708 poneretur?
887 650 1030 694 Etiam
1059 660 1278 694 mortuum
1301 650 1346 694 in
1369 666 1497 695 cruce

114 719 373 781 pendentem
386 720 531 764 lancea
543 711 882 765 vulneraverunt
902 723 932 765 ¹.
952 725 1007 765 At
1018 722 1092 765 ubi
1108 721 1328 766 involutus
1346 731 1497 766 curato

114 791 267 835 funere
287 790 451 849 positus
470 799 532 834 est
553 790 598 834 in
621 791 826 850 spelunca
844 827 854 846 ,
875 793 964 852 jam
988 791 1091 835 nihil
1109 792 1360 835 habuerunt
1377 791 1498 852 quod

115 861 232 905 carni
254 858 458 904 facerent.
484 863 732 906 Resurrexit
753 878 854 920 ergo
877 863 1086 906 Dominus
1111 878 1161 906 ex
1192 863 1265 906 illa
1292 862 1499 922 spelunca

116 931 274 975 illaesus
293 967 302 986 ‚
324 932 599 992 incorruptus
617 968 627 988 ‚
654 949 741 993 quo
764 933 935 992 fugerat
953 950 975 977 a
991 933 1100 977 facie
1125 933 1252 990 Saiil3
1277 932 1498 977 occultans

117 1018 160 1047 se
193 1002 354 1061 impiis,
381 1019 488 1062 quos
512 1003 816 1062 praefigurabat
850 1003 977 1061 Saiil3
1014 1003 1244 1047 ostendens
1274 1019 1317 1047 se
1354 1012 1500 1047 autem

116 1072 321 1116 membris
352 1074 450 1117 suis.
486 1077 594 1118 Nam
623 1075 881 1131 resurgentis
908 1075 1100 1118 membra
1125 1091 1148 1118 a
1175 1074 1379 1117 membris
1411 1075 1501 1134 ejus

116 1141 290 1203 palpata
312 1152 414 1187 sunt
440 1163 448 1188 :
474 1143 668 1188 membra
691 1144 805 1188 enim
824 1145 913 1204 ejus
936 1143 1131 1203 Apostoli
1166 1145 1402 1202 tetigerunt
1430 1159 1500 1187 re-

118 1222 380 1270 surgentem,
406 1222 448 1257 et
470 1213 782 1258 crediderunt²
806 1235 816 1271 3
842 1223 884 1258 et
909 1230 1006 1258 ecce
1026 1214 1134 1258 nihil
1158 1214 1322 1274 profuit
1353 1230 1501 1274 persc-

118 1283 234 1328 cutio
259 1283 410 1328 Saulis.
436 1284 675 1328 Audiamus
699 1285 904 1344 ergojam
918 1284 1136 1329 Psalmum
1154 1321 1164 1340 ‚
1186 1286 1287 1345 quia
1305 1285 1358 1328 de
1372 1284 1502 1329 titulo

118 1355 209 1414 ejus
230 1355 327 1398 satis
348 1354 484 1399 locuti
506 1370 669 1410 sumus,
695 1364 911 1416 quantum
933 1356 1143 1401 Dominus
1161 1355 1323 1400 donare
1346 1355 1501 1415 digna-

119 1433 187 1468 tus
204 1434 281 1469 est.

178 1497 231 1539 V.
260 1514 279 1536 «
303 1496 504 1540 Miserere
526 1496 609 1539 mei
628 1531 639 1552 ,
657 1499 791 1551 Deus,
812 1497 1014 1541 miserere
1030 1497 1136 1552 mei,
1161 1498 1365 1557 quoniam
1391 1498 1434 1540 in
1464 1506 1505 1541 tc

121 1583 142 1606 »
178 1565 513 1609 confiditanima
529 1568 670 1610 meass.
695 1584 714 1607 »
737 1567 932 1611 Christus
950 1568 1203 1627 inpassione
1216 1567 1321 1612 dicit
1347 1587 1355 1612 :
1387 1587 1406 1609 «
1426 1567 1507 1612 Mi-

124 1653 143 1676 »
179 1650 316 1679 serere
338 1636 584 1690 mei,Deus.
621 1654 641 1677 »
669 1640 757 1681 Deo
786 1641 898 1681 Deus
921 1637 1026 1682 dicit
1059 1658 1066 1683 :
1095 1658 1113 1680 α
1140 1639 1341 1682 Miserere
1362 1638 1502 1681 mei.»

122 1708 328 1762 Quicum
357 1712 482 1752 Patre
512 1709 740 1753 miseretur
771 1709 863 1764 tui,
886 1709 931 1752 in
966 1719 1007 1753 tc
1036 1709 1217 1753 clamat:
1259 1728 1277 1751 (ι
1303 1709 1506 1753 Miserere

127 1798 145 1820 ›>
180 1778 280 1821 mei.
308 1796 328 1819 ³>
351 1779 520 1822 Etenim
547 1778 667 1838 quod
688 1779 742 1822 de
762 1779 837 1823 isso
859 1778 1016 1823 clamat
1040 1799 1048 1823 ε
1075 1799 1093 1821 «
1114 1780 1316 1823 Miserere
1345 1779 1454 1833 mei,
1483 1796 1504 1819 »

123 1857 245 1892 tuum
272 1857 333 1891 est
353 1867 361 1892 :
383 1864 403 1892 a
429 1858 472 1892 te
493 1849 576 1892 boc
599 1849 762 1908 accepit
781 1884 790 1903 ,
815 1858 992 1908 propter
1016 1857 1056 1892 te
1078 1848 1354 1892 liberandum
1377 1863 1509 1892 carne

122 1918 320 1963 industus
333 1928 409 1963 est.
431 1921 541 1964 Caro
558 1920 648 1979 ipsa
670 1920 829 1964 clamat
851 1939 859 1964 :
888 1939 906 1962 «
924 1920 1126 1964 Miserere
1145 1920 1244 1974 mei,
1268 1923 1397 1975 Deus,
1423 1919 1509 1962 mi-

126 2007 146 2031 »
182 2004 320 2033 serere
343 1989 426 2033 mei
447 2009 455 2034 2
482 2010 498 2030 »
520 1990 652 2034 homo
680 1990 794 2049 ipse,
822 1990 964 2034 anima
989 2000 1031 2034 et
1055 2006 1168 2034 caro.
1208 1993 1366 2034 Totum
1394 1989 1510 2033 enim

124 2061 341 2104 hominem
366 2060 553 2119 suscepit
576 2061 786 2115 Verbum,
811 2070 854 2104 et
870 2069 988 2105 totus
1008 2062 1141 2105 homo
1164 2060 1302 2105 iactus
1318 2070 1380 2105 est
1406 2063 1511 2104 Ver-

124 2130 246 2174 bum.
271 2133 334 2175 Ne
351 2129 449 2174 ideo
466 2139 644 2189 putetur
665 2146 754 2174 non
775 2130 837 2174 ibi
860 2129 990 2175 fuisse
1008 2132 1196 2175 animam
1214 2167 1224 2186 ,
1251 2132 1352 2192 quia
1369 2134 1513 2175 Evan-

127 2200 274 2260 gelista
305 2201 364 2244 ita
386 2199 490 2244 dicit
511 2220 519 2244 :
549 2219 569 2242 «
594 2201 788 2245 Verbum
811 2217 910 2246 caro
932 2201 1096 2245 factum
1115 2211 1196 2257 est,
1235 2211 1277 2245 et
1297 2201 1512 2245 habitavit

129 2289 149 2311 n
183 2272 228 2314 in
245 2271 411 2315 nobis4.
442 2290 460 2312 »
487 2271 661 2314 Etenim
684 2271 844 2315 dicitur
866 2287 964 2316 caro
986 2273 1139 2327 homo,
1165 2272 1274 2316 sicut
1305 2271 1388 2316 alio
1412 2272 1509 2317 loco

127 2340 232 2386 dicit
256 2343 474 2401 Scriptura
495 2360 503 2386 z
528 2362 546 2383 «
571 2344 629 2385 Et
649 2341 814 2387 videbit
837 2343 975 2386 omnis
1005 2358 1103 2387 caro
1126 2341 1312 2386 salutare
1332 2344 1408 2387 Dei
1426 2345 1457 2386 ⁵.
1489 2361 1508 2384 η

126 2412 352 2472 Numquid
373 2429 472 2457 caro
493 2412 580 2456 sola
603 2412 782 2468 videbit,
806 2423 848 2457 ct
865 2414 1007 2457 anima
1028 2414 1090 2457 ibi
1115 2430 1203 2458 non
1226 2414 1511 2458 eritPItcrum

129 2483 336 2542 dicitipse
359 2485 566 2527 Dominus
585 2483 639 2527 de
656 2484 905 2528 hominibus
930 2503 938 2529 :
969 2504 988 2527 «
1007 2485 1125 2529 Sicut
1142 2484 1298 2528 dedisti
1313 2485 1350 2528 ei
1365 2494 1509 2543 potes-

182 2585 190 2600 ¹
207 2581 297 2609 Joan.
317 2589 383 2619 xxx,
403 2577 455 2620 34.
485 2596 527 2600 -
553 2585 565 2601 ²
584 2580 661 2611 Luc.
683 2590 771 2621 xxiv,
792 2580 842 2623 39.
867 2597 908 2602 —
929 2578 941 2603 3
962 2580 1041 2612 psal.
1062 2591 1125 2622 rvr,
1145 2591 1176 2614 2.
1198 2598 1239 2603 -
1257 2579 1272 2610 -i
1292 2582 1382 2611 Joan.
1405 2591 1427 2620 1,
1454 2577 1507 2620 ¹²!-

131 2649 172 2655 -——
187 2631 342 2669 515111x1,.,
360 2633 391 2673 5,
413 2639 443 2667 ct
457 2636 535 2666 Luc.
559 2646 606 2675 ui,
632 2634 665 2667 G.
