1889 3285
417 244 471 282 50
853 250 887 280 S.
922 250 1152 280 AUGUSTIM
1185 253 1364 279 EPISCOPI

417 338 438 361 »
471 319 756 378 supercecidit
776 318 907 376 ignis,
933 327 976 361 ct
997 334 1086 362 non
1106 317 1308 361 viderunt
1331 317 1492 361 solem?
1517 336 1536 358 »
1563 317 1677 361 Vicit
1697 316 1791 360 illos

411 389 758 448 concupiscentia
779 389 932 432 carnis.
956 391 1013 432 Et
1035 389 1115 432 ista
1137 388 1485 447 concupiscentia
1503 387 1622 431 unde
1642 387 1791 431 venit?

411 458 651 504 Attendite.
676 461 738 502 De
760 457 939 502 traduce
961 466 1088 501 natus
1106 473 1149 501 es
1171 473 1270 501 cuin
1293 473 1344 501 eo
1367 457 1486 518 quod
1508 458 1653 501 vincas
1675 476 1683 500 :
1701 455 1792 500 noli

410 528 491 572 tibi
518 529 659 572 hostes
687 526 867 582 addere,
891 527 1016 571 vince
1037 542 1137 571 cum
1159 543 1247 586 quo
1269 536 1396 571 natus
1423 543 1482 571 es.
1512 526 1581 571 Ad
1603 525 1792 570 stadium

409 599 510 642 vitae
530 598 657 658 hujus
674 612 775 641 cum
792 596 866 641 illo
882 597 1052 651 venisti,
1073 597 1337 655 congredere
1354 612 1454 641 cum
1474 612 1525 641 eo
1546 597 1623 657 qui
1645 606 1792 640 tecum

409 668 628 727 processit.
656 671 754 727 Ipso
770 684 857 711 non
877 667 1014 722 victo,
1040 682 1174 726 quare
1195 681 1403 726 provocas
1425 676 1616 711 catervas
1634 682 1792 711 concu-

407 738 741 797 piscentiarumP
763 737 998 782 Delectatio
1021 738 1135 781 enim
1153 737 1333 782 carnalis
1348 773 1359 793 ‚
1385 736 1563 793 fratres,
1587 753 1689 781 cum
1710 738 1792 781 ho-

407 809 526 852 mine
551 809 754 853 nascitur.
787 808 870 852 Sed
907 809 983 869 qui
1006 809 1117 852 bene
1141 808 1353 863 eruditur,
1378 809 1463 853 cito
1483 808 1605 853 videt
1622 809 1791 853 hostem

407 894 534 923 suum
550 915 560 935 ‚
586 889 630 923 et
650 880 912 938 aggreditur,
934 889 977 923 et
997 879 1203 934 luctatur,
1229 889 1272 923 et
1294 879 1380 924 cito
1403 880 1540 924 vincit
1567 899 1576 924 :
1607 879 1791 924 idoneus

407 958 470 994 est
486 950 601 993 enim
623 948 822 994 nondum
839 950 1132 994 crescentibus
1153 951 1365 994 hostibus.
1397 951 1481 1003 Qui
1503 960 1648 994 autem
1670 949 1789 995 illam

407 1020 817 1079 concupiscentiam,
838 1035 939 1064 cum
956 1036 1043 1079 qua
1061 1019 1115 1063 de
1128 1020 1293 1079 peccati
1311 1021 1548 1080 propagine
1563 1030 1690 1064 natus
1707 1029 1786 1074 est,

406 1091 645 1135 contemnit
666 1090 860 1145 vincere,
886 1099 929 1133 et
950 1089 1108 1134 inultas
1129 1090 1271 1134 adhuc
1305 1091 1463 1134 excitat
1491 1091 1711 1150 exeritque
1733 1090 1789 1133 li·-

404 1159 595 1218 bidines3
615 1160 847 1203 difficulter
862 1176 930 1204 eas
947 1170 1136 1219 superat,
1155 1170 1198 1204 et
1215 1160 1417 1205 adversus
1439 1176 1483 1204 se
1500 1161 1590 1219 ipse
1607 1161 1785 1215 divisus,

403 1230 502 1288 igne
524 1231 698 1289 proprio
720 1240 1034 1274 concrematur.
1052 1233 1114 1275 Ne
1136 1231 1283 1290 itaque
1303 1246 1444 1290 speres
1466 1231 1588 1290 quasi
1610 1230 1704 1274 illas
1719 1247 1790 1275 so-

403 1299 466 1344 las
497 1316 648 1360 poenas
668 1300 837 1344 futuras
853 1336 863 1355 ,
888 1310 1121 1360 praesentes
1143 1300 1257 1345 vide.
1289 1321 1308 1342 «
1332 1299 1626 1361 Supercecidit
1648 1301 1758 1359 ignis
1773 1336 1784 1357 ‚

407 1389 429 1412 ³>
464 1379 507 1414 et
529 1386 619 1415 non
634 1369 839 1415 viderunt
859 1370 1007 1414 solem.
1032 1389 1052 1412 »

463 1442 561 1485 XX.
602 1460 622 1482 «
648 1442 769 1485 Prius
801 1456 931 1500 quam
959 1442 1171 1500 producat
1202 1442 1344 1500 spinas
1366 1450 1528 1485 vestras
1556 1442 1785 1496 rhamnus,

406 1530 427 1552 »
463 1520 672 1571 tanquam
692 1512 885 1555 viventes
900 1520 1107 1571 tanquam
1124 1511 1169 1554 in
1189 1512 1251 1555 ira
1273 1510 1494 1556 combibet
1508 1526 1580 1555 eos
1594 1513 1622 1554 ¹.
1638 1511 1789 1564 »Quid

404 1590 468 1624 est
491 1582 728 1624 rhamnus?
758 1582 986 1638 Spinarum
1010 1596 1144 1638 genus
1174 1590 1263 1635 est,
1299 1580 1562 1625 densissimae
1585 1581 1788 1641 quaedam

403 1651 538 1710 spinae
556 1665 644 1693 esse
664 1650 885 1693 dicuntur.
911 1650 1056 1693 Primo
1074 1650 1210 1693 herba
1232 1659 1317 1708 est3
1342 1660 1384 1694 et
1412 1666 1512 1694 cum
1534 1652 1670 1695 herba
1694 1660 1759 1695 est
1773 1686 1784 1706 ,

404 1719 545 1765 mollis
564 1730 607 1763 et
622 1719 803 1780 pulchra
826 1728 887 1763 est
906 1738 913 1763 z
931 1719 992 1762 ibi
1009 1729 1110 1764 sunt
1127 1729 1273 1763 tamen
1288 1721 1422 1780 spinae
1441 1731 1589 1780 postea
1611 1737 1786 1780 proces·-

403 1807 529 1836 surae.
560 1790 694 1835 Modo
723 1805 825 1848 ergo
854 1788 1072 1834 delectant
1092 1800 1267 1850 peccata
1286 1826 1296 1846 ‚
1323 1800 1366 1835 et
1397 1792 1520 1851 quasi
1555 1807 1643 1836 non
1671 1807 1788 1836 com-

404 1870 623 1922 pungunt.
650 1860 795 1904 Herba
829 1869 892 1902 est
913 1860 1120 1904 rhamnus
1137 1895 1147 1914 ,
1174 1869 1216 1904 et
1237 1860 1370 1905 modo
1391 1871 1538 1905 tamen
1561 1871 1622 1906 est
1644 1862 1783 1922 spina.

408 1951 430 1975 ‹<
464 1931 586 1976 Prius
618 1946 749 1991 quam
776 1928 988 1989 producat
1017 1930 1160 1989 spinas
1182 1931 1388 1975 rhamnus
1412 1951 1421 1976 :
1449 1949 1469 1973 »
1503 1932 1624 1991 prius
1652 1947 1786 1993 quam

403 2003 654 2046 miserarum
692 1999 1030 2044 delectationum
1059 2008 1101 2042 et
1131 2000 1406 2059 voluptatum
1434 2001 1662 2046 manifesta
1690 2012 1784 2047 tor-

404 2081 549 2116 menta
566 2069 818 2131 procedant.
844 2072 1116 2128 Interrogent
1138 2085 1182 2113 sc
1202 2071 1278 2130 qui
1296 2069 1462 2131 aliquid
1478 2082 1644 2127 amant,
1665 2082 1710 2117 et
1730 2073 1784 2116 ad

405 2143 451 2188 id
468 2143 689 2202 pervenire
715 2157 804 2185 non
830 2150 1012 2199 posunt3
1031 2140 1207 2185 videant
1227 2141 1260 2184 si
1286 2158 1374 2186 non
1397 2143 1645 2187 cruciantur
1668 2143 1783 2188 desi-

405 2214 525 2259 derio
551 2233 560 2258 :
584 2223 628 2258 et
648 2228 746 2257 cum
763 2212 1038 2272 pervenerint
1060 2211 1116 2256 ad
1136 2212 1179 2256 id
1199 2212 1319 2272 quod
1336 2212 1484 2258 illicite
1505 2214 1752 2259 desiderant
1767 2250 1778 2271 ‚

405 2284 631 2328 attendant
651 2283 684 2327 si
701 2298 790 2326 non
809 2282 1057 2326 cruciantur
1079 2282 1247 2326 timore.
1265 2283 1452 2328 Videant
1472 2299 1575 2342 ergo
1597 2285 1668 2328 hic
1687 2301 1783 2344 poe-

404 2370 480 2400 nas
502 2369 620 2409 suas,
646 2362 878 2413 antequam
901 2352 1046 2396 veniat
1066 2351 1138 2395 illa
1160 2354 1438 2408 resurrectio,
1465 2370 1565 2398 cum
1587 2354 1633 2398 in
1652 2370 1782 2399 carne

403 2433 673 2483 resurgentes
695 2439 782 2467 non
817 2422 1182 2466 immutabuntur.
1220 2442 1239 2463 «
1255 2424 1415 2467 Omnes
1439 2425 1554 2467 enim
1584 2439 1780 2484 resurge—

406 2513 434 2541 »ι
463 2510 583 2549 mus,
625 2494 700 2538 scd
748 2509 833 2537 non
876 2508 1024 2536 omnes
1064 2493 1395 2537 immutabimur
1414 2496 1445 2537 2.
1477 2514 1493 2534 n
1543 2496 1780 2541 Habebunt

453 2577 562 2611 ¹1‘sal.
584 2587 656 2618 nii,
677 2587 724 2610 ιο.
754 2593 792 2598 ·—
810 2583 822 2599 ²
847 2587 859 2608 ι
877 2578 949 2609 Cor.
974 2587 1026 2616 xx,
1047 2576 1099 2606 51.
