1889 3285
412 246 651 272 munuum
684 248 726 272 m*
763 248 961 274 rsALMuM
996 247 1106 274 mxi.
1360 237 1437 274 417

65 308 300 367 suscipiant
333 324 481 367 pacem
511 308 673 368 populo
704 310 808 365 Dei,
844 310 890 354 id
923 320 1013 365 est,
1049 312 1312 370 pauperibus
1345 313 1442 369 Dei3

65 394 154 423 non
175 379 258 422 illis
273 414 283 434 ,
309 378 384 422 sed
400 394 499 422 cum
516 379 597 423 illis
616 396 795 439 regnare
812 381 1049 440 cupientes.
1078 381 1145 425 Illi
1163 398 1339 442 quoque
1357 399 1447 427 non

65 447 212 492 dicant
231 467 239 492 :
270 468 286 488 «
313 451 407 507 Ego
429 464 523 492 sum
543 449 691 505 Pauli,
718 466 798 509 ego
821 466 915 494 sum
939 451 1117 510 Apollo,
1139 467 1218 509 ego
1238 468 1340 496 vero
1365 455 1448 497 Ce-

69 538 86 560 »
121 519 221 578 phae
242 537 250 563 ε
281 539 298 560 »
317 519 394 562 sed
411 534 559 563 omnes
582 521 729 564 dicant
751 540 758 565 :
785 540 802 561 «
832 524 926 579 Ego
949 537 1044 565 sum
1066 523 1224 566 Christi
1240 525 1270 565 1.
1298 543 1315 563 »
1343 525 1446 566 Haec

0 591 1 603 ¹
65 597 129 633 est
135 589 325 649 justitia,
351 605 441 634 non
458 599 721 650 anteponere
743 607 884 635 servos
907 592 1091 635 Domino
1107 626 1118 646 ‚
1140 607 1220 636 nec
1247 608 1416 652 aequare
1434 613 1445 648 3

64 658 121 704 ita
144 657 288 703 levare
305 658 453 704 oculos
469 660 514 703 in
535 669 704 705 montes
727 661 845 704 unde
867 661 1015 705 veniat
1034 660 1244 705 auxilium
1265 662 1347 705 sibi
1363 696 1373 716 ,
1400 671 1450 705 ut

62 738 211 774 tamen
226 729 433 774 auxilium
455 747 583 775 suum
605 748 694 776 non
716 742 890 791 sperent
908 750 931 778 a
949 733 1172 778 montibus
1188 768 1199 789 ,
1219 732 1295 777 sed.
1316 749 1340 777 a
1360 736 1450 778 Do-

64 801 184 847 mino
202 802 279 862 qui
299 801 403 846 fecit
420 802 584 847 coelum
602 813 644 848 et
667 813 824 848 terram
838 807 870 847 ².

122 875 200 917 VI.
237 876 384 917 Potest
415 883 458 918 et
491 875 550 918 sic
584 874 990 920 convenientissime
1012 874 1224 933 intelligi,
1262 894 1278 915 «
1308 875 1451 920 Susci-

69 962 87 985 »
123 940 243 1002 piant
264 953 432 988 montes
450 961 601 1004 pacem
623 944 809 1005 populo,
847 966 865 987 »
889 955 939 989 ut
971 961 1123 1004 pacem
1156 945 1450 1004 intelligamus

63 1013 110 1057 in
131 1013 496 1066 reconciliatione,
514 1031 600 1075 qua
624 1019 713 1060 Deo
731 1015 1061 1059 reconciliamur
1077 1025 1265 1060 :montes
1288 1015 1450 1075 quippe

65 1099 160 1127 eam
195 1084 435 1143 suscipiunt
457 1085 622 1144 populo
644 1087 751 1145 ejus.
780 1088 872 1130 Hoc
894 1085 1128 1144 Apostolus
1155 1086 1213 1129 ita
1237 1094 1418 1128 testatur
1439 1104 1447 1129 :

69 1173 86 1195 «
123 1157 278 1198 Vetera
294 1155 570 1206 transierunt,
596 1172 695 1199 ecce
719 1154 832 1199 facta
854 1165 956 1199 sunt
978 1171 1111 1199 nova:
1138 1155 1282 1199 onmia
1306 1164 1451 1198 autem

68 1243 86 1264 »
122 1239 171 1267 ex
189 1230 294 1280 Deo,
320 1224 397 1285 qui
419 1224 711 1268 reconciliavit
731 1241 808 1268 nos
832 1225 913 1268 sibi
935 1240 1012 1284 per
1034 1225 1253 1269 Christum
1273 1259 1283 1279 ,
1309 1233 1353 1268 et
1372 1223 1450 1268 de-

69 1313 86 1336 »
122 1294 186 1338 dit
201 1295 326 1340 nobis
349 1295 636 1339 ministerium
659 1295 1034 1339 reconciliationis.
1055 1315 1072 1336 »
1096 1298 1208 1338 Ecce
1230 1294 1451 1354 quomodo

65 1365 307 1425 suscipiunt
335 1375 502 1410 montes
538 1381 689 1425 pacem
720 1364 884 1424 populo
909 1366 1014 1424 ejus.
1048 1384 1065 1404 «
1097 1371 1205 1408 Deus
1228 1365 1343 1408 enini
1362 1374 1453 1409 erat

71 1455 88 1477 »
123 1436 169 1478 in
191 1436 363 1480 Christo
381 1435 596 1483 mundum
614 1435 896 1479 reconcilians
919 1435 1015 1489 sibi,
1032 1451 1122 1479 non
1143 1445 1348 1494 reputans
1371 1435 1453 1478 illis

71 1525 87 1546 »
124 1504 280 1549 delicta
305 1521 482 1561 eorum,
505 1514 546 1548 et
568 1521 734 1564 ponens
763 1505 809 1548 in
841 1504 966 1548 nobis
988 1505 1174 1549 verbum
1198 1505 1452 1549 reconcilia-

70 1596 88 1618 »
125 1576 267 1620 tionis.
304 1598 321 1618 »
348 1579 399 1620 In
437 1577 597 1636 quibus
617 1612 627 1631 ,
665 1576 744 1620 nisi
781 1576 827 1619 in
860 1575 1081 1619 montibus
1104 1576 1181 1636 qui
1213 1576 1455 1635 suscipiunt

33 1660 41 1666 ”
64 1661 216 1706 pacem
238 1646 402 1706 populo
425 1648 548 1706 ejus?
584 1647 796 1699 Quocirca
832 1646 964 1704 legati
994 1647 1108 1705 pacis
1142 1647 1456 1706 subsequenter

66 1717 340 1777 adjungunt,
365 1726 409 1759 et
425 1716 604 1761 dicunt:
636 1736 652 1756 «
682 1721 764 1759 Pro
790 1716 962 1759 Christo
985 1732 1087 1774 ergo
1108 1715 1326 1774 legatione
1349 1717 1455 1760 fun-

71 1807 89 1829 »
125 1788 265 1846 gimur
280 1822 291 1842 ,
326 1796 536 1846 tanquam
559 1793 642 1830 Deo
665 1788 920 1830 exhortante
943 1801 1019 1845 per
1041 1802 1118 1830 nos
1136 1821 1146 1841 ,
1178 1788 1456 1832 obsecramus

71 1878 90 1900 >›
126 1874 206 1917 pro
224 1858 398 1903 Christo
418 1857 687 1902 reconciliari
704 1863 788 1901 Deo
802 1858 834 1901 ³.
850 1876 869 1898 n
898 1859 1020 1901 Hanc
1041 1873 1195 1916 pacem
1217 1859 1458 1918 suscipiunt

6 1951 8 1954 ·
71 1938 240 1973 montes
262 1927 427 1988 populo
459 1929 549 1987 ejus
570 1963 581 1983 ,
606 1928 652 1971 id
679 1937 771 1982 est,
798 1927 1152 1987 praedicationem
1174 1927 1458 1986 legationem*

68 2015 154 2059 que
185 1999 302 2059 pacis
325 2000 417 2059 ejus
441 2017 449 2042 :
477 1997 607 2042 colles
626 2008 769 2042 autem
789 1998 1024 2058 justitiam,
1044 1999 1126 2043 hoc
1149 2008 1227 2053 est,
1249 1999 1460 2043 obedien-

68 2069 188 2124 tiam,
211 2069 332 2130 quod
353 2078 416 2113 est
436 2068 481 2111 in
501 2068 752 2112 hominibus
774 2077 817 2112 et
838 2069 883 2111 in
900 2069 1018 2112 omni
1041 2068 1240 2113 rationali
1262 2079 1458 2114 creatura

71 2140 209 2184 omnis
244 2140 427 2199 justitiae
452 2139 573 2197 origo
592 2148 723 2198 atque
745 2137 955 2198 perfectio
973 2173 984 2194 ‚
1006 2139 1062 2184 ita
1086 2148 1136 2183 ut
1158 2139 1346 2184 duorum
1377 2141 1461 2184 ho-

69 2210 262 2265 minum,
286 2210 334 2254 id
354 2219 417 2254 est
437 2245 448 2265 ‚
473 2210 614 2254 Adam
650 2210 725 2269 qui
748 2209 832 2254 fuit
863 2204 995 2269 caput
1016 2210 1166 2254 mortis
1188 2220 1346 2255 nostrae
1368 2247 1379 2267 ‚
1417 2221 1461 2256 et

71 2280 231 2325 Christi
258 2280 334 2340 qui
363 2289 426 2333 est
461 2289 593 2339 caput
625 2279 773 2323 salutis
806 2289 987 2334 nostrae,
1014 2280 1107 2324 haec
1130 2281 1461 2325 commendetur

70 2366 227 2410 magna
250 2350 468 2395 distinctio
486 2387 497 2407 ,
522 2370 542 2394 «
569 2351 679 2404 Quia
713 2351 824 2396 sicut
854 2366 931 2410 per
956 2350 1301 2397 inobedientiam
1333 2352 1461 2397 unius

73 2440 94 2464 »
128 2421 315 2467 hominis
350 2431 598 2482 peccatores
633 2422 859 2467 constituti
888 2430 989 2466 sunt
1021 2421 1147 2466 multi
1166 2457 1175 2477 ‚
1211 2423 1268 2467 ita
1309 2432 1352 2466 ct
1385 2438 1461 2481 per

121 2548 129 2564 ¹
151 2553 162 2573 1
180 2542 250 2575 Cor.
273 2553 295 2582 1,
316 2550 365 2573 12.
383 2558 424 2565 —-
443 2548 456 2564 2
480 2541 559 2573 Psal.
581 2552 654 2583 cxx,
680 2552 708 2584 1,
725 2551 756 2574 2.
783 2539 971 2574 -32Co1·.
994 2553 1026 2583 v,
1052 2550 1157 2584 17—20,

285 2617 407 2647 CXVI..
1255 2609 1304 2642 27
