1889 3285
389 230 441 267 50
450 228 471 266 4
826 238 858 265 S.
894 239 1124 268 Aucus'rnu
1157 243 1338 270 EPISCOP1

384 319 483 364 quae
505 303 596 347 sine
632 301 769 347 dubio
791 302 1049 362 frangentur
1070 304 1116 348 in
1137 305 1238 349 fine.
1270 308 1368 351 Non
1394 305 1457 350 vis
1483 314 1533 350 ut
1559 304 1632 349 ille
1665 314 1771 350 tunc

384 373 577 432 frangat,
602 382 652 417 tu
682 372 813 418 hodie
844 373 1014 433 frange.
1045 374 1218 419 Audisti
1247 375 1362 419 enim
1393 391 1545 435 supra,
1576 373 1667 420 noli
1687 390 1771 420 con

386 453 577 488 temnere
602 463 612 488 ι
641 462 662 486 «
687 443 783 489 Dixi
807 443 993 505 iniquis:
1017 444 1160 489 Nolite
1187 444 1337 506 inique
1373 461 1526 505 agere,
1552 454 1596 498 et
1622 444 1768 490 delin-

383 532 404 556 »
440 513 698 574 quentibus,
733 512 877 559 Nolite
905 513 1091 559 exaltare
1123 530 1274 559 cornu.
1312 533 1332 557 »
1369 515 1554 568 Quando
1578 513 1764 572 audisti,

381 603 404 628 «
436 584 581 630 Nolite
597 584 783 629 exaltare
798 599 952 640 cornu,
976 603 997 626 »
1017 585 1315 645 contempsisti
1331 595 1375 630 et
1389 586 1583 631 exaltasti
1595 601 1733 631 cornu
1753 605 1764 632 ι

380 655 527 700 venies
547 654 602 699 ad
628 655 761 699 finem
779 689 790 710 ,
823 654 902 698 ubi
927 655 1003 699 fiet
1019 690 1030 711 ,
1059 673 1080 697 «
1114 656 1272 700 Omnia
1295 671 1460 700 cornua
1487 665 1769 716 peecatorum

382 744 404 768 »
439 724 710 785 confringam
729 760 740 782 ,
776 734 820 770 et
851 725 1158 770 exaltabuntur
1190 742 1353 772 cornua
1377 727 1499 787 justi.
1536 745 1556 768 »
1593 729 1770 773 Cornua

378 805 660 857 peccatorum
676 831 688 851 ‚
713 795 944 856 dignitates
966 797 1256 857 superborum
1283 817 1293 843 :
1323 813 1487 843 cornua
1515 798 1647 858 justi,
1671 813 1773 842 mu-

379 882 483 912 nera
501 867 676 912 Christi.
703 870 784 911 Per
807 882 970 912 cornua
992 868 1109 912 enim
1133 867 1420 913 submilitates
1446 868 1769 928 intelliguntur.

381 936 533 982 Oderis
556 937 603 982 in
628 947 742 982 terra
772 937 1087 983 sublimitatem
1109 947 1327 984 terrenam
1343 973 1355 994 ‚
1379 947 1432 983 ut
1457 939 1590 998 possis
1611 939 1773 983 habere

382 1007 622 1053 coelestem.
646 1011 777 1053 Amas
800 1017 1036 1065 terrenam,
1052 1025 1143 1054 non
1163 1018 1207 1054 te
1222 1009 1415 1054 admittit
1436 1009 1492 1054 ad
1513 1009 1734 1054 coelestem
1760 1028 1770 1055 ε

380 1087 426 1122 et
443 1077 498 1123 ad
526 1078 829 1124 confusionem
857 1080 1094 1139 pertinebit
1115 1078 1236 1141 quod
1262 1078 1479 1139 frangitur
1507 1080 1588 1124 tibi
1610 1095 1771 1135 cornu,

379 1147 604 1209 quomodo
627 1149 684 1193 ad
706 1148 888 1209 gloriam
920 1150 1160 1210 pertinebit
1174 1185 1185 1206 ,
1213 1151 1248 1195 si
1279 1149 1491 1194 exaltatur
1511 1150 1594 1194 tibi
1615 1162 1770 1195 cornu.

379 1217 514 1265 Modo
537 1233 640 1278 ergo
669 1228 733 1263 est
770 1228 944 1279 tempus
976 1219 1192 1279 eligendi,
1214 1228 1321 1264 tunc
1352 1235 1443 1264 non
1478 1220 1574 1264 erit.
1604 1223 1703 1266 Non
1730 1236 1774 1265 es

378 1288 575 1334 dicturus
596 1308 607 1334 ι
632 1289 834 1334 Dimittar
866 1299 910 1334 et
930 1289 1102 1348 eligam.
1122 1293 1440 1335 Praecesserunt
1475 1291 1591 1335 enim
1611 1306 1738 1336 voces
1758 1326 1770 1347 ,

384 1379 405 1402 «
428 1361 523 1405 Dixi
550 1360 725 1421 iniquis.
752 1379 772 1402 »
807 1363 851 1406 Si
885 1376 976 1406 non
1003 1360 1115 1417 dixi,
1141 1375 1245 1421 para
1279 1361 1603 1407 excusationem
1623 1397 1634 1418 ‚
1669 1379 1773 1423 para

381 1430 681 1476 defensionem
711 1451 721 1476 2
747 1431 782 1475 si
814 1441 962 1476 autem
991 1431 1106 1488 dixi,
1140 1447 1399 1493 praeoccupa
1429 1434 1770 1489 confessionem,

385 1516 442 1545 ne
464 1503 612 1546 venias
632 1501 688 1546 ad
709 1500 1035 1547 damnationem
1051 1522 1062 1560 3
1079 1502 1183 1562 quia
1201 1512 1306 1548 tunc
1319 1501 1532 1550 confessio
1549 1519 1643 1549 sera
1664 1504 1772 1561 erit,

384 1580 429 1615 et
449 1570 645 1616 defensio
667 1571 788 1616 nulla
810 1572 905 1616 erit.

384 1727 1097 1746 mmmmm
1313 1731 1771 1749 mmmmm

884 1848 1271 1898 ENARRATIO

774 1999 834 2038 IN
879 1998 1181 2040 PSALMUM
1230 1998 1419 2039 LXXV.

848 2141 998 2184 Sermo
1018 2137 1075 2182 ad
1094 2137 1314 2199 plebem¹.

440 2272 476 2314 Ι.
514 2272 684 2315 SOLENT
721 2271 882 2323 inimici
910 2271 1084 2316 Domini
1116 2274 1220 2316 Jesu
1252 2272 1412 2318 Christi
1441 2273 1644 2318 omnibus
1678 2275 1772 2320 noti

380 2343 405 2385 J
411 2341 524 2385 udaei
547 2340 720 2400 gloriari
738 2343 783 2387 in
804 2343 887 2387 isto
912 2342 1079 2387 Psalmo
1101 2378 1111 2398 ,
1133 2359 1267 2404 quem
1295 2345 1565 2390 cantavimus
1581 2381 1592 2401 ,
1618 2346 1771 2391 dicen-

380 2420 444 2456 tes
477 2431 486 2456 :
507 2431 528 2455 «
552 2414 691 2458 Notus
723 2413 768 2457 in
795 2413 949 2457 Judaea
979 2416 1122 2471 Deus,
1148 2415 1193 2458 in
1217 2413 1348 2458 Israel
1370 2430 1577 2474 magnum
1609 2432 1770 2461 nomen

429 2515 440 2532 ¹
461 2510 496 2541 In
511 2509 573 2542 isto
598 2512 751 2544 Sermone
780 2511 819 2543 ad
837 2510 965 2553 plebem
978 2536 987 2552 ,
1003 2512 1144 2553 disputat
1169 2511 1358 2553 Augustinus
1378 2517 1489 2546 contra
1506 2514 1688 2548 Donatistas
1701 2539 1711 2555 ,
1733 2519 1767 2547 et

384 2565 506 2596 tractat
521 2563 562 2597 de
577 2565 669 2597 votis.
