1889 3285
253 271 491 298 ENARRATIO
526 271 557 296 11
590 271 633 296 IN
668 269 867 296 PSALMUM
902 271 1030 308 Lvut,
1066 269 1203 298 SERMO
1238 272 1284 297 Π.
1409 258 1463 296 85

87 335 249 391 denna,
273 335 366 378 fieri
387 350 475 378 non
496 342 638 393 potest
654 343 703 377 111
720 334 930 392 superbus
952 350 1040 378 non
1069 335 1257 378 invideat
1279 354 1286 380 z
1314 334 1465 379 6111106

88 405 207 459 vitio,
231 404 350 466 quod
376 403 622 463 superbiam
643 404 880 448 necessario
912 403 1134 464 sequitur,
1171 403 1315 462 lapsus
1337 404 1468 448 etiam

22 526 23 531 Ἰ
87 476 241 521 invidit
264 475 409 528 stanti,
429 483 472 519 et
488 473 610 518 dedit
631 489 807 534 operam
830 473 1036 519 seducere
1058 474 1296 529 hominem,
1320 489 1375 518 ne
1391 474 1468 519 illo

21 560 23 580 ³
84 546 299 590 levaretur
321 543 438 588 unde
460 543 533 588 ille
557 544 748 604 dejectus
770 554 847 589 cst.
869 547 926 589 Et
951 544 1050 589 ideo
1067 544 1221 602 satagit
1242 559 1342 588 vera
1364 560 1466 604 per-

85 614 262 660 suadere
285 623 484 674 peccata,
510 614 610 675 quia
646 614 775 658 talem
791 613 984 674 judicem
1004 614 1216 658 habemus
1244 614 1321 657 ubi
1353 614 1467 674 obji-

20 698 23 732 ἑ
85 701 180 731 cere
209 685 315 730 falsa
350 700 436 729 non
472 685 620 745 possit.
663 687 773 730 Nam
802 685 836 728 si
873 683 990 744 apud
1017 683 1210 744 judicem
1244 684 1468 728 hominem

85 767 280 816 ageretur
304 772 429 801 causa
455 765 616 810 nostra,
653 771 783 816 quem
818 765 961 815 posset
982 754 1132 799 fallere
1153 755 1468 799 criminationi-

83 827 165 871 bus
186 825 317 882 falsis,
343 842 431 870 non
449 825 639 869 multum
662 835 809 885 ageret
825 836 875 870 ut
894 841 1170 885 peccaremus
1190 846 1200 881 3
1231 826 1332 885 quia
1345 824 1469 885 judi-

18 941 21 959 ÷
82 912 176 942 cem
205 896 412 952 sallendo,
435 905 478 940 et
500 897 752 941 innocentes
774 906 917 956 posset
931 897 1192 956 opprimere,
1218 905 1261 940 et
1283 897 1471 940 circum-

18 961 21 991 1
83 977 232 1013 ventos
264 967 319 1012 ad
346 984 390 1011 se
423 969 672 1022 traducere,
708 977 751 1011 ct
783 983 929 1011 secum
961 966 1243 1010 condemnari
1278 965 1419 1011 facere
1454 983 1466 1010 :

83 1056 198 1085 1111116
221 1055 321 1084 vero
343 1041 444 1100 quia
462 1042 541 1084 scit
563 1039 693 1084 talem
710 1039 904 1099 judicem
927 1039 1003 1098 qui
1028 1037 1116 1082 falli
1140 1053 1228 1081 non
1252 1039 1400 1097 possit,
1426 1047 1469 1082 et

16 1132 19 1177 ᾖ
81 1112 182 1170 quia
203 1111 283 1155 scit
310 1126 410 1155 eum
426 1113 595 1172 justum
619 1126 822 1170 personas
846 1110 1040 1169 accipere
1066 1125 1154 1152 non
1183 1124 1336 1167 posse,
1362 1108 1468 1152 tales

81 1182 119 1225 61
139 1181 234 1226 vult
261 1197 353 1226 reos
380 1181 636 1241 perducere,
662 1196 771 1241 quos
795 1195 967 1224 necesse
990 1179 1043 1223 sit
1074 1188 1123 1222 ut
1144 1178 1339 1233 damnet,
1366 1179 1467 1239 quia

15 1279 17 1319 3
76 1254 212 1312 justus
234 1262 311 1296 est.
341 1256 422 1296 Dat
442 1253 589 1312 itaque
615 1265 791 1310 operam
815 1259 863 1294 ut
894 1265 1125 1309 peccemus
1147 1249 1235 1292 sola
1259 1249 1465 1293 inviden-

79 1323 154 1377 tia,
179 1339 276 1383 quae
298 1322 534 1366 invidentia
565 1336 735 1365 necesse
764 1329 827 1363 est
854 1329 902 1364 ut
936 1320 1171 1363 comitetur
1199 1320 1463 1378 superbiam.

14 1402 16 1434 ἕ
80 1395 173 1437 Ηο6
199 1408 300 1450 ergo
326 1392 488 1436 malum
511 1391 712 1450 superbia
745 1399 807 1434 est
826 1425 835 1443 ,
864 1388 1103 1448 impediens
1131 1389 1460 1446 perfectionem.

14 1465 15 1525 J
76 1465 216 1508 Jactet
239 1479 341 1521 ergo
354 1479 397 1507 se
420 1464 603 1523 quisque
625 1461 679 1505 de
703 1461 874 1510 divitiis,
901 1462 1034 1520 jactet
1057 1460 1111 1503 de
1132 1459 1465 1519 pulcrhitudine

13 1558 15 1587 ς
79 1543 122 1578 61
142 1533 197 1577 de
211 1534 372 1577 viribus
390 1531 578 1593 corporis
597 1549 609 1584 ;
629 1533 708 1576 ista
731 1540 846 1576 certe
870 1531 1013 1575 omnia
1037 1530 1231 1575 mortalia
1255 1541 1357 1575 sunt
1378 1552 1386 1577 :
1407 1532 1466 1575 ri-

78 1603 209 1649 dendi
236 1614 340 1648 sunt
369 1604 445 1664 qui
467 1620 510 1647 se
541 1604 595 1647 de
615 1602 870 1648 mortalibus
887 1608 1055 1658 Jactant
1070 1638 1080 1657 ‚
1114 1618 1137 1645 a
1159 1602 1320 1662 quibus
1338 1603 1467 1647 rebus

78 1673 335 1734 plerumque
358 1684 432 1717 aut
449 1674 534 1719 vivi
551 1673 826 1727 deseruntur,
848 1681 924 1716 aut
947 1672 1110 1716 mortui
1129 1687 1198 1716 eas
1220 1688 1391 1717 necesse
1405 1682 1468 1718 est

11 1755 14 1804 ξ
77 1753 128 1788 ut
149 1743 362 1787 deserant.
390 1742 507 1786 Illud
537 1751 600 1786 est
617 1742 768 1785 vitium
795 1740 996 1800 capitale,
1021 1742 1141 1801 quod
1165 1757 1264 1786 cum
1284 1742 1469 1803 quisque

11 1812 13 1877 L
77 1814 189 1858 bene
205 1813 450 1873 profecerit,
476 1812 677 1872 superbia
701 1821 909 1865 tentatur,
936 1820 986 1854 ut
1007 1812 1163 1870 perdat
1187 1821 1328 1855 totum
1347 1813 1468 1873 quod

76 1883 273 1944 profecit.
298 1884 494 1943 Denique
515 1883 661 1927 onmia
681 1883 781 1926 vitia
804 1883 850 1925 in
868 1880 1105 1926 malefactis
1128 1881 1320 1926 timenda
1341 1893 1461 1939 sunt,

77 1955 277 2014 superbia
299 1954 344 1997 in
366 1952 600 1998 benefactis
623 1953 720 2011 plus
743 1951 978 1996 metuenda
1002 1961 1080 1995 est.
1106 1954 1202 1996 Non
1222 1954 1368 2012 itaque
1390 1954 1469 1997 mi-

77 2040 189 2078 rum,
216 2024 317 2084 quia
339 2023 397 2067 316
425 2033 488 2067 631
511 2022 684 2067 humilis
709 2022 957 2082 Apostolus,
983 2031 1033 2065 ut
1056 2021 1172 2066 dicat
1197 2042 1206 2066 ;
1237 2022 1464 2076 «Quando

80 2114 100 2138 »
133 2095 344 2149 infirmor,
370 2104 475 2138 tunc
494 2093 616 2139 fortis
638 2109 748 2137 sum.
774 2112 792 2134 »
818 2095 928 2138 Nam
948 2093 1033 2137 1106
1055 2092 1160 2137 vitio
1182 2109 1237 2137 ne
1258 2093 1348 2152 ipse
1365 2102 1463 2137 ten-

77 2175 254 2221 taretur,
277 2164 405 2226 quale
427 2164 507 2208 sibi
531 2163 898 2208 medicamentum
918 2163 1022 2207 dicit
1049 2164 1294 2222 appositum
1312 2173 1463 2208 contra

78 2245 292 2281 tumorem
314 2251 336 2279 a
365 2234 550 2290 medico,
578 2235 653 2295 qui
676 2235 803 2279 sciret
828 2232 936 2294 quid
953 2236 1150 2278 curaret?
1176 2253 1196 2276 «
1220 2236 1283 2279 Ne
1301 2236 1463 2293 magni-

82 2326 100 2348 »
137 2305 302 2359 tudine,
328 2305 498 2365 inquit,
526 2303 840 2349 revelationum
868 2303 1071 2360 extollar,
1107 2304 1234 2349 datus
1266 2315 1330 2349 est
1356 2305 1464 2349 mihi

80 2394 101 2419 »
135 2375 333 2421 stimulus
360 2376 498 2420 carnis
524 2390 646 2430 meae,
672 2373 848 2433 angelus
867 2377 1050 2430 Satanae,
1076 2375 1153 2435 qui
1175 2390 1245 2418 me
1266 2374 1462 2435 colaphi-

81 2465 102 2488 »
136 2457 216 2491 zet.
244 2451 425 2506 Propter
465 2446 587 2507 quod
608 2456 673 2490 ter
695 2446 931 2490 Dominum
957 2446 1129 2504 rogavi,
1153 2455 1204 2490 ut
1226 2446 1464 2490 discederet

83 2535 93 2556 ›
138 2534 159 2561 a
183 2533 273 2571 me,
294 2526 336 2561 et
358 2517 464 2560 dixit
485 2516 587 2560 1111111
607 2535 615 2560 :
637 2516 804 2560 Sufficit
827 2516 904 2559 tibi
925 2516 1058 2574 gratia
1076 2531 1187 2570 mea,
1211 2531 1308 2559 nam
1328 2517 1463 2559 virtus

94 2536 103 2558 ψ
