1889 3285
384 228 623 257 ENAnnAno
657 232 700 256 m
734 230 935 257 ΡεΑωιυΜ
968 232 1103 258 vau.
1344 221 1426 258 273

49 294 320 338 sullicientia.
351 294 547 353 Denique
563 294 757 353 sequitur
785 313 793 338 :
823 314 843 337 «
868 293 1027 339 Parasti
1050 295 1094 338 in
1126 303 1197 338 tua
1219 295 1430 339 suavitate

53 382 73 405 »
109 364 268 422 egenti,
289 366 436 408 Deus¹.
465 367 516 407 In
536 372 611 407 tua
627 365 884 421 suavitatem
910 364 1058 409 nonin
1073 363 1187 408 illius
1205 364 1428 409 facultate.

49 437 191 493 Egens
218 443 280 478 est
302 435 438 489 enim,
463 435 670 494 quoniam
700 435 941 479 infirmatus
972 444 1051 490 est,
1075 444 1124 479 ut
1146 435 1394 494 perficiatur
1419 452 1430 477 ε

49 504 227 563 agnovit
247 519 290 547 se
312 503 593 561 indigentem,
610 513 659 548 ut
672 504 902 564 repleatur.
925 507 1029 549 Haec
1051 513 1114 548 est
1131 504 1205 549 illa
1226 505 1428 560 suavitas,

49 573 104 617 de
122 590 209 633 qua
230 572 333 617 alibi
351 573 509 617 dicitur
526 593 534 618 :
560 593 579 616 «
598 574 808 619 Dominus
830 574 952 619 dabit
968 574 1241 629 suavitatem,
1260 583 1303 618 et
1319 583 1433 619 terra

51 661 72 685 »
108 652 254 687 nostra
268 643 389 687 dabit
410 642 602 687 fructum
626 648 796 688 suum‘2:
821 664 840 685 ³>
862 653 912 688 ut
933 644 1100 688 bonum
1123 660 1231 703 opus
1253 645 1329 688 fiat
1341 660 1432 688 non

49 713 219 768 timore,
240 712 316 757 scd
329 728 474 757 amore
491 731 502 765 3
522 729 612 758 non
624 712 857 757 formidine
873 730 1033 773 poenae,
1055 713 1130 758 sed
1148 713 1433 758 delectatione.

42 783 237 843 justitiae.
260 787 357 842 Ipsa
379 793 442 828 est
464 784 578 827 enim
603 800 701 828 vera
724 794 767 828 et
787 800 887 828 sana
911 784 1101 828 libertas.
1126 784 1209 829 Sed
1231 785 1435 829 Dominus

48 854 131 898 hoc
154 855 296 912 egenti
317 854 499 913 paravit,
521 870 609 898 non
627 853 891 915 abundanti,
910 854 981 898 cui
1003 854 1238 913 opprobrio
1260 863 1324 899 est
1354 855 1435 898 ista

0 940 1 944 ¹
48 933 279 984 paupertas
308 943 315 967 :
342 923 396 967 de
420 924 621 983 qualibus
644 925 747 968 alibi
781 924 940 968 dicitur
967 946 975 969 :
1007 945 1025 966 ι(
1051 925 1347 984 Opprobrium
1371 925 1436 969 his

0 1014 2 1019 ·
50 1011 70 1035 »
107 994 184 1054 qui
206 992 448 1047 abundant,
475 1003 517 1037 et
534 993 751 1053 despectio
774 994 1012 1053 superbis3.
1042 1013 1061 1035 »
1088 997 1176 1039 Hos
1195 995 1311 1038 euim
1329 994 1437 1038 dixit

48 1063 272 1122 superbos,
298 1079 407 1122 quos
425 1062 534 1106 dixit
555 1063 630 1123 qui
653 1063 894 1107 abundant.

108 1136 226 1177 XlV.
253 1134 504 1178 «Dominus
527 1134 648 1178 dabit
671 1135 853 1178 verbum
882 1154 890 1178 :
919 1153 938 1175 >›
972 1135 1131 1178 cibaria
1154 1135 1317 1179 scilicet
1343 1135 1435 1179 ani-

0 1255 1 1258 *
46 1203 233 1248 malibus
257 1204 357 1259 suis,
379 1221 478 1264 quae
495 1204 803 1249 inhabitabunt
823 1205 868 1247 in
886 1220 950 1248 ea.
969 1205 1054 1249 Sed
1071 1205 1178 1265 quid
1192 1207 1437 1265 operabun-

46 1283 118 1318 tur
137 1275 231 1317 haec
257 1273 458 1318 animalia
475 1309 485 1328 ,
510 1274 670 1333 quibus
694 1273 815 1317 dabit
837 1275 1052 1318 verbum?
1083 1275 1190 1334 quid
1216 1276 1297 1319 nisi
1314 1274 1436 1335 quod

0 1347 1 1350 ’
47 1340 268 1404 sequitur?
296 1363 315 1385 «
345 1344 756 1402 Evangelizantibus
790 1342 950 1387 virtute
971 1344 1149 1387 multa⁴.
1178 1363 1198 1385 »
1232 1347 1328 1397 Qua
1349 1345 1436 1388 vir-

46 1424 156 1470 tute,
182 1415 262 1458 nisi
284 1414 540 1458 fortitudine
560 1414 633 1458 illa
655 1414 700 1457 in
723 1430 808 1474 qua
829 1414 975 1458 educit
1002 1414 1301 1473 compeditos?
1327 1418 1436 1460 For-

47 1495 156 1530 tasse
179 1486 307 1529 etiam
331 1486 537 1530 virtutem
570 1485 639 1529 hic
664 1484 779 1529 dicat
811 1484 926 1529 illam
948 1520 958 1540 ,
987 1501 1073 1545 qua
1096 1486 1436 1544 evangelizantes

47 1555 259 1600 mirabilia
277 1555 398 1614 signa
420 1553 634 1598 fecerunt.

105 1628 203 1669 XV.
225 1625 325 1678 Quis
343 1640 444 1683 ergo
471 1644 490 1666 «
511 1624 641 1668 Dabit
656 1624 840 1668 verbum
858 1623 1255 1682 evangelizantibus
1274 1625 1436 1670 virtute

51 1714 72 1736 »
107 1695 269 1739 multa?
288 1698 397 1749 Rex,
421 1695 580 1754 inquit,
604 1694 816 1737 virtutum
840 1693 1028 1758 Dilecti5.
1054 1711 1073 1734 »
1096 1697 1224 1738 Pater
1246 1709 1348 1753 ergo
1371 1704 1436 1740 θεῖ

48 1780 124 1808 rex
143 1765 356 1809 virtutum
380 1763 491 1807 Filii.
538 1763 726 1807 Dilectus
759 1764 894 1815 enim,
926 1762 1104 1821 quando
1134 1779 1224 1807 11011
1258 1765 1435 1823 ponitur

47 1834 145 1894 quis
158 1833 357 1888 dilectus,
380 1849 457 1892 pei·
479 1834 820 1877 antonomasiam
838 1832 971 1876 Filius
984 1833 1138 1876 unicus
1157 1833 1430 1891 intelligitur.

47 1907 117 1948 An
141 1904 355 1948 virtutum
378 1918 553 1947 suarum
584 1918 656 1946 rex
684 1903 774 1962 ipse
804 1902 961 1959 Filius,
993 1903 1219 1946 Virtutum
1256 1919 1434 1948 suarum

49 1974 210 2018 scilicet
231 1974 310 2017 sibi
336 1973 643 2017 servientium?
669 1991 688 2013 «
724 1972 834 2025 Quia
863 1972 1024 2015 virtute
1048 1972 1186 2016 multa
1216 1974 1436 2032 evangeli-

0 2070 1 2085 ι
53 2061 73 2084 »
108 2043 306 2086 zantibus
329 2042 451 2086 dabit
467 2042 652 2086 verbum
674 2045 764 2085 Rex
782 2042 1021 2095 Virtutum,
1048 2062 1064 2082 »
1084 2042 1138 2085 de
1160 2058 1248 2102 quo
1267 2043 1435 2088 dictum

50 2122 143 2157 est:
168 2132 186 2154 «
213 2113 422 2156 Dominus
449 2112 694 2165 Virtutum,
728 2113 820 2170 ipse
842 2120 905 2155 est·
926 2115 1018 2154 Rex
1041 2111 1228 2170 gloriaess.
1257 2131 1277 2153 ³>
1309 2113 1436 2167 Quod

52 2192 196 2228 autem
219 2197 308 2226 non
330 2181 435 2224 dixit
462 2200 470 2224 :
505 2199 525 2222 ι(
551 2184 642 2224 Rex
663 2181 875 2225 virtutum
898 2196 1098 2235 suarum,
1122 2199 1141 2221 n
1169 2181 1244 2225 sed
1259 2217 1269 2237 ,
1299 2202 1318 2224 «
1344 2187 1434 2227 Rex

57 2274 74 2294 »
109 2253 321 2297 virtutum
344 2251 515 2300 Dilecti‚
536 2269 555 2291 »
576 2251 739 2295 locutio
757 2251 878 2294 estin
895 2251 1121 2309 Scripturis
1138 2252 1428 2309 usitatissima,

51 2323 86 2366 si
103 2323 198 2382 quis
222 2322 416 2365 advertat
434 2341 441 2364 :
458 2320 578 2380 quod
598 2320 660 2363 ibi
677 2322 860 2364 maxime
882 2329 1074 2379 apparet,
1092 2320 1170 2364 ubi
1185 2323 1312 2366 etiam
1330 2339 1434 2382 pro-

51 2394 196 2453 prium
218 2408 378 2437 nomen
397 2392 663 2451 exprimitur,
685 2401 733 2436 ut
746 2391 948 2435 eumdem
963 2407 1066 2446 esse,
1084 2391 1238 2452 dequo
1257 2393 1429 2449 dicitur,

103 2496 112 2511 ¹
131 2489 212 2521 Psal.
235 2499 332 2529 vau,
352 2499 401 2519 11.
419 2504 460 2510 --
483 2488 558 2519 ²111.
579 2498 704 2529 Lxxxiv,
724 2487 772 2519 13.
794 2485 862 2509 -3
885 2487 931 2519 Id.
948 2485 1090 2528 cxx11,!4.
1107 2505 1148 2510 —
1162 2486 1236 2520 [old.
1259 2499 1357 2530 van,
1376 2497 1427 2521 12.

56 2561 97 2567 —
115 2538 127 2563 ⁵
153 2545 235 2576 Ibid.
253 2554 319 2575 xm.
336 2559 373 2565 -
394 2541 409 2564 0
422 2543 468 2575 Id.
486 2553 574 2584 xxm,
597 2554 648 2576 10.

241 2608 361 2637 cxvl.
1185 2598 1236 2635 ’18
