1889 3285
457 219 698 251 ENARRAno
729 224 774 251 nv
806 221 1010 252 PsALMUM
1041 225 1129 252 nx.
1435 216 1489 256 95

117 305 139 329 »
172 288 218 331 in
238 286 454 332 mundum
471 290 511 331 ¹?
531 307 551 329 »
575 289 617 334 Si
635 304 736 347 ergo
753 290 948 335 Christus
970 291 1091 337 venit
1111 292 1283 336 mittere
1299 292 1345 337 in
1365 308 1492 337 mun-

113 357 220 401 dum
242 357 387 416 ignem
404 392 416 412 ,
440 358 594 418 utique
629 358 860 403 salubriter
884 369 1013 421 atque
1035 360 1222 416 utiliter,
1257 377 1348 406 non
1383 379 1493 423 quo-

111 427 244 473 modo
281 428 486 472 missurus
523 439 588 474 est
623 429 838 475 mundum
874 432 919 475 in
954 431 1099 490 ignem
1120 466 1130 486 ‚
1166 432 1241 476 sed
1270 433 1491 492 quomodo

111 499 256 558 ignem
271 498 319 543 in
339 499 584 544 mundum?
601 501 815 554 Quoniam
839 517 941 561 ergo
957 502 1077 546 venit
1097 502 1241 560 ignem
1256 503 1427 548 mittere
1445 505 1492 548 in

110 567 327 613 mundum
341 603 353 624 ,
378 585 624 629 quaeramus
640 572 730 630 jam
753 571 860 632 quid
881 572 934 616 sit
951 573 1259 631 Mesopotamia
1280 589 1378 633 quae
1399 586 1491 618 suc-

109 654 235 684 censa
258 648 342 694 est,
368 639 475 699 quid
495 640 550 684 sit
569 641 690 698 Syria
716 641 861 686 Sobal.
885 642 1265 700 Interpretationes
1283 658 1386 701 ergo
1408 659 1490 688 no-

109 709 279 753 minum
300 709 614 767 interrogemus
628 710 869 756 secundum
885 712 1110 756 hehraeum
1132 710 1372 773 eloquium,
1402 730 1490 774 quo

108 779 300 839 primum
316 779 410 824 haec
433 781 653 839 Scriptura
684 781 829 826 locuta
852 791 929 826 est.
958 782 1312 842 Mesopotamiam
1338 782 1492 828 dicunt

108 848 382 909 interpretari
401 849 609 895 elevatam
633 853 919 896 vocationem.
946 855 1042 896 Jam
1064 862 1180 897 totus
1201 853 1392 898 mundus
1412 870 1491 899 vo-

108 920 278 964 catione
300 918 492 964 elevatus
514 930 591 965 est.
620 922 743 979 Syria
755 922 1062 981 interpretatur
1086 922 1295 967 sublimis.
1315 923 1399 968 Sed
1416 924 1491 969 illa

107 1005 208 1049 quae
229 999 319 1034 erat
340 989 534 1035 sublimis
553 1026 563 1046 7
588 992 763 1036 incensa
786 1001 849 1036 est
870 1001 913 1035 et
933 991 1158 1037 humiliata
1178 1011 1188 1037 t
1209 1002 1252 1037 et
1273 993 1490 1053 quemad-

101 1058 285 1103 modum
303 1059 531 1105 humiliata
567 1071 632 1106 est
665 1077 764 1121 quae
803 1060 948 1106 fuerat
967 1061 1170 1117 exaltata,
1197 1063 1256 1107 sic
1278 1064 1490 1108 exaltetur

101 1144 202 1189 quae
226 1128 367 1173 fuerat
390 1129 630 1175 humiliata.
659 1130 789 1176 Sobal
810 1132 1120 1191 interpretatur
1145 1148 1258 1177 vana
1278 1142 1483 1178 vetustas.

103 1201 268 1245 Gratias
281 1201 452 1245 Christo
466 1202 541 1261 qui
563 1217 657 1246 eam
675 1202 913 1247 succendit.
929 1204 1115 1256 Quando
1134 1213 1280 1248 vetera
1301 1204 1488 1262 virgulta

102 1270 456 1326 succenduntur,
489 1272 624 1316 vireta
659 1271 931 1330 succedunt3
957 1282 1001 1316 et
1034 1272 1215 1317 alacrius
1237 1282 1280 1317 et
1311 1274 1488 1319 uberius

102 1350 146 1386 et
179 1340 355 1386 viridius
376 1357 487 1386 nova
510 1353 749 1387 nascuntur
769 1378 779 1398 ‚
806 1358 907 1387 cum
929 1359 979 1387 ea
1000 1343 1108 1401 ignis
1141 1345 1186 1389 in
1214 1353 1488 1390 vetustorum

100 1413 380 1458 succensione
403 1415 681 1473 praecesserit.
701 1417 799 1459 Non
823 1430 925 1473 ergo
947 1415 1150 1459 timeatur
1167 1415 1278 1474 ignis
1295 1417 1484 1473 Christi,

100 1483 273 1528 foenum
294 1485 524 1529 consumit.
554 1504 574 1527 «
599 1486 748 1529 Omnis
777 1486 893 1530 enim
917 1502 1015 1531 caro
1050 1487 1250 1541 foenum,
1284 1496 1327 1530 et
1349 1490 1487 1532 omnis

103 1572 125 1596 »
161 1554 331 1599 claritas
362 1555 550 1599 hominis
581 1556 694 1599 sicut
713 1556 793 1600 flos
813 1554 923 1600 foeni
933 1560 964 1600 ².
986 1575 1006 1598 »
1031 1558 1266 1603 Succendit
1288 1576 1390 1619 ergo
1408 1561 1487 1604 ista

101 1623 178 1669 illo
213 1624 328 1683 igne.
359 1643 380 1667 «
405 1627 463 1669 Et
484 1625 697 1670 convertit
713 1626 841 1671 Joab.
870 1644 890 1668 ³»
917 1627 1029 1671 Joab
1068 1628 1380 1688 interpretatur
1402 1631 1487 1674 ini-

101 1694 253 1738 micus.
272 1696 514 1739 Conversus
537 1703 600 1738 est
620 1694 822 1740 inimicus
844 1697 990 1756 :quod
1011 1697 1074 1741 vis
1091 1697 1284 1757 intellige
1304 1715 1314 1740 z
1331 1700 1365 1743 si
1386 1715 1486 1744 con-

101 1779 249 1808 versus
280 1764 326 1807 in
361 1764 533 1823 fugam,
568 1763 769 1809 diabolus
799 1775 864 1809 est
888 1785 898 1810 t
921 1766 955 1809 si
978 1781 1210 1811 conversus
1246 1768 1302 1813 ad
1322 1768 1454 1814 fidem
1471 1804 1483 1825 ,

103 1834 371 1880 Christianus
388 1844 466 1878 est.
486 1834 719 1886 Quomodo
740 1836 786 1878 in
804 1835 979 1893 fugam?
997 1839 1058 1880 De
1073 1837 1204 1880 corde
1223 1839 1455 1883 Christiani
1474 1858 1483 1883 :

107 1923 128 1946 «
150 1904 353 1963 Princeps
370 1904 498 1964 hujus
520 1903 688 1956 mundi,
702 1904 867 1964 inquit,
890 1920 1008 1949 nunc
1031 1906 1184 1950 missus
1206 1916 1270 1951 est
1290 1908 1405 1952 foras
1420 1910 1482 1952 ³.»

104 1977 346 2020 Conversus
362 1984 508 2019 autem
529 1975 584 2018 ad
605 1967 840 2019 Dominum
862 1976 1131 2021 Christianus
1145 2012 1156 2032 ,
1182 1993 1317 2037 quare
1337 1979 1486 2023 inimi-

103 2062 180 2091 cus
207 2047 463 2091 conversus?
491 2046 598 2098 Quia
627 2045 764 2090 fidelis
786 2045 926 2091 factus
944 2082 955 2102 ‚
980 2048 1056 2107 qui
1091 2047 1235 2092 fuerat
1267 2049 1481 2095 inimicus.

107 2135 129 2160 «
155 2117 370 2162 Percussit
389 2116 545 2161 Edom.
560 2134 580 2157 »
600 2119 914 2175 Interpretatur
934 2117 1077 2161 Edoni
1095 2127 1305 2163 terrenus.
1326 2120 1487 2164 Debuit

103 2188 271 2247 percuti
295 2196 490 2231 terrenus
511 2187 604 2230 iste.
644 2186 809 2246 thuid
831 2187 947 2231 enim
970 2188 1136 2232 viveret
1163 2199 1381 2245 terrenus,
1409 2190 1485 2250 qui

103 2258 288 2302 coelestis
324 2257 456 2301 debet
475 2257 648 2301 vivere?
670 2255 904 2301 Interfecta
941 2266 1005 2301 est
1026 2273 1128 2316 ergo
1162 2259 1252 2303 vita
1284 2269 1455 2304 terrena
1471 2295 1482 2315 ‚

104 2329 219 2373 vivat
241 2321 444 2373 coelestis.
482 2328 601 2372 Sicut
621 2328 736 2371 enim
758 2328 1027 2387 portavimus
1043 2329 1276 2388 imaginem
1298 2331 1482 2386 terreni,

104 2408 342 2458 portemus,
362 2407 406 2443 et
425 2398 658 2456 imaginem
681 2399 771 2458 ejus
793 2398 870 2458 qui
888 2397 942 2443 de
959 2398 1074 2443 coelo
1093 2408 1157 2443 est
1171 2400 1203 2444 ⁴.
1229 2400 1339 2444 Vide
1360 2400 1486 2444 illum

105 2469 290 2514 interfici
322 2488 331 2514 ε
362 2489 382 2511 «
410 2468 670 2514 Mortificate
705 2469 901 2513 membra
934 2479 1075 2514 vestra
1096 2487 1195 2531 quae
1223 2480 1325 2515 sunt
1356 2487 1485 2531 super

153 2560 162 2577 ¹
180 2556 253 2585 Luc.
268 2564 312 2585 xu
326 2579 333 2593 ‚
355 2552 409 2595 49.
426 2570 466 2576 -
486 2554 590 2585 21sat.
611 2563 664 2594 xi,
679 2553 711 2585 6.
730 2570 771 2576 -—
798 2551 811 2576 3
832 2555 923 2586 Joau.
943 2565 998 2595 ιιι,
1021 2555 1075 2586 31.
1095 2571 1136 2578 —
1159 2554 1176 2586 4
1199 2566 1212 2587 1
1231 2557 1302 2588 Cor.
1319 2566 1374 2596 xv,
1393 2553 1447 2597 49.
