1889 3285
401 243 486 283 502
840 253 874 283 s.
910 253 1142 283 Aucus-nm
1171 254 1355 283 Eprscom

402 318 642 364 obscuritas
679 319 1026 379 Scripturarum,
1053 317 1231 362 difficile
1267 328 1330 364 est
1362 328 1414 363 ut
1448 333 1587 363 unum
1615 318 1787 379 pariant

397 388 684 433 intellectum.
726 390 1003 451 Quicumque
1033 398 1179 432 tamen
1201 388 1447 434 intellectus
1477 390 1650 445 exierit,
1675 404 1786 450 opus

397 468 462 504 est
491 468 542 503 ut
563 460 723 518 regulae
746 459 847 504 fidei
869 467 1084 519 congruat
1116 478 1126 504 ι
1151 475 1231 504 nec
1252 460 1489 520 majoribus
1516 460 1783 516 invidemus,

396 545 479 575 nec
506 530 677 591 parvuli
696 531 995 591 desperamus.
1034 530 1151 584 Quid
1177 530 1302 575 nobis
1324 530 1523 575 videatur
1557 530 1654 575 dico
1678 532 1788 576 Cha-

395 602 514 647 ritati
546 604 711 647 Vestrae
732 638 742 658 ,
778 619 869 648 non
901 612 952 647 ut
979 602 1205 648 obstruam
1236 617 1359 647 aures
1388 612 1549 647 vestras
1584 602 1788 647 adversus

396 673 503 717 alios
525 672 680 718 melius
704 672 870 734 aliquid
887 672 1000 718 forte
1018 674 1226 718 dicturos.
1251 672 1373 717 Calix
1390 673 1480 716 vini
1501 673 1610 717 meri
1633 672 1788 733 plenus

394 743 531 788 mixto
548 778 559 799 ‚
588 742 762 788 videtur
791 743 899 788 mihi
921 759 1011 788 esse
1033 746 1123 787 Lex
1142 777 1154 798 ‚
1180 759 1280 804 quae
1305 742 1406 787 data
1437 752 1501 788 est
1524 742 1688 787 Judaeis
1704 778 1715 799 ,
1746 752 1790 788 et

396 815 537 859 omnis
558 813 633 859 illa
657 815 881 875 Scriptura
903 815 1071 859 Veteris
1093 813 1216 875 quod
1236 813 1397 858 dicitur
1421 815 1704 870 Testamenti,
1729 814 1790 858 ibi

394 895 498 930 sunt
530 885 726 946 pondera
770 885 969 931 omnium
1010 886 1338 930 sententiarum.
1374 888 1484 931 Nam
1523 886 1585 929 ibi
1616 888 1789 931 Novum

396 960 722 1002 Testamentum
743 955 1050 1002 absconditum
1071 956 1193 1012 latet,
1209 965 1420 1017 tanquam
1441 957 1487 1000 in
1509 955 1617 1001 iaece
1639 971 1788 1016 corpo-

394 1027 553 1072 ralium
576 1037 962 1073 sacramentorum.
992 1027 1272 1073 Circumcisio
1305 1027 1445 1072 carnis
1477 1028 1626 1087 magni
1648 1043 1790 1072 sacra-

395 1098 534 1142 menti
570 1113 636 1142 res
674 1108 738 1142 θεῖ
756 1134 767 1154 ,
808 1108 851 1143 θῖ
889 1097 1149 1157 intelligitur
1181 1097 1284 1142 inde
1322 1098 1594 1143 circumcisio
1631 1098 1787 1143 cordis.

397 1166 630 1226 Templum
663 1167 776 1212 illud
808 1167 1049 1212 Jerusalem
1084 1167 1234 1226 magni
1266 1168 1525 1212 sacramenti
1547 1177 1610 1211 est
1633 1183 1723 1223 res,
1749 1176 1792 1211 et

397 1236 659 1296 intelligitur
676 1253 727 1281 ex
749 1253 800 1282 eo
820 1253 977 1297 corpus
999 1238 1190 1282 Domini.
1219 1240 1349 1282 Terra
1370 1238 1664 1297 promissionis
1680 1274 1691 1294 ‚
1720 1238 1791 1282 in-

396 1306 608 1366 telligitur
622 1323 806 1366 regnum
819 1306 1051 1352 coelorum.
1073 1307 1340 1352 Sacrificium
1358 1308 1633 1352 victimarum
1649 1318 1692 1352 et
1712 1324 1791 1368 pe-

397 1392 552 1423 corum
570 1392 777 1436 magnum
798 1377 933 1422 habet
954 1387 1301 1422 sacramentum:
1327 1378 1402 1422 scd
1420 1379 1465 1422 in
1487 1379 1690 1423 omnibus
1708 1377 1791 1423 illis

399 1449 630 1509 generibus
669 1449 981 1494 sacrificiorum
1023 1447 1284 1508 intelligitur
1311 1464 1453 1493 unum
1481 1448 1593 1494 illud
1625 1449 1791 1494 sacrifi-

398 1520 516 1565 cium
556 1529 600 1564 et
629 1520 757 1564 unica
792 1519 969 1564 victima
998 1519 1043 1563 in
1080 1535 1209 1563 cruce
1243 1520 1455 1564 Dominus
1484 1539 1493 1566 z
1518 1535 1598 1580 pro
1631 1520 1792 1580 quibus

399 1590 606 1636 omnibus
627 1589 842 1634 sacrificiis
867 1604 1008 1633 unum
1030 1604 1108 1633 nos
1130 1589 1344 1634 habemus
1363 1611 1374 1648 3
1399 1590 1502 1650 quia
1524 1599 1567 1634 et
1585 1590 1660 1634 illa
1678 1591 1793 1650 figu-

400 1659 556 1704 rabant
580 1661 692 1715 haec,
718 1658 764 1703 id
786 1668 850 1703 est
866 1695 876 1715 ,
896 1658 979 1704 illis
1001 1660 1095 1704 haec
1118 1660 1435 1719 figurabantur.
1458 1661 1638 1721 Accepit
1658 1676 1796 1721 popu-

400 1731 468 1776 lus
485 1730 559 1775 ille
581 1734 764 1790 Legem,
791 1731 958 1790 accepit
983 1731 1189 1775 mandata
1205 1732 1324 1792 justa
1347 1741 1390 1776 et
1412 1733 1546 1777 bona.
1570 1731 1685 1785 Quid
1707 1741 1795 1776 tam

393 1803 564 1864 justum
586 1817 719 1862 quam
736 1837 746 1857 ‚
777 1803 911 1847 «Non
934 1801 1129 1860 occides3
1148 1804 1247 1847 Non
1268 1803 1581 1860 moechaberis3
1605 1805 1701 1848 Non
1724 1802 1797 1847 fu-

403 1893 424 1916 »
460 1873 623 1918 raberis
636 1894 647 1932 3
661 1875 759 1918 Non
778 1871 937 1917 falsum
957 1873 1256 1918 testimonium
1274 1873 1390 1919 dices
1406 1894 1417 1931 3
1433 1876 1609 1919 Honora
1626 1883 1796 1932 patrem

403 1963 423 1987 >›
459 1954 503 1989 et
534 1953 754 2002 matrem3
786 1946 884 1989 Non
916 1945 1195 2004 concupisces
1231 1960 1322 1989 rem
1350 1945 1534 2004 proximi
1565 1944 1663 2002 tui3
1697 1946 1796 1990 Non

401 2033 422 2056 »
458 2015 736 2075 concupisces
763 2030 946 2059 uxorem
978 2015 1163 2074 proximi
1188 2015 1280 2071 tui3
1305 2015 1449 2058 Unum
1479 2016 1618 2058 Deum
1638 2013 1795 2059 adora—

402 2103 423 2128 »
458 2085 524 2130 bis
538 2121 549 2141 ‚
589 2095 631 2130 et
653 2085 732 2146 ipsi
754 2085 833 2130 soli
854 2085 1009 2130 servies
1025 2087 1101 2126 1?»
1121 2084 1279 2128 Omnia
1301 2084 1382 2129 ista
1411 2084 1467 2128 ad
1484 2084 1635 2128 vinum
1657 2086 1793 2145 perti-

399 2165 521 2200 nent.
544 2155 622 2200 Illa
653 2171 757 2200 vero
779 2155 968 2200 carnalia
989 2155 1112 2215 quasi
1136 2153 1392 2199 resederunt
1412 2191 1422 2209 ‚
1448 2163 1497 2199 ut
1520 2165 1795 2200 remanerent

400 2226 520 2286 apud
545 2225 663 2281 illos,
690 2235 733 2270 et
764 2225 1066 2270 effunderetur
1082 2224 1186 2269 inde
1209 2225 1350 2269 omnis
1372 2224 1573 2284 spiritalis
1594 2225 1794 2270 intellec-

400 2305 485 2341 tus.
515 2314 536 2338 «
555 2296 675 2341 Calix
703 2311 805 2340 vero
830 2296 875 2339 in
896 2311 1031 2340 manu
1057 2296 1258 2352 Domini,
1282 2313 1302 2337 »
1327 2295 1373 2338 id
1396 2304 1460 2340 θεῖ
1476 2331 1486 2351 ,
1512 2296 1558 2340 in
1582 2305 1794 2356 potestate

398 2366 572 2412 Domini
594 2385 602 2410 :
634 2385 654 2407 «
679 2365 781 2409 Vini
804 2365 910 2409 meri
929 2401 940 2419 ‚
970 2385 986 2406 »
1019 2365 1065 2410 id
1087 2374 1150 2409 est
1167 2402 1177 2421 ‚
1203 2367 1327 2424 Legis
1350 2365 1529 2411 sincerae
1550 2386 1558 2411 ε
1591 2386 1610 2408 «
1633 2365 1792 2410 Plenus

402 2455 423 2478 >›
459 2445 522 2480 est
546 2436 705 2490 mixto,
734 2454 754 2476 n
780 2436 824 2479 id
849 2445 935 2491 est,
967 2451 1067 2479 cum
1095 2436 1203 2479 faece
1234 2436 1526 2496 corporalium
1549 2452 1792 2481 sacramen-

400 2516 562 2552 torum.
588 2508 645 2550 Et
667 2505 796 2565 quia,
826 2525 846 2547 «
873 2508 1001 2550 Hunc
1023 2505 1239 2562 humiliat,
1260 2526 1279 2548 >›
1297 2508 1535 2567 superbum
1557 2507 1789 2565 Judaeum3

456 2597 465 2613 ¹
483 2590 579 2622 Exod.
601 2601 654 2631 xx,
676 2601 767 2632 717,
789 2594 821 2622 et
839 2593 931 2622 Deut.
953 2600 984 2630 v,
999 2589 1093 2622 6-21.
