1889 3285
393 249 476 292 458
824 258 858 287 s.
894 258 1125 294 AUGUS'L‘INI
1159 261 1339 294 Emscom

389 335 571 387 gentum
585 359 598 381 2
623 333 668 375 et
687 325 942 385 pecuniam,
967 334 1013 372 et
1031 339 1167 385 equos
1183 359 1194 380 ‚
1213 333 1259 372 et
1278 322 1487 370 familiam
1505 357 1517 379 ‚
1538 331 1582 370 et
1595 321 1777 370 caetera?

388 398 529 447 Absit.
561 399 647 445 Iste
667 396 810 456 ipsum
832 396 973 445 solum
998 404 1135 450 amat,
1172 395 1301 454 gratis
1322 404 1438 439 amat
1458 416 1470 452 ς
1494 394 1595 455 quia
1618 393 1664 437 in
1685 393 1777 452 ipso

388 468 521 513 habet
544 467 688 517 omnia
705 503 716 523 ,
737 468 839 528 quia
869 483 945 527 per
965 467 1106 526 ipsum
1138 466 1253 511 facta
1284 474 1387 509 sunt
1407 465 1553 512 omnia
1570 465 1602 508 ¹.
1624 482 1647 507 ι(
1671 467 1778 512 Per-

390 556 411 585 »
446 538 615 593 didisti,
635 538 802 598 inquit,
826 552 999 583 omnem
1017 537 1093 596 qui
1111 534 1350 580 fornicatur
1366 534 1442 579 abs
1463 544 1519 579 te.
1548 552 1569 576 »

444 610 651 659 XXXIV.
675 611 739 652 Tu
762 617 907 652 autem
928 606 1037 667 quid
1060 605 1194 651 facis?
1220 625 1240 647 «
1261 606 1370 652 Mihi
1392 613 1537 649 autem
1560 602 1781 652 adhaerere

390 697 412 722 »
446 683 537 725 Deo
558 679 726 723 bonum
748 682 851 723 est2.
874 697 893 720 >1
932 680 1026 722 Hoc
1048 685 1111 721 est
1140 685 1284 721 totum
1309 675 1493 720 bonum.
1520 674 1662 719 Vultis
1685 689 1780 718 am-

385 750 524 810 plius?
552 749 688 794 Doleo
711 749 921 798 volentes.
949 752 1120 797 Fratres
1139 782 1150 804 ‚
1175 746 1284 807 quid
1305 745 1437 791 vultis
1458 744 1673 805 amplius?
1689 747 1781 792 Deo

389 821 612 865 adhaerere
629 819 739 865 nihil
755 829 820 864 est
841 818 996 867 melius
1017 855 1028 875 ,
1063 817 1242 878 quando
1263 833 1365 864 eum
1401 816 1650 866 videbimus
1671 815 1781 863 facie

390 891 448 937 ad
468 891 626 936 faciem
640 892 672 936 3.
697 890 831 936 Modo
851 906 953 949 ergo
972 890 1111 951 quid?
1133 890 1243 943 Quia
1273 887 1418 933 adhuc
1438 887 1692 948 peregrinus
1712 887 1781 931 lo-

387 977 501 1023 quor
527 981 536 1014 ;
564 980 585 1003 «
608 961 844 1012 Adhaerere
864 996 875 1017 ,
901 961 1067 1021 inquit,
1093 963 1183 1005 Deo
1205 959 1373 1003 bonum
1391 967 1454 1003 est
1481 977 1490 1004 :
1518 976 1538 1000 »
1557 957 1633 1002 sed
1651 956 1782 1001 modo

387 1033 435 1077 in
455 1031 826 1092 peregrinatione,
859 1033 962 1092 quia
996 1030 1196 1075 nondum
1224 1029 1345 1075 venit
1371 1044 1459 1084 res,
1489 1046 1510 1070 «
1541 1032 1709 1073 Ponere
1738 1028 1783 1071 in

391 1121 412 1144 »
447 1106 537 1147 Deo
559 1117 679 1162 spem
708 1117 866 1146 meam.
895 1121 914 1143 »
941 1101 1144 1155 Quamdiu
1171 1115 1272 1158 ergo
1305 1099 1505 1144 nondum
1538 1097 1779 1153 adhaesisti,

389 1173 452 1217 ibi
472 1174 587 1231 pone
608 1188 745 1232 spem.
772 1172 1001 1226 Fluctuas‚
1032 1172 1249 1231 praemitte
1282 1169 1338 1214 ad
1365 1178 1526 1213 terram
1560 1183 1780 1213 ancoram.

389 1244 595 1289 Nondum
619 1244 756 1287 haeres
777 1258 855 1303 per
875 1243 1151 1302 praesentiam
1167 1276 1178 1297 ,
1201 1240 1366 1285 inhaere
1388 1255 1466 1300 per
1488 1255 1625 1299 spem.
1657 1258 1677 1281 «
1698 1242 1785 1283 Po-

393 1333 413 1356 »
449 1330 552 1358 nere
572 1316 616 1359 in
640 1317 727 1359 Deo
749 1329 869 1373 spem
889 1328 1046 1357 meam.
1071 1331 1092 1354 »
1119 1315 1176 1356 Et
1198 1310 1307 1372 quid
1328 1312 1398 1355 hic
1419 1326 1533 1370 ages,
1558 1325 1725 1370 ponens
1741 1310 1787 1353 in

392 1388 483 1430 Deo
505 1401 625 1445 spem
642 1387 788 1430 tuam?
806 1384 937 1437 Quod
954 1383 1036 1427 erit
1054 1382 1279 1441 negotium
1302 1391 1444 1436 tuum,
1465 1381 1545 1425 nisi
1564 1390 1613 1425 ut
1633 1379 1787 1425 laudes

393 1473 524 1518 quem
558 1457 700 1516 diligis
716 1492 727 1512 7
754 1465 796 1500 et
820 1456 953 1500 facias
974 1464 1120 1499 tecum
1155 1463 1421 1498 coamatores
1459 1454 1584 1513 ejus?
1605 1455 1720 1497 Ecce
1753 1452 1787 1496 si

395 1544 560 1572 amares
582 1528 777 1586 aurigam
794 1562 804 1581 ‚
840 1542 930 1571 non
958 1541 1081 1585 rapes
1102 1534 1282 1569 caeteros
1313 1534 1363 1568 ut
1385 1534 1531 1568 tecum
1554 1524 1787 1567 amarent?

391 1603 570 1645 Amator
594 1599 755 1657 aurigae
788 1612 1065 1658 quacumque
1103 1596 1256 1640 transit
1287 1594 1484 1655 loquitur
1513 1593 1701 1649 (101110,
1737 1603 1788 1638 ut

391 1685 491 1715 cum
514 1669 589 1714 illo
617 1685 718 1713 eum
750 1677 897 1712 ament
914 1676 957 1711 et
990 1668 1150 1711 caeteri.
1178 1667 1319 1711 Gratis
1352 1675 1554 1710 amantur
1587 1665 1788 1724 flagitiosi

391 1741 612 1795 homines,
641 1750 683 1784 et
707 1755 732 1783 a
760 1743 850 1783 Deo
880 1738 1111 1798 praemium
1135 1738 1349 1797 quaeritur
1377 1745 1428 1780 ut
1456 1736 1655 1780 ametur?
1676 1738 1788 1780 Ama

391 1814 528 1856 Deum
549 1810 677 1868 gratis
693 1845 704 1865 ,
730 1808 842 1853 nulli
863 1808 1054 1854 invideas
1077 1811 1232 1856 Deum.
1259 1807 1413 1867 Rapite
1443 1822 1546 1850 eum
1567 1814 1789 1866 quotquot

391 1882 594 1941 potestiS,
630 1888 851 1940 quotquot
883 1878 1118 1939 possessuri
1161 1879 1260 1922 estis
1293 1897 1300 1924 ;
1343 1894 1433 1922 11011
1470 1877 1521 1921 fit
1549 1885 1784 1935 angustus3

392 1951 537 1996 nullos
558 1952 604 1995 in
624 1950 699 1995 illo
722 1949 880 1999 limites
901 1948 1091 2004 iacieti33
1125 1957 1268 1993 totum
1291 1947 1451 2006 singuli
1484 1946 1784 2007 possidebitis,

393 2032 437 2068 ct
457 2031 601 2067 totum
624 2036 774 2066 omnes
798 2020 1030 2065 habebitis.
1067 2022 1185 2077 Ergo
1212 2019 1297 2063 hoc
1320 2018 1388 2062 fac
1418 2033 1519 2062 cum
1549 2018 1622 2062 hic
1649 2032 1715 2072 es,
1740 2017 1787 2060 id

395 2103 480 2148 est,
503 2108 603 2138 cum
622 2093 747 2153 ponis
767 2092 812 2136 in
835 2095 925 2136 Deo
962 2106 1083 2150 spem
1107 2100 1245 2134 tuam.
1280 2089 1397 2144 Quid
1425 2090 1543 2133 enim
1566 2089 1787 2149 sequitur?

398 2183 416 2204 ι(
453 2166 511 2208 Ut
527 2164 785 2207 annuntiem
807 2177 957 2206 omnes
972 2160 1124 2205 laudes
1146 2169 1241 2204 tuas
1264 2160 1308 2203 in
1327 2160 1444 2204 atriis
1458 2158 1560 2203 filiae
1585 2159 1704 2204 Sion.
1731 2160 1788 2202 Ut

397 2253 419 2276 »
454 2233 712 2284 annuntiem
742 2247 893 2277 omnes
927 2231 1078 2276 laudes
1098 2239 1194 2274 tuas
1221 2251 1233 2288 3
1260 2248 1280 2270 »
1306 2229 1381 2274 sed
1403 2229 1505 2272 ubi?
1535 2248 1555 2272 «
1587 2232 1640 2273 In
1670 2229 1786 2273 atriis

397 2323 418 2347 »
454 2304 554 2349 filiae
579 2304 681 2349 Sion
703 2323 712 2348 ;
733 2321 752 2344 n
779 2303 880 2363 quia
899 2301 1149 2362 praedicatio
1171 2302 1250 2345 Dei
1267 2309 1426 2361 praeter
1438 2299 1674 2344 Ecclesiam
1691 2300 1786 2344 ina-

395 2376 460 2420 nis
481 2384 563 2422 est,
597 2378 753 2419 Parum
788 2383 852 2418 est
873 2372 1052 2418 laudare
1083 2375 1248 2427 Deum,
1284 2380 1327 2415 et
1352 2371 1610 2415 annuntiare
1636 2386 1786 2415 omnes

389 2445 539 2490 laudes
559 2446 663 2505 ejus.
700 2447 752 2488 In
784 2444 900 2487 atriis
935 2443 1035 2486 filiae
1073 2442 1175 2486 Sion
1205 2442 1432 2485 annuntia.
1469 2441 1537 2485 Ad
1572 2441 1782 2484 unitatem

400 2515 554 2571 tende,
578 2514 669 2560 noli
690 2515 884 2558 dividere
900 2512 1113 2573 populum
1138 2534 1148 2570 3
1173 2512 1248 2556 sed
1270 2528 1373 2571 rape
1395 2512 1449 2555 ad
1474 2527 1610 2556 unum
1625 2547 1636 2566 ‚
1657 2520 1700 2555 et
1722 2509 1788 2555 fac

446 2606 454 2621 ¹
476 2601 570 2631 Joan.
592 2611 613 2637 1,
641 2599 669 2630 3.
688 2616 728 2622 —
749 2606 762 2622 ²
787 2598 866 2630 Psal.
884 2609 984 2637 xxxii,
1007 2597 1060 2629 28.
1086 2614 1126 2620 —·
1151 2595 1163 2618 3
1184 2608 1195 2628 1
1219 2599 1289 2628 Cor.
1310 2607 1376 2635 xm,
1401 2605 1451 2628 12.
