<?xml version="1.0" encoding="UTF-8"?>
<!DOCTYPE html PUBLIC "-//W3C//DTD XHTML 1.0 Transitional//EN"
    "http://www.w3.org/TR/xhtml1/DTD/xhtml1-transitional.dtd">
<html xmlns="http://www.w3.org/1999/xhtml" xml:lang="en" lang="en">
 <head>
  <title>
</title>
<meta http-equiv="Content-Type" content="text/html;charset=utf-8" />
  <meta name='ocr-system' content='tesseract 3.04.00' />
  <meta name='ocr-capabilities' content='ocr_page ocr_carea ocr_par ocr_line ocrx_word'/>
</head>
<body>
  <div class='ocr_page' id='page_1' title='image "./operaomniaaccura09auguuoft_0192.png"; bbox 0 0 1889 3285; ppageno 0'>
   <div class='ocr_carea' id='block_1_1' title="bbox 371 229 1311 268">
    <p class='ocr_par' dir='ltr' id='par_1_1' title="bbox 371 229 1311 268">
     <span class='ocr_line' id='line_1_1' title="bbox 371 229 1311 268; baseline -0.001 0"><span class='ocrx_word' id='word_1_1' title='bbox 371 229 456 268; x_wconf 81' lang='lat'><strong>182</strong></span> <span class='ocrx_word' id='word_1_2' title='bbox 798 237 833 266; x_wconf 90' lang='lat' dir='ltr'><strong>s.</strong></span> <span class='ocrx_word' id='word_1_3' title='bbox 867 237 1099 268; x_wconf 66' lang='lat' dir='ltr'><strong>Aucus&#39;rnu</strong></span> <span class='ocrx_word' id='word_1_4' title='bbox 1129 240 1311 268; x_wconf 69' lang='lat' dir='ltr'><strong>1⁴:1³1scor1</strong></span> 
     </span>
    </p>
   </div>
   <div class='ocr_carea' id='block_1_2' title="bbox 366 293 1759 2055">
    <p class='ocr_par' dir='ltr' id='par_1_2' title="bbox 366 293 1759 1625">
     <span class='ocr_line' id='line_1_2' title="bbox 366 293 1753 364; baseline -0.001 -15"><span class='ocrx_word' id='word_1_5' title='bbox 366 304 553 349; x_wconf 85' lang='lat' dir='ltr'><strong>formam</strong></span> <span class='ocrx_word' id='word_1_6' title='bbox 567 303 667 359; x_wconf 89' lang='lat' dir='ltr'><strong>Dei,</strong></span> <span class='ocrx_word' id='word_1_7' title='bbox 682 304 728 347; x_wconf 92' lang='lat' dir='ltr'><strong>in</strong></span> <span class='ocrx_word' id='word_1_8' title='bbox 748 319 836 364; x_wconf 88' lang='lat' dir='ltr'><strong>qua</strong></span> <span class='ocrx_word' id='word_1_9' title='bbox 856 302 1034 364; x_wconf 82' lang='lat' dir='ltr'><strong>aequalis</strong></span> <span class='ocrx_word' id='word_1_10' title='bbox 1051 313 1115 348; x_wconf 92' lang='lat' dir='ltr'><strong>est</strong></span> <span class='ocrx_word' id='word_1_11' title='bbox 1127 304 1266 359; x_wconf 85' lang='lat' dir='ltr'><strong>Patri,</strong></span> <span class='ocrx_word' id='word_1_12' title='bbox 1283 313 1330 348; x_wconf 90' lang='lat' dir='ltr'><strong>et</strong></span> <span class='ocrx_word' id='word_1_13' title='bbox 1362 293 1549 348; x_wconf 86' lang='lat' dir='ltr'><strong>o¹fferens</strong></span> <span class='ocrx_word' id='word_1_14' title='bbox 1567 302 1753 348; x_wconf 87' lang='lat' dir='ltr'><strong>formam</strong></span> 
     </span>
     <span class='ocr_line' id='line_1_3' title="bbox 368 374 1750 435; baseline 0.001 -17"><span class='ocrx_word' id='word_1_15' title='bbox 368 374 507 430; x_wconf 89' lang='lat' dir='ltr'><strong>servi,</strong></span> <span class='ocrx_word' id='word_1_16' title='bbox 538 390 625 435; x_wconf 89' lang='lat' dir='ltr'><strong>qua</strong></span> <span class='ocrx_word' id='word_1_17' title='bbox 656 375 799 420; x_wconf 88' lang='lat' dir='ltr'><strong>minor</strong></span> <span class='ocrx_word' id='word_1_18' title='bbox 829 384 892 419; x_wconf 91' lang='lat' dir='ltr'><strong>est</strong></span> <span class='ocrx_word' id='word_1_19' title='bbox 922 378 1062 419; x_wconf 90' lang='lat' dir='ltr'><strong>Patre.</strong></span> <span class='ocrx_word' id='word_1_20' title='bbox 1088 378 1185 434; x_wconf 90' lang='lat' dir='ltr'><strong>Ipse</strong></span> <span class='ocrx_word' id='word_1_21' title='bbox 1210 375 1325 419; x_wconf 88' lang='lat' dir='ltr'><strong>enim</strong></span> <span class='ocrx_word' id='word_1_22' title='bbox 1351 374 1459 419; x_wconf 79' lang='lat' dir='ltr'><strong>dixit</strong></span> <span class='ocrx_word' id='word_1_23' title='bbox 1479 384 1718 435; x_wconf 86' lang='lat' dir='ltr'><strong>utrumque</strong></span> <span class='ocrx_word' id='word_1_24' title='bbox 1740 394 1750 420; x_wconf 76' lang='lat' dir='ltr'><em>z</em></span> 
     </span>
     <span class='ocr_line' id='line_1_4' title="bbox 369 444 1756 503; baseline 0 -14"><span class='ocrx_word' id='word_1_25' title='bbox 369 445 447 489; x_wconf 91' lang='lat' dir='ltr'><strong>sed</strong></span> <span class='ocrx_word' id='word_1_26' title='bbox 467 444 587 489; x_wconf 86' lang='lat' dir='ltr'><strong>aliud</strong></span> <span class='ocrx_word' id='word_1_27' title='bbox 605 454 671 503; x_wconf 87' lang='lat' dir='ltr'><strong>est</strong></span> <span class='ocrx_word' id='word_1_28' title='bbox 689 461 741 490; x_wconf 83' lang='lat' dir='ltr'><strong>ex</strong></span> <span class='ocrx_word' id='word_1_29' title='bbox 764 445 903 490; x_wconf 87' lang='lat' dir='ltr'><strong>forma</strong></span> <span class='ocrx_word' id='word_1_30' title='bbox 926 446 1030 501; x_wconf 81' lang='lat' dir='ltr'><strong>Dei,</strong></span> <span class='ocrx_word' id='word_1_31' title='bbox 1055 445 1174 490; x_wconf 88' lang='lat' dir='ltr'><strong>aliud</strong></span> <span class='ocrx_word' id='word_1_32' title='bbox 1195 461 1245 490; x_wconf 86' lang='lat' dir='ltr'><strong>ex</strong></span> <span class='ocrx_word' id='word_1_33' title='bbox 1264 445 1404 490; x_wconf 85' lang='lat' dir='ltr'><strong>forma</strong></span> <span class='ocrx_word' id='word_1_34' title='bbox 1429 446 1552 489; x_wconf 91' lang='lat' dir='ltr'><strong>servi.</strong></span> <span class='ocrx_word' id='word_1_35' title='bbox 1572 445 1687 490; x_wconf 84' lang='lat' dir='ltr'><strong>Dixit</strong></span> <span class='ocrx_word' id='word_1_36' title='bbox 1704 461 1756 489; x_wconf 87' lang='lat' dir='ltr'><strong>ex</strong></span> 
     </span>
     <span class='ocr_line' id='line_1_5' title="bbox 367 515 1757 576; baseline 0 -15"><span class='ocrx_word' id='word_1_37' title='bbox 367 516 508 561; x_wconf 83' lang='lat' dir='ltr'><strong>forma</strong></span> <span class='ocrx_word' id='word_1_38' title='bbox 519 517 598 561; x_wconf 91' lang='lat' dir='ltr'><strong>Dei</strong></span> <span class='ocrx_word' id='word_1_39' title='bbox 622 536 631 561; x_wconf 88' lang='lat'>:</span> <span class='ocrx_word' id='word_1_40' title='bbox 661 535 681 559; x_wconf 86' lang='lat'>«</span> <span class='ocrx_word' id='word_1_41' title='bbox 704 520 799 576; x_wconf 81' lang='lat' dir='ltr'><strong>Ego</strong></span> <span class='ocrx_word' id='word_1_42' title='bbox 821 527 864 561; x_wconf 91' lang='lat' dir='ltr'><strong>et</strong></span> <span class='ocrx_word' id='word_1_43' title='bbox 885 521 1011 561; x_wconf 86' lang='lat' dir='ltr'><strong>Pater</strong></span> <span class='ocrx_word' id='word_1_44' title='bbox 1023 532 1162 561; x_wconf 87' lang='lat' dir='ltr'><strong>unum</strong></span> <span class='ocrx_word' id='word_1_45' title='bbox 1184 519 1374 572; x_wconf 77' lang='lat' dir='ltr'><strong>sumus1‚</strong></span> <span class='ocrx_word' id='word_1_46' title='bbox 1394 517 1535 561; x_wconf 80' lang='lat' dir='ltr'><strong>»dixit</strong></span> <span class='ocrx_word' id='word_1_47' title='bbox 1552 531 1604 560; x_wconf 81' lang='lat' dir='ltr'><strong>ex</strong></span> <span class='ocrx_word' id='word_1_48' title='bbox 1615 515 1757 561; x_wconf 83' lang='lat' dir='ltr'><strong>forma</strong></span> 
     </span>
     <span class='ocr_line' id='line_1_6' title="bbox 367 585 1755 647; baseline -0.001 -16"><span class='ocrx_word' id='word_1_49' title='bbox 367 586 504 642; x_wconf 85' lang='lat' dir='ltr'><strong>servi,</strong></span> <span class='ocrx_word' id='word_1_50' title='bbox 533 587 787 640; x_wconf 85' lang='lat' dir='ltr'><strong>«Quoniam</strong></span> <span class='ocrx_word' id='word_1_51' title='bbox 813 591 938 632; x_wconf 86' lang='lat' dir='ltr'><strong>Pater</strong></span> <span class='ocrx_word' id='word_1_52' title='bbox 967 588 1104 647; x_wconf 85' lang='lat' dir='ltr'><strong>major</strong></span> <span class='ocrx_word' id='word_1_53' title='bbox 1124 603 1194 631; x_wconf 87' lang='lat' dir='ltr'><strong>me</strong></span> <span class='ocrx_word' id='word_1_54' title='bbox 1215 591 1318 632; x_wconf 70' lang='lat' dir='ltr'><strong>est2.</strong></span> <span class='ocrx_word' id='word_1_55' title='bbox 1338 587 1502 632; x_wconf 87' lang='lat' dir='ltr'><strong>»Unde</strong></span> <span class='ocrx_word' id='word_1_56' title='bbox 1535 602 1586 630; x_wconf 85' lang='lat' dir='ltr'><strong>ex</strong></span> <span class='ocrx_word' id='word_1_57' title='bbox 1613 585 1755 631; x_wconf 86' lang='lat' dir='ltr'><strong>forma</strong></span> 
     </span>
     <span class='ocr_line' id='line_1_7' title="bbox 366 656 1756 715; baseline -0.001 -13"><span class='ocrx_word' id='word_1_58' title='bbox 366 657 446 702; x_wconf 84' lang='lat' dir='ltr'><strong>Dei</strong></span> <span class='ocrx_word' id='word_1_59' title='bbox 476 676 485 701; x_wconf 91' lang='lat'>:</span> <span class='ocrx_word' id='word_1_60' title='bbox 525 675 545 698; x_wconf 90' lang='lat'>«</span> <span class='ocrx_word' id='word_1_61' title='bbox 573 660 666 715; x_wconf 81' lang='lat' dir='ltr'><strong>Ego</strong></span> <span class='ocrx_word' id='word_1_62' title='bbox 689 667 732 702; x_wconf 85' lang='lat' dir='ltr'><strong>et</strong></span> <span class='ocrx_word' id='word_1_63' title='bbox 755 661 881 702; x_wconf 88' lang='lat' dir='ltr'><strong>Pater</strong></span> <span class='ocrx_word' id='word_1_64' title='bbox 902 673 1040 701; x_wconf 90' lang='lat' dir='ltr'><strong>unum</strong></span> <span class='ocrx_word' id='word_1_65' title='bbox 1066 660 1244 702; x_wconf 82' lang='lat' dir='ltr'><strong>sumus?</strong></span> <span class='ocrx_word' id='word_1_66' title='bbox 1267 658 1378 711; x_wconf 88' lang='lat' dir='ltr'><strong>Quia</strong></span> <span class='ocrx_word' id='word_1_67' title='bbox 1407 673 1509 701; x_wconf 87' lang='lat' dir='ltr'><strong>cum</strong></span> <span class='ocrx_word' id='word_1_68' title='bbox 1536 657 1582 701; x_wconf 91' lang='lat' dir='ltr'><strong>in</strong></span> <span class='ocrx_word' id='word_1_69' title='bbox 1615 656 1756 702; x_wconf 87' lang='lat' dir='ltr'><strong>forma</strong></span> 
     </span>
     <span class='ocr_line' id='line_1_8' title="bbox 370 727 1754 787; baseline 0.002 -19"><span class='ocrx_word' id='word_1_70' title='bbox 370 745 392 768; x_wconf 84' lang='lat'>»</span> <span class='ocrx_word' id='word_1_71' title='bbox 427 727 505 772; x_wconf 91' lang='lat' dir='ltr'><strong>Dei</strong></span> <span class='ocrx_word' id='word_1_72' title='bbox 528 736 637 771; x_wconf 90' lang='lat' dir='ltr'><strong>esset</strong></span> <span class='ocrx_word' id='word_1_73' title='bbox 668 728 950 782; x_wconf 82' lang='lat' dir='ltr'><strong>constitutus⁷</strong></span> <span class='ocrx_word' id='word_1_74' title='bbox 986 743 1076 771; x_wconf 88' lang='lat' dir='ltr'><strong>non</strong></span> <span class='ocrx_word' id='word_1_75' title='bbox 1096 728 1291 787; x_wconf 86' lang='lat' dir='ltr'>rapinam</span> <span class='ocrx_word' id='word_1_76' title='bbox 1315 727 1547 771; x_wconf 81' lang='lat' dir='ltr'>arbitratus</span> <span class='ocrx_word' id='word_1_77' title='bbox 1571 736 1635 771; x_wconf 89' lang='lat' dir='ltr'><strong>est</strong></span> <span class='ocrx_word' id='word_1_78' title='bbox 1665 742 1754 771; x_wconf 88' lang='lat' dir='ltr'><strong>esse</strong></span> 
     </span>
     <span class='ocr_line' id='line_1_9' title="bbox 369 796 1756 858; baseline 0.002 -20"><span class='ocrx_word' id='word_1_79' title='bbox 369 814 391 838; x_wconf 84' lang='lat'>»</span> <span class='ocrx_word' id='word_1_80' title='bbox 426 796 605 858; x_wconf 88' lang='lat' dir='ltr'><strong>aequalis</strong></span> <span class='ocrx_word' id='word_1_81' title='bbox 624 801 728 842; x_wconf 92' lang='lat' dir='ltr'><strong>Deo.</strong></span> <span class='ocrx_word' id='word_1_82' title='bbox 747 799 872 842; x_wconf 82' lang='lat' dir='ltr'>Unde</span> <span class='ocrx_word' id='word_1_83' title='bbox 888 814 939 842; x_wconf 83' lang='lat' dir='ltr'><strong>ex</strong></span> <span class='ocrx_word' id='word_1_84' title='bbox 955 797 1096 842; x_wconf 83' lang='lat' dir='ltr'><strong>forma</strong></span> <span class='ocrx_word' id='word_1_85' title='bbox 1112 798 1222 842; x_wconf 89' lang='lat' dir='ltr'><strong>servi</strong></span> <span class='ocrx_word' id='word_1_86' title='bbox 1244 817 1252 843; x_wconf 95' lang='lat'>:</span> <span class='ocrx_word' id='word_1_87' title='bbox 1278 798 1497 851; x_wconf 84' lang='lat' dir='ltr'>Quoniam</span> <span class='ocrx_word' id='word_1_88' title='bbox 1513 801 1641 842; x_wconf 87' lang='lat' dir='ltr'><strong>Pater</strong></span> <span class='ocrx_word' id='word_1_89' title='bbox 1662 812 1756 842; x_wconf 89' lang='lat' dir='ltr'><strong>ma—</strong></span> 
     </span>
     <span class='ocr_line' id='line_1_10' title="bbox 369 867 1756 929; baseline 0.003 -21"><span class='ocrx_word' id='word_1_90' title='bbox 369 884 392 909; x_wconf 87' lang='lat'>»</span> <span class='ocrx_word' id='word_1_91' title='bbox 419 868 492 928; x_wconf 86' lang='lat' dir='ltr'><strong>jor</strong></span> <span class='ocrx_word' id='word_1_92' title='bbox 512 882 582 911; x_wconf 90' lang='lat' dir='ltr'><strong>me</strong></span> <span class='ocrx_word' id='word_1_93' title='bbox 603 870 698 913; x_wconf 82' lang='lat' dir='ltr'><strong>est?</strong></span> <span class='ocrx_word' id='word_1_94' title='bbox 720 868 832 922; x_wconf 83' lang='lat' dir='ltr'>Quia</span> <span class='ocrx_word' id='word_1_95' title='bbox 860 869 1142 929; x_wconf 89' lang='lat' dir='ltr'><strong>semetipsum</strong></span> <span class='ocrx_word' id='word_1_96' title='bbox 1170 868 1406 913; x_wconf 78' lang='lat' dir='ltr'><strong>exinanivit</strong></span> <span class='ocrx_word' id='word_1_97' title='bbox 1437 867 1624 912; x_wconf 85' lang='lat' dir='ltr'><strong>formam</strong></span> <span class='ocrx_word' id='word_1_98' title='bbox 1645 868 1756 912; x_wconf 88' lang='lat' dir='ltr'><strong>servi</strong></span> 
     </span>
     <span class='ocr_line' id='line_1_11' title="bbox 369 937 1755 998; baseline 0.002 -19"><span class='ocrx_word' id='word_1_99' title='bbox 369 955 391 990; x_wconf 66' lang='grc' dir='ltr'><strong><em>η</em></strong></span> <span class='ocrx_word' id='word_1_100' title='bbox 426 937 680 998; x_wconf 79' lang='lat' dir='ltr'><strong>accipiens³.</strong></span> <span class='ocrx_word' id='word_1_101' title='bbox 709 956 730 980; x_wconf 86' lang='lat'>»</span> <span class='ocrx_word' id='word_1_102' title='bbox 756 939 944 984; x_wconf 84' lang='lat' dir='ltr'><strong>Accessit</strong></span> <span class='ocrx_word' id='word_1_103' title='bbox 966 954 1068 998; x_wconf 86' lang='lat' dir='ltr'><strong>ergo</strong></span> <span class='ocrx_word' id='word_1_104' title='bbox 1089 938 1220 984; x_wconf 91' lang='lat' dir='ltr'><strong>homo</strong></span> <span class='ocrx_word' id='word_1_105' title='bbox 1243 948 1287 983; x_wconf 92' lang='lat' dir='ltr'><strong>et</strong></span> <span class='ocrx_word' id='word_1_106' title='bbox 1302 955 1377 985; x_wconf 91' lang='lat' dir='ltr'><strong>cor</strong></span> <span class='ocrx_word' id='word_1_107' title='bbox 1387 937 1548 994; x_wconf 85' lang='lat' dir='ltr'><strong>altum,</strong></span> <span class='ocrx_word' id='word_1_108' title='bbox 1573 947 1617 982; x_wconf 88' lang='lat' dir='ltr'><strong>et</strong></span> <span class='ocrx_word' id='word_1_109' title='bbox 1636 938 1755 982; x_wconf 86' lang='lat' dir='ltr'><strong>exal-</strong></span> 
     </span>
     <span class='ocr_line' id='line_1_12' title="bbox 369 1007 1757 1062; baseline 0.003 -13"><span class='ocrx_word' id='word_1_110' title='bbox 369 1024 392 1049; x_wconf 90' lang='lat'>»</span> <span class='ocrx_word' id='word_1_111' title='bbox 425 1016 541 1053; x_wconf 86' lang='lat' dir='ltr'><strong>tatus</strong></span> <span class='ocrx_word' id='word_1_112' title='bbox 562 1018 626 1053; x_wconf 89' lang='lat' dir='ltr'><strong>est</strong></span> <span class='ocrx_word' id='word_1_113' title='bbox 637 1008 1027 1055; x_wconf 85' lang='lat' dir='ltr'><strong>Deus.»Occiditur</strong></span> <span class='ocrx_word' id='word_1_114' title='bbox 1043 1010 1246 1062; x_wconf 86' lang='lat' dir='ltr'><strong>homo,et</strong></span> <span class='ocrx_word' id='word_1_115' title='bbox 1264 1007 1757 1062; x_wconf 79' lang='lat' dir='ltr'><strong>exaltaturDeus.Quod</strong></span> 
     </span>
     <span class='ocr_line' id='line_1_13' title="bbox 369 1078 1756 1140; baseline 0.001 -18"><span class='ocrx_word' id='word_1_116' title='bbox 369 1078 487 1123; x_wconf 89' lang='lat' dir='ltr'><strong>enim</strong></span> <span class='ocrx_word' id='word_1_117' title='bbox 509 1080 674 1125; x_wconf 88' lang='lat' dir='ltr'><strong>occisus</strong></span> <span class='ocrx_word' id='word_1_118' title='bbox 695 1089 782 1136; x_wconf 88' lang='lat' dir='ltr'><strong>est,</strong></span> <span class='ocrx_word' id='word_1_119' title='bbox 802 1096 854 1124; x_wconf 84' lang='lat' dir='ltr'><strong>ex</strong></span> <span class='ocrx_word' id='word_1_120' title='bbox 874 1081 1127 1125; x_wconf 81' lang='lat' dir='ltr'><strong>infirmitate</strong></span> <span class='ocrx_word' id='word_1_121' title='bbox 1140 1082 1330 1125; x_wconf 88' lang='lat' dir='ltr'><strong>humana</strong></span> <span class='ocrx_word' id='word_1_122' title='bbox 1347 1080 1456 1125; x_wconf 82' lang='lat' dir='ltr'><strong>suit:</strong></span> <span class='ocrx_word' id='word_1_123' title='bbox 1477 1079 1598 1140; x_wconf 88' lang='lat' dir='ltr'><strong>quod</strong></span> <span class='ocrx_word' id='word_1_124' title='bbox 1612 1095 1756 1124; x_wconf 88' lang='lat' dir='ltr'><strong>resur-</strong></span> 
     </span>
     <span class='ocr_line' id='line_1_14' title="bbox 369 1149 1758 1210; baseline 0.002 -17"><span class='ocrx_word' id='word_1_125' title='bbox 369 1149 479 1193; x_wconf 82' lang='lat' dir='ltr'><strong>rexit</strong></span> <span class='ocrx_word' id='word_1_126' title='bbox 506 1158 550 1193; x_wconf 89' lang='lat' dir='ltr'><strong>et</strong></span> <span class='ocrx_word' id='word_1_127' title='bbox 577 1149 772 1194; x_wconf 85' lang='lat' dir='ltr'><strong>ascendit</strong></span> <span class='ocrx_word' id='word_1_128' title='bbox 791 1185 802 1205; x_wconf 87' lang='lat'>‚</span> <span class='ocrx_word' id='word_1_129' title='bbox 827 1166 878 1194; x_wconf 86' lang='lat' dir='ltr'><strong>ex</strong></span> <span class='ocrx_word' id='word_1_130' title='bbox 898 1161 1112 1210; x_wconf 79' lang='lat' dir='ltr'><strong>potestate</strong></span> <span class='ocrx_word' id='word_1_131' title='bbox 1144 1151 1333 1197; x_wconf 79' lang='lat' dir='ltr'><strong>divina4.</strong></span> <span class='ocrx_word' id='word_1_132' title='bbox 1363 1171 1384 1194; x_wconf 89' lang='lat'>«</span> <span class='ocrx_word' id='word_1_133' title='bbox 1407 1151 1598 1196; x_wconf 84' lang='lat' dir='ltr'><strong>Accedet</strong></span> <span class='ocrx_word' id='word_1_134' title='bbox 1625 1152 1758 1196; x_wconf 90' lang='lat' dir='ltr'><strong>homo</strong></span> 
     </span>
     <span class='ocr_line' id='line_1_15' title="bbox 369 1220 1758 1277; baseline 0.004 -16"><span class='ocrx_word' id='word_1_135' title='bbox 369 1236 392 1262; x_wconf 83' lang='lat'><strong>&gt;›</strong></span> <span class='ocrx_word' id='word_1_136' title='bbox 428 1229 472 1265; x_wconf 89' lang='lat' dir='ltr'><strong>et</strong></span> <span class='ocrx_word' id='word_1_137' title='bbox 493 1235 568 1264; x_wconf 87' lang='lat' dir='ltr'><strong>cor</strong></span> <span class='ocrx_word' id='word_1_138' title='bbox 579 1220 739 1276; x_wconf 83' lang='lat' dir='ltr'><strong>altum,</strong></span> <span class='ocrx_word' id='word_1_139' title='bbox 766 1238 788 1262; x_wconf 88' lang='lat'>»</span> <span class='ocrx_word' id='word_1_140' title='bbox 813 1236 888 1265; x_wconf 88' lang='lat' dir='ltr'><strong>cor</strong></span> <span class='ocrx_word' id='word_1_141' title='bbox 908 1230 1122 1265; x_wconf 87' lang='lat' dir='ltr'><strong>secretum</strong></span> <span class='ocrx_word' id='word_1_142' title='bbox 1138 1256 1150 1277; x_wconf 86' lang='lat'>‚</span> <span class='ocrx_word' id='word_1_143' title='bbox 1176 1237 1251 1266; x_wconf 87' lang='lat' dir='ltr'><strong>cor</strong></span> <span class='ocrx_word' id='word_1_144' title='bbox 1269 1222 1466 1266; x_wconf 86' lang='lat' dir='ltr'><strong>abditum</strong></span> <span class='ocrx_word' id='word_1_145' title='bbox 1485 1241 1492 1266; x_wconf 96' lang='lat'>:</span> <span class='ocrx_word' id='word_1_146' title='bbox 1510 1237 1598 1265; x_wconf 91' lang='lat' dir='ltr'><strong>non</strong></span> <span class='ocrx_word' id='word_1_147' title='bbox 1613 1230 1758 1266; x_wconf 90' lang='lat' dir='ltr'><strong>osten-</strong></span> 
     </span>
     <span class='ocr_line' id='line_1_16' title="bbox 368 1288 1758 1352; baseline 0 -17"><span class='ocrx_word' id='word_1_148' title='bbox 368 1288 477 1335; x_wconf 89' lang='lat' dir='ltr'><strong>dens</strong></span> <span class='ocrx_word' id='word_1_149' title='bbox 495 1290 604 1351; x_wconf 90' lang='lat' dir='ltr'><strong>quid</strong></span> <span class='ocrx_word' id='word_1_150' title='bbox 621 1300 788 1348; x_wconf 85' lang='lat' dir='ltr'><strong>nosset,</strong></span> <span class='ocrx_word' id='word_1_151' title='bbox 813 1306 903 1336; x_wconf 89' lang='lat' dir='ltr'><strong>non</strong></span> <span class='ocrx_word' id='word_1_152' title='bbox 927 1291 1158 1336; x_wconf 88' lang='lat' dir='ltr'><strong>ostendens</strong></span> <span class='ocrx_word' id='word_1_153' title='bbox 1180 1291 1289 1352; x_wconf 90' lang='lat' dir='ltr'><strong>quid</strong></span> <span class='ocrx_word' id='word_1_154' title='bbox 1310 1301 1433 1336; x_wconf 89' lang='lat' dir='ltr'><strong>esset.</strong></span> <span class='ocrx_word' id='word_1_155' title='bbox 1465 1291 1534 1336; x_wconf 78' lang='lat' dir='ltr'><strong>lui</strong></span> <span class='ocrx_word' id='word_1_156' title='bbox 1555 1300 1758 1351; x_wconf 86' lang='lat' dir='ltr'><strong>putantes</strong></span> 
     </span>
     <span class='ocr_line' id='line_1_17' title="bbox 366 1360 1758 1422; baseline 0.001 -17"><span class='ocrx_word' id='word_1_157' title='bbox 366 1361 453 1406; x_wconf 89' lang='lat' dir='ltr'><strong>hoc</strong></span> <span class='ocrx_word' id='word_1_158' title='bbox 487 1369 631 1405; x_wconf 89' lang='lat' dir='ltr'><strong>totum</strong></span> <span class='ocrx_word' id='word_1_159' title='bbox 669 1376 760 1405; x_wconf 88' lang='lat' dir='ltr'><strong>esse</strong></span> <span class='ocrx_word' id='word_1_160' title='bbox 791 1360 912 1422; x_wconf 88' lang='lat' dir='ltr'><strong>quod</strong></span> <span class='ocrx_word' id='word_1_161' title='bbox 942 1360 1189 1417; x_wconf 86' lang='lat' dir='ltr'><strong>videbatur,</strong></span> <span class='ocrx_word' id='word_1_162' title='bbox 1219 1361 1425 1406; x_wconf 88' lang='lat' dir='ltr'><strong>occidunt</strong></span> <span class='ocrx_word' id='word_1_163' title='bbox 1464 1362 1688 1406; x_wconf 87' lang='lat' dir='ltr'><strong>hominem</strong></span> <span class='ocrx_word' id='word_1_164' title='bbox 1712 1362 1758 1406; x_wconf 89' lang='lat' dir='ltr'><strong>in</strong></span> 
     </span>
     <span class='ocr_line' id='line_1_18' title="bbox 369 1431 1758 1493; baseline 0.001 -17"><span class='ocrx_word' id='word_1_165' title='bbox 369 1431 502 1476; x_wconf 89' lang='lat' dir='ltr'><strong>corde</strong></span> <span class='ocrx_word' id='word_1_166' title='bbox 534 1431 650 1488; x_wconf 83' lang='lat' dir='ltr'><strong>alto,</strong></span> <span class='ocrx_word' id='word_1_167' title='bbox 688 1442 732 1477; x_wconf 88' lang='lat' dir='ltr'><strong>et</strong></span> <span class='ocrx_word' id='word_1_168' title='bbox 756 1433 971 1477; x_wconf 84' lang='lat' dir='ltr'><strong>exaltatur</strong></span> <span class='ocrx_word' id='word_1_169' title='bbox 998 1437 1113 1478; x_wconf 91' lang='lat' dir='ltr'><strong>Deus</strong></span> <span class='ocrx_word' id='word_1_170' title='bbox 1145 1434 1191 1478; x_wconf 92' lang='lat' dir='ltr'><strong>in</strong></span> <span class='ocrx_word' id='word_1_171' title='bbox 1221 1434 1352 1478; x_wconf 89' lang='lat' dir='ltr'><strong>corde</strong></span> <span class='ocrx_word' id='word_1_172' title='bbox 1369 1433 1517 1478; x_wconf 90' lang='lat' dir='ltr'><strong>divino</strong></span> <span class='ocrx_word' id='word_1_173' title='bbox 1536 1453 1546 1478; x_wconf 91' lang='lat'>:</span> <span class='ocrx_word' id='word_1_174' title='bbox 1566 1434 1758 1493; x_wconf 84' lang='lat' dir='ltr'><strong>potentia</strong></span> 
     </span>
     <span class='ocr_line' id='line_1_19' title="bbox 368 1502 1759 1566; baseline 0.001 -21"><span class='ocrx_word' id='word_1_175' title='bbox 368 1502 488 1555; x_wconf 87' lang='lat' dir='ltr'><strong>enim</strong></span> <span class='ocrx_word' id='word_1_176' title='bbox 516 1503 752 1562; x_wconf 83' lang='lat' dir='ltr'><strong>majestatis</strong></span> <span class='ocrx_word' id='word_1_177' title='bbox 777 1519 867 1547; x_wconf 83' lang='lat' dir='ltr'><strong>suae</strong></span> <span class='ocrx_word' id='word_1_178' title='bbox 897 1503 1106 1548; x_wconf 85' lang='lat' dir='ltr'><strong>exaltatus</strong></span> <span class='ocrx_word' id='word_1_179' title='bbox 1127 1514 1206 1550; x_wconf 90' lang='lat' dir='ltr'><strong>est.</strong></span> <span class='ocrx_word' id='word_1_180' title='bbox 1236 1508 1293 1550; x_wconf 88' lang='lat' dir='ltr'><strong>Et</strong></span> <span class='ocrx_word' id='word_1_181' title='bbox 1311 1521 1401 1566; x_wconf 88' lang='lat' dir='ltr'><strong>quo</strong></span> <span class='ocrx_word' id='word_1_182' title='bbox 1422 1505 1500 1550; x_wconf 90' lang='lat' dir='ltr'><strong>ivit</strong></span> <span class='ocrx_word' id='word_1_183' title='bbox 1523 1503 1759 1549; x_wconf 75' lang='lat' dir='ltr'><strong>exaltatus?</strong></span> 
     </span>
     <span class='ocr_line' id='line_1_20' title="bbox 371 1571 1582 1625; baseline 0.004 -9"><span class='ocrx_word' id='word_1_184' title='bbox 371 1571 499 1625; x_wconf 88' lang='lat' dir='ltr'><strong>Unde</strong></span> <span class='ocrx_word' id='word_1_185' title='bbox 516 1587 607 1617; x_wconf 91' lang='lat' dir='ltr'><strong>non</strong></span> <span class='ocrx_word' id='word_1_186' title='bbox 627 1574 799 1618; x_wconf 82' lang='lat' dir='ltr'><strong>recessit</strong></span> <span class='ocrx_word' id='word_1_187' title='bbox 816 1574 1086 1620; x_wconf 71' lang='lat' dir='ltr'><strong>humiliatus,</strong></span> <span class='ocrx_word' id='word_1_188' title='bbox 1579 1623 1582 1625; x_wconf 77' lang='grc'><strong>,</strong></span> 
     </span>
    </p>

    <p class='ocr_par' dir='ltr' id='par_1_3' title="bbox 369 1642 1759 2055">
     <span class='ocr_line' id='line_1_21' title="bbox 427 1642 1755 1698; baseline -0.001 -11"><span class='ocrx_word' id='word_1_189' title='bbox 427 1644 550 1687; x_wconf 88' lang='lat' dir='ltr'>XIV.</span> <span class='ocrx_word' id='word_1_190' title='bbox 575 1643 798 1688; x_wconf 86' lang='lat' dir='ltr'><strong>«Accedet</strong></span> <span class='ocrx_word' id='word_1_191' title='bbox 810 1645 943 1689; x_wconf 89' lang='lat' dir='ltr'><strong>homo</strong></span> <span class='ocrx_word' id='word_1_192' title='bbox 956 1653 999 1688; x_wconf 91' lang='lat' dir='ltr'><strong>et</strong></span> <span class='ocrx_word' id='word_1_193' title='bbox 1015 1660 1090 1690; x_wconf 90' lang='lat' dir='ltr'><strong>cor</strong></span> <span class='ocrx_word' id='word_1_194' title='bbox 1102 1645 1255 1698; x_wconf 82' lang='lat' dir='ltr'><strong>altum,</strong></span> <span class='ocrx_word' id='word_1_195' title='bbox 1273 1651 1317 1687; x_wconf 87' lang='lat' dir='ltr'><strong>et</strong></span> <span class='ocrx_word' id='word_1_196' title='bbox 1330 1642 1589 1687; x_wconf 82' lang='lat' dir='ltr'><strong>exaltabitur</strong></span> <span class='ocrx_word' id='word_1_197' title='bbox 1596 1646 1725 1687; x_wconf 91' lang='lat' dir='ltr'><strong>Deus.</strong></span> <span class='ocrx_word' id='word_1_198' title='bbox 1734 1660 1755 1684; x_wconf 87' lang='lat'>»</span> 
     </span>
     <span class='ocr_line' id='line_1_22' title="bbox 371 1713 1756 1774; baseline -0.001 -15"><span class='ocrx_word' id='word_1_199' title='bbox 371 1717 606 1772; x_wconf 86' lang='lat' dir='ltr'><strong>Propterea</strong></span> <span class='ocrx_word' id='word_1_200' title='bbox 633 1714 725 1774; x_wconf 86' lang='lat' dir='ltr'><strong>jam</strong></span> <span class='ocrx_word' id='word_1_201' title='bbox 758 1714 984 1769; x_wconf 80' lang='lat' dir='ltr'><strong>attendite,</strong></span> <span class='ocrx_word' id='word_1_202' title='bbox 1006 1713 1157 1758; x_wconf 86' lang='lat' dir='ltr'><strong>fratres</strong></span> <span class='ocrx_word' id='word_1_203' title='bbox 1175 1714 1275 1769; x_wconf 82' lang='lat' dir='ltr'><strong>mei,</strong></span> <span class='ocrx_word' id='word_1_204' title='bbox 1297 1730 1372 1759; x_wconf 91' lang='lat' dir='ltr'><strong>cor</strong></span> <span class='ocrx_word' id='word_1_205' title='bbox 1393 1713 1532 1758; x_wconf 89' lang='lat' dir='ltr'><strong>altum</strong></span> <span class='ocrx_word' id='word_1_206' title='bbox 1553 1714 1756 1758; x_wconf 90' lang='lat' dir='ltr'><strong>hominis.</strong></span> 
     </span>
     <span class='ocr_line' id='line_1_23' title="bbox 370 1784 1758 1845; baseline -0.001 -15"><span class='ocrx_word' id='word_1_207' title='bbox 370 1785 508 1845; x_wconf 88' lang='lat' dir='ltr'><strong>Cujus</strong></span> <span class='ocrx_word' id='word_1_208' title='bbox 528 1785 747 1828; x_wconf 75' lang='lat' dir='ltr'><strong>hominis?</strong></span> <span class='ocrx_word' id='word_1_209' title='bbox 768 1800 788 1826; x_wconf 70' lang='grc' dir='ltr'><em>α</em></span> <span class='ocrx_word' id='word_1_210' title='bbox 811 1787 951 1828; x_wconf 87' lang='lat' dir='ltr'><strong>Mater</strong></span> <span class='ocrx_word' id='word_1_211' title='bbox 969 1784 1072 1830; x_wconf 89' lang='lat' dir='ltr'><strong>Sion</strong></span> <span class='ocrx_word' id='word_1_212' title='bbox 1093 1821 1104 1839; x_wconf 86' lang='lat'>‚</span> <span class='ocrx_word' id='word_1_213' title='bbox 1127 1785 1242 1829; x_wconf 90' lang='lat' dir='ltr'><strong>dicet</strong></span> <span class='ocrx_word' id='word_1_214' title='bbox 1259 1787 1391 1830; x_wconf 91' lang='lat' dir='ltr'><strong>homo</strong></span> <span class='ocrx_word' id='word_1_215' title='bbox 1408 1806 1419 1843; x_wconf 79' lang='lat'><em>3</em></span> <span class='ocrx_word' id='word_1_216' title='bbox 1445 1794 1488 1829; x_wconf 92' lang='lat' dir='ltr'><strong>et</strong></span> <span class='ocrx_word' id='word_1_217' title='bbox 1507 1785 1640 1829; x_wconf 89' lang='lat' dir='ltr'><strong>homo</strong></span> <span class='ocrx_word' id='word_1_218' title='bbox 1663 1785 1758 1829; x_wconf 83' lang='lat' dir='ltr'><strong>fac-</strong></span> 
     </span>
     <span class='ocr_line' id='line_1_24' title="bbox 373 1854 1759 1914; baseline 0.003 -17"><span class='ocrx_word' id='word_1_219' title='bbox 373 1872 396 1897; x_wconf 90' lang='lat'>»</span> <span class='ocrx_word' id='word_1_220' title='bbox 432 1864 501 1898; x_wconf 85' lang='lat' dir='ltr'><strong>tus</strong></span> <span class='ocrx_word' id='word_1_221' title='bbox 533 1863 597 1898; x_wconf 90' lang='lat' dir='ltr'><strong>est</strong></span> <span class='ocrx_word' id='word_1_222' title='bbox 627 1854 673 1897; x_wconf 92' lang='lat' dir='ltr'><strong>in</strong></span> <span class='ocrx_word' id='word_1_223' title='bbox 705 1870 779 1910; x_wconf 79' lang='lat' dir='ltr'><strong>ea,</strong></span> <span class='ocrx_word' id='word_1_224' title='bbox 811 1864 854 1899; x_wconf 90' lang='lat' dir='ltr'><strong>et</strong></span> <span class='ocrx_word' id='word_1_225' title='bbox 877 1855 968 1914; x_wconf 92' lang='lat' dir='ltr'><strong>ipse</strong></span> <span class='ocrx_word' id='word_1_226' title='bbox 1000 1855 1203 1900; x_wconf 83' lang='lat' dir='ltr'><strong>fundavit</strong></span> <span class='ocrx_word' id='word_1_227' title='bbox 1232 1871 1327 1901; x_wconf 85' lang='lat' dir='ltr'><strong>eam</strong></span> <span class='ocrx_word' id='word_1_228' title='bbox 1356 1855 1597 1901; x_wconf 88' lang='lat' dir='ltr'><strong>Altissimus</strong></span> <span class='ocrx_word' id='word_1_229' title='bbox 1611 1858 1642 1899; x_wconf 79' lang='lat'><strong>⁵.</strong></span> <span class='ocrx_word' id='word_1_230' title='bbox 1664 1872 1685 1896; x_wconf 85' lang='lat'>»</span> <span class='ocrx_word' id='word_1_231' title='bbox 1707 1858 1759 1900; x_wconf 95' lang='lat' dir='ltr'><strong>In</strong></span> 
     </span>
     <span class='ocr_line' id='line_1_25' title="bbox 369 1923 1759 1986; baseline 0.001 -18"><span class='ocrx_word' id='word_1_232' title='bbox 369 1925 462 1984; x_wconf 89' lang='lat' dir='ltr'><strong>ipsa</strong></span> <span class='ocrx_word' id='word_1_233' title='bbox 499 1923 672 1968; x_wconf 88' lang='lat' dir='ltr'><strong>civitate</strong></span> <span class='ocrx_word' id='word_1_234' title='bbox 698 1925 839 1969; x_wconf 85' lang='lat' dir='ltr'><strong>factus</strong></span> <span class='ocrx_word' id='word_1_235' title='bbox 863 1934 925 1969; x_wconf 87' lang='lat' dir='ltr'><strong>est</strong></span> <span class='ocrx_word' id='word_1_236' title='bbox 953 1926 1086 1970; x_wconf 91' lang='lat' dir='ltr'><strong>homo</strong></span> <span class='ocrx_word' id='word_1_237' title='bbox 1103 1961 1114 1980; x_wconf 77' lang='lat'>,</span> <span class='ocrx_word' id='word_1_238' title='bbox 1153 1942 1286 1985; x_wconf 83' lang='lat' dir='ltr'><strong>quarn</strong></span> <span class='ocrx_word' id='word_1_239' title='bbox 1308 1927 1424 1970; x_wconf 90' lang='lat' dir='ltr'><strong>idem</strong></span> <span class='ocrx_word' id='word_1_240' title='bbox 1445 1927 1536 1986; x_wconf 90' lang='lat' dir='ltr'><strong>ipse</strong></span> <span class='ocrx_word' id='word_1_241' title='bbox 1558 1925 1759 1971; x_wconf 84' lang='lat' dir='ltr'><strong>fundavit</strong></span> 
     </span>
     <span class='ocr_line' id='line_1_26' title="bbox 371 1995 1758 2055; baseline 0.001 -15"><span class='ocrx_word' id='word_1_242' title='bbox 371 1995 615 2040; x_wconf 87' lang='lat' dir='ltr'><strong>Altissimus</strong></span> <span class='ocrx_word' id='word_1_243' title='bbox 636 1995 714 2055; x_wconf 85' lang='lat' dir='ltr'><strong>qui</strong></span> <span class='ocrx_word' id='word_1_244' title='bbox 729 1996 775 2040; x_wconf 92' lang='lat' dir='ltr'><strong>in</strong></span> <span class='ocrx_word' id='word_1_245' title='bbox 789 2011 837 2040; x_wconf 85' lang='lat' dir='ltr'><strong>ea</strong></span> <span class='ocrx_word' id='word_1_246' title='bbox 853 1995 994 2041; x_wconf 85' lang='lat' dir='ltr'><strong>factus</strong></span> <span class='ocrx_word' id='word_1_247' title='bbox 1008 2005 1072 2040; x_wconf 90' lang='lat' dir='ltr'><strong>est</strong></span> <span class='ocrx_word' id='word_1_248' title='bbox 1083 1998 1231 2042; x_wconf 86' lang='lat' dir='ltr'><strong>homo.</strong></span> <span class='ocrx_word' id='word_1_249' title='bbox 1251 2000 1401 2055; x_wconf 84' lang='lat' dir='ltr'><strong>Ergo«</strong></span> <span class='ocrx_word' id='word_1_250' title='bbox 1417 1997 1606 2042; x_wconf 82' lang='lat' dir='ltr'><strong>Accessit</strong></span> <span class='ocrx_word' id='word_1_251' title='bbox 1625 1998 1758 2042; x_wconf 84' lang='lat' dir='ltr'><strong>homo</strong></span> 
     </span>
    </p>
   </div>
   <div class='ocr_carea' id='block_1_3' title="bbox 374 2064 1832 2112">
    <p class='ocr_par' dir='ltr' id='par_1_4' title="bbox 374 2064 1832 2112">
     <span class='ocr_line' id='line_1_27' title="bbox 374 2064 1832 2112; baseline 0.003 -5"><span class='ocrx_word' id='word_1_252' title='bbox 374 2082 397 2107; x_wconf 69' lang='lat'><strong>³)</strong></span> <span class='ocrx_word' id='word_1_253' title='bbox 432 2074 476 2109; x_wconf 91' lang='lat' dir='ltr'><strong>et</strong></span> <span class='ocrx_word' id='word_1_254' title='bbox 492 2081 568 2110; x_wconf 88' lang='lat' dir='ltr'><strong>cor</strong></span> <span class='ocrx_word' id='word_1_255' title='bbox 592 2064 745 2110; x_wconf 86' lang='lat' dir='ltr'><strong>altum.</strong></span> <span class='ocrx_word' id='word_1_256' title='bbox 775 2084 795 2108; x_wconf 91' lang='lat'>»</span> <span class='ocrx_word' id='word_1_257' title='bbox 827 2069 1003 2111; x_wconf 90' lang='lat' dir='ltr'><strong>Intuere</strong></span> <span class='ocrx_word' id='word_1_258' title='bbox 1029 2067 1253 2111; x_wconf 89' lang='lat' dir='ltr'><strong>hominem</strong></span> <span class='ocrx_word' id='word_1_259' title='bbox 1280 2068 1327 2111; x_wconf 91' lang='lat' dir='ltr'><strong>in</strong></span> <span class='ocrx_word' id='word_1_260' title='bbox 1356 2067 1486 2112; x_wconf 91' lang='lat' dir='ltr'><strong>corde</strong></span> <span class='ocrx_word' id='word_1_261' title='bbox 1515 2067 1633 2112; x_wconf 85' lang='lat' dir='ltr'><strong>alto:</strong></span> <span class='ocrx_word' id='word_1_262' title='bbox 1658 2067 1759 2111; x_wconf 87' lang='lat' dir='ltr'><strong>vide</strong></span> <span class='ocrx_word' id='word_1_263' title='bbox 1826 2092 1832 2101; x_wconf 80' lang='lat'>‹</span> 
     </span>
    </p>
   </div>
   <div class='ocr_carea' id='block_1_4' title="bbox 369 2136 1760 2479">
    <p class='ocr_par' dir='ltr' id='par_1_5' title="bbox 369 2136 1760 2479">
     <span class='ocr_line' id='line_1_28' title="bbox 371 2136 1760 2196; baseline 0.001 -16"><span class='ocrx_word' id='word_1_264' title='bbox 371 2145 588 2196; x_wconf 85' lang='lat' dir='ltr'><strong>quantum</strong></span> <span class='ocrx_word' id='word_1_265' title='bbox 609 2146 748 2196; x_wconf 76' lang='lat' dir='ltr'><strong>potes,</strong></span> <span class='ocrx_word' id='word_1_266' title='bbox 773 2136 807 2180; x_wconf 91' lang='lat' dir='ltr'><strong>si</strong></span> <span class='ocrx_word' id='word_1_267' title='bbox 828 2146 973 2196; x_wconf 82' lang='lat' dir='ltr'><strong>potes,</strong></span> <span class='ocrx_word' id='word_1_268' title='bbox 993 2146 1037 2181; x_wconf 90' lang='lat' dir='ltr'><strong>et</strong></span> <span class='ocrx_word' id='word_1_269' title='bbox 1056 2140 1196 2181; x_wconf 89' lang='lat' dir='ltr'><strong>Deum</strong></span> <span class='ocrx_word' id='word_1_270' title='bbox 1219 2138 1263 2181; x_wconf 91' lang='lat' dir='ltr'><strong>in</strong></span> <span class='ocrx_word' id='word_1_271' title='bbox 1285 2136 1416 2182; x_wconf 87' lang='lat' dir='ltr'><strong>corde</strong></span> <span class='ocrx_word' id='word_1_272' title='bbox 1440 2137 1545 2182; x_wconf 89' lang='lat' dir='ltr'><strong>alto.</strong></span> <span class='ocrx_word' id='word_1_273' title='bbox 1572 2139 1760 2183; x_wconf 87' lang='lat' dir='ltr'><strong>Accessit</strong></span> 
     </span>
     <span class='ocr_line' id='line_1_29' title="bbox 371 2208 1759 2268; baseline 0 -16"><span class='ocrx_word' id='word_1_274' title='bbox 371 2208 504 2252; x_wconf 90' lang='lat' dir='ltr'><strong>homo</strong></span> <span class='ocrx_word' id='word_1_275' title='bbox 522 2227 531 2252; x_wconf 89' lang='lat'>:</span> <span class='ocrx_word' id='word_1_276' title='bbox 557 2217 599 2252; x_wconf 88' lang='lat' dir='ltr'><strong>et</strong></span> <span class='ocrx_word' id='word_1_277' title='bbox 611 2208 713 2268; x_wconf 89' lang='lat' dir='ltr'><strong>quia</strong></span> <span class='ocrx_word' id='word_1_278' title='bbox 736 2211 848 2253; x_wconf 91' lang='lat' dir='ltr'><strong>Deus</strong></span> <span class='ocrx_word' id='word_1_279' title='bbox 871 2217 985 2263; x_wconf 83' lang='lat' dir='ltr'><strong>erat,</strong></span> <span class='ocrx_word' id='word_1_280' title='bbox 1005 2217 1048 2252; x_wconf 91' lang='lat' dir='ltr'><strong>et</strong></span> <span class='ocrx_word' id='word_1_281' title='bbox 1066 2208 1168 2268; x_wconf 83' lang='lat' dir='ltr'><strong>quia</strong></span> <span class='ocrx_word' id='word_1_282' title='bbox 1184 2224 1386 2267; x_wconf 86' lang='lat' dir='ltr'><strong>passurus</strong></span> <span class='ocrx_word' id='word_1_283' title='bbox 1409 2218 1499 2252; x_wconf 87' lang='lat' dir='ltr'><strong>erat</strong></span> <span class='ocrx_word' id='word_1_284' title='bbox 1522 2208 1671 2252; x_wconf 91' lang='lat' dir='ltr'><strong>volens</strong></span> <span class='ocrx_word' id='word_1_285' title='bbox 1685 2243 1696 2263; x_wconf 82' lang='lat'><strong>‚</strong></span> <span class='ocrx_word' id='word_1_286' title='bbox 1715 2216 1759 2251; x_wconf 87' lang='lat' dir='ltr'><strong>et</strong></span> 
     </span>
     <span class='ocr_line' id='line_1_30' title="bbox 371 2276 1758 2338; baseline 0.001 -17"><span class='ocrx_word' id='word_1_287' title='bbox 371 2278 474 2338; x_wconf 86' lang='lat' dir='ltr'><strong>quia</strong></span> <span class='ocrx_word' id='word_1_288' title='bbox 507 2277 751 2338; x_wconf 79' lang='lat' dir='ltr'><strong>exemplum</strong></span> <span class='ocrx_word' id='word_1_289' title='bbox 775 2279 1038 2338; x_wconf 68' lang='lat' dir='ltr'><strong>praebiturus</strong></span> <span class='ocrx_word' id='word_1_290' title='bbox 1060 2279 1239 2322; x_wconf 83' lang='lat' dir='ltr'><strong>infirmis</strong></span> <span class='ocrx_word' id='word_1_291' title='bbox 1255 2314 1266 2334; x_wconf 84' lang='lat'>‚</span> <span class='ocrx_word' id='word_1_292' title='bbox 1292 2287 1335 2323; x_wconf 91' lang='lat' dir='ltr'><strong>et</strong></span> <span class='ocrx_word' id='word_1_293' title='bbox 1353 2279 1455 2338; x_wconf 88' lang='lat' dir='ltr'><strong>quia</strong></span> <span class='ocrx_word' id='word_1_294' title='bbox 1474 2278 1583 2322; x_wconf 87' lang='lat' dir='ltr'><strong>nihil</strong></span> <span class='ocrx_word' id='word_1_295' title='bbox 1604 2279 1642 2322; x_wconf 91' lang='lat' dir='ltr'><strong>ei</strong></span> <span class='ocrx_word' id='word_1_296' title='bbox 1661 2276 1758 2323; x_wconf 89' lang='lat' dir='ltr'><strong>fac-</strong></span> 
     </span>
     <span class='ocr_line' id='line_1_31' title="bbox 369 2348 1757 2409; baseline 0 -17"><span class='ocrx_word' id='word_1_297' title='bbox 369 2348 458 2392; x_wconf 86' lang='lat' dir='ltr'><strong>turi</strong></span> <span class='ocrx_word' id='word_1_298' title='bbox 477 2358 600 2392; x_wconf 83' lang='lat' dir='ltr'><strong>erant</strong></span> <span class='ocrx_word' id='word_1_299' title='bbox 621 2349 698 2408; x_wconf 87' lang='lat' dir='ltr'><strong>qui</strong></span> <span class='ocrx_word' id='word_1_300' title='bbox 714 2349 950 2393; x_wconf 68' lang='lat' dir='ltr'><strong>saeviebant</strong></span> <span class='ocrx_word' id='word_1_301' title='bbox 969 2384 979 2404; x_wconf 83' lang='lat'>‚</span> <span class='ocrx_word' id='word_1_302' title='bbox 1000 2358 1208 2409; x_wconf 87' lang='lat' dir='ltr'><strong>tanquam</strong></span> <span class='ocrx_word' id='word_1_303' title='bbox 1241 2364 1419 2408; x_wconf 87' lang='lat' dir='ltr'><strong>passuro</strong></span> <span class='ocrx_word' id='word_1_304' title='bbox 1450 2352 1539 2392; x_wconf 90' lang='lat' dir='ltr'><strong>Deo</strong></span> <span class='ocrx_word' id='word_1_305' title='bbox 1557 2383 1568 2404; x_wconf 87' lang='lat'>‚</span> <span class='ocrx_word' id='word_1_306' title='bbox 1602 2348 1678 2393; x_wconf 92' lang='lat' dir='ltr'><strong>sed</strong></span> <span class='ocrx_word' id='word_1_307' title='bbox 1710 2349 1757 2392; x_wconf 90' lang='lat' dir='ltr'><strong>in</strong></span> 
     </span>
     <span class='ocr_line' id='line_1_32' title="bbox 370 2419 1753 2479; baseline 0 -17"><span class='ocrx_word' id='word_1_308' title='bbox 370 2419 548 2463; x_wconf 87' lang='lat' dir='ltr'><strong>homine</strong></span> <span class='ocrx_word' id='word_1_309' title='bbox 563 2454 574 2474; x_wconf 87' lang='lat'>,</span> <span class='ocrx_word' id='word_1_310' title='bbox 599 2419 675 2463; x_wconf 88' lang='lat' dir='ltr'><strong>sed</strong></span> <span class='ocrx_word' id='word_1_311' title='bbox 690 2419 735 2463; x_wconf 92' lang='lat' dir='ltr'><strong>in</strong></span> <span class='ocrx_word' id='word_1_312' title='bbox 752 2434 881 2463; x_wconf 87' lang='lat' dir='ltr'><strong>carne</strong></span> <span class='ocrx_word' id='word_1_313' title='bbox 896 2454 907 2475; x_wconf 80' lang='grc'>,</span> <span class='ocrx_word' id='word_1_314' title='bbox 929 2419 1036 2479; x_wconf 82' lang='lat' dir='ltr'><strong>quid</strong></span> <span class='ocrx_word' id='word_1_315' title='bbox 1053 2419 1274 2479; x_wconf 76' lang='lat' dir='ltr'><strong>sequitur?</strong></span> <span class='ocrx_word' id='word_1_316' title='bbox 1290 2419 1498 2477; x_wconf 74' lang='lat' dir='ltr'><strong>«Sagittae</strong></span> <span class='ocrx_word' id='word_1_317' title='bbox 1519 2419 1753 2462; x_wconf 81' lang='lat' dir='ltr'><strong>infantium</strong></span> 
     </span>
    </p>
   </div>
   <div class='ocr_carea' id='block_1_5' title="bbox 376 2514 1752 2612">
    <p class='ocr_par' dir='ltr' id='par_1_6' title="bbox 376 2514 1752 2612">
     <span class='ocr_line' id='line_1_33' title="bbox 421 2514 1752 2557; baseline -0.002 -9"><span class='ocrx_word' id='word_1_318' title='bbox 421 2523 430 2538; x_wconf 91' lang='lat'><em>¹</em></span> <span class='ocrx_word' id='word_1_319' title='bbox 450 2518 540 2548; x_wconf 83' lang='lat' dir='ltr'><strong>Joan.</strong></span> <span class='ocrx_word' id='word_1_320' title='bbox 559 2528 593 2557; x_wconf 82' lang='lat' dir='ltr'><strong>x,</strong></span> <span class='ocrx_word' id='word_1_321' title='bbox 619 2516 672 2549; x_wconf 88' lang='lat'><strong>30.</strong></span> <span class='ocrx_word' id='word_1_322' title='bbox 694 2533 735 2538; x_wconf 92' lang='lat'><strong>-—</strong></span> <span class='ocrx_word' id='word_1_323' title='bbox 762 2522 774 2539; x_wconf 80' lang='lat'>²</span> <span class='ocrx_word' id='word_1_324' title='bbox 789 2516 836 2548; x_wconf 68' lang='lat'>111.</span> <span class='ocrx_word' id='word_1_325' title='bbox 857 2526 950 2556; x_wconf 71' lang='lat' dir='ltr'><strong>xxiv,</strong></span> <span class='ocrx_word' id='word_1_326' title='bbox 970 2516 1025 2548; x_wconf 80' lang='lat'><strong>28.</strong></span> <span class='ocrx_word' id='word_1_327' title='bbox 1041 2533 1083 2539; x_wconf 90' lang='lat'><strong>—-</strong></span> <span class='ocrx_word' id='word_1_328' title='bbox 1100 2514 1112 2539; x_wconf 86' lang='lat'><strong>3</strong></span> <span class='ocrx_word' id='word_1_329' title='bbox 1131 2515 1241 2557; x_wconf 78' lang='lat' dir='ltr'><strong>Philip.</strong></span> <span class='ocrx_word' id='word_1_330' title='bbox 1270 2527 1304 2556; x_wconf 78' lang='grc' dir='ltr'><strong>ιι,</strong></span> <span class='ocrx_word' id='word_1_331' title='bbox 1319 2516 1353 2557; x_wconf 73' lang='lat'><strong>(5,</strong></span> <span class='ocrx_word' id='word_1_332' title='bbox 1370 2527 1399 2556; x_wconf 63' lang='grc' dir='ltr'><strong>Τ.</strong></span> <span class='ocrx_word' id='word_1_333' title='bbox 1425 2533 1459 2538; x_wconf 79' lang='lat'><strong>—-</strong></span> <span class='ocrx_word' id='word_1_334' title='bbox 1477 2514 1491 2544; x_wconf 67' lang='grc'>4</span> <span class='ocrx_word' id='word_1_335' title='bbox 1511 2527 1521 2548; x_wconf 79' lang='grc' dir='ltr'><em>ι</em></span> <span class='ocrx_word' id='word_1_336' title='bbox 1542 2516 1615 2546; x_wconf 81' lang='lat' dir='ltr'><strong>Cor.</strong></span> <span class='ocrx_word' id='word_1_337' title='bbox 1635 2526 1702 2556; x_wconf 78' lang='lat' dir='ltr'><strong>xm,</strong></span> <span class='ocrx_word' id='word_1_338' title='bbox 1719 2514 1752 2556; x_wconf 66' lang='lat'><strong>[3.</strong></span> 
     </span>
     <span class='ocr_line' id='line_1_34' title="bbox 376 2571 745 2612; baseline 0.003 -10"><span class='ocrx_word' id='word_1_339' title='bbox 376 2589 415 2594; x_wconf 83' lang='lat'><strong>—</strong></span> <span class='ocrx_word' id='word_1_340' title='bbox 437 2571 449 2594; x_wconf 77' lang='lat'><strong>5</strong></span> <span class='ocrx_word' id='word_1_341' title='bbox 465 2573 542 2605; x_wconf 53' lang='lat' dir='ltr'><strong>neat.</strong></span> <span class='ocrx_word' id='word_1_342' title='bbox 565 2583 696 2612; x_wconf 62' lang='lat' dir='ltr'><strong>Lxxxvr.</strong></span> <span class='ocrx_word' id='word_1_343' title='bbox 714 2573 745 2604; x_wconf 80' lang='lat'><strong>5.</strong></span> 
     </span>
    </p>
   </div>
   <div class='ocr_carea' id='block_1_6' title="bbox 1849 301 1855 495">
    <p class='ocr_par' dir='ltr' id='par_1_7' title="bbox 1849 301 1855 495">
     <span class='ocr_line' id='line_1_35' title="bbox 1849 301 1855 495; baseline 0 2790"><span class='ocrx_word' id='word_1_344' title='bbox 1849 301 1855 495; x_wconf 95' lang='lat' dir='ltr'><strong> </strong></span> 
     </span>
    </p>
   </div>
   <div class='ocr_carea' id='block_1_7' title="bbox 1848 1309 1859 1975">
    <p class='ocr_par' dir='ltr' id='par_1_8' title="bbox 1848 1309 1859 1975">
     <span class='ocr_line' id='line_1_36' title="bbox 1848 1309 1859 1975; baseline 0 0"><span class='ocrx_word' id='word_1_345' title='bbox 1848 1309 1859 1975; x_wconf 95' lang='lat' dir='ltr'><strong> </strong></span> 
     </span>
    </p>
   </div>
   <div class='ocr_carea' id='block_1_8' title="bbox 1863 2517 1866 2565">
    <p class='ocr_par' dir='ltr' id='par_1_9' title="bbox 1863 2517 1866 2565">
     <span class='ocr_line' id='line_1_37' title="bbox 1863 2517 1866 2565; baseline 0 0"><span class='ocrx_word' id='word_1_346' title='bbox 1863 2517 1866 2565; x_wconf 54' lang='grc' dir='ltr'>ὁ</span> 
     </span>
    </p>
   </div>
  </div>
 </body>
</html>
