1889 3285
11 1489 16 1667 ἒ

15 1854 29 2542 i

0 2028 5 2056 ,

0 2070 9 2123 i

401 261 642 289 umam-rio
676 263 719 289 m
754 262 956 290 1¹5ALMCM
989 262 1124 289 van.
1347 251 1430 288 289

47 341 228 372 morem.
250 325 477 371 «Charitas
499 324 615 368 enim
632 325 707 368 Dei
723 323 881 370 diffusa
903 335 966 370 est
987 325 1034 369 in
1057 325 1259 370 cordibus
1277 326 1432 370 nostris

51 415 73 438 »
108 411 185 456 per
221 395 429 456 Spiritum
457 403 656 439 sanctum
693 395 770 455 qui
808 395 935 440 datus
968 405 1032 440 est
1063 396 1236 440 nobis¹.
1274 416 1292 437 »
1327 396 1434 440 Ideo

49 465 256 510 laetantur
268 466 362 509 haec
378 463 530 508 millia.
553 467 740 508 Tantum
763 465 879 508 enim
899 464 1068 509 faciunt
1084 465 1296 524 justitiam
1310 465 1435 522 Legis

49 545 265 596 quantum
286 534 549 595 adjuvantur
575 534 736 593 Spiritu
756 535 931 594 gratiae,
955 534 1166 595 quoniam
1188 535 1435 579 «Dominus

54 623 76 647 »
110 605 157 649 in
177 604 261 650 illis
278 640 289 660 ,
313 605 359 648 in
383 605 484 650 Sina
504 604 551 647 in
570 613 729 649 sancto.
755 623 775 646 »

111 677 250 719 XXV.
276 674 442 719 Deinde
464 673 520 718 ad
542 674 683 734 ipsum
705 673 937 719 Dominum
958 672 1178 720 locutione
1197 689 1403 718 conversa
1426 693 1436 718 2

56 764 78 788 «
111 744 374 800 Ascendisti‚
406 745 570 805 inquit,
596 745 643 787 in
671 745 830 800 altum,
860 746 1086 805 captivasti
1113 745 1435 805 captivitatem,

55 833 76 857 »
110 815 311 874 accepisti
342 813 457 859 dona
499 815 546 858 in
583 815 836 859 hominibus
850 819 883 858 ².
920 833 939 856 »
976 818 1070 860 Hoc
1107 815 1340 876 Apostolus
1379 815 1439 860 sic

52 893 363 930 commemorat
381 919 392 939 ,
417 884 476 928 sic
509 885 685 944 exponit
713 884 767 929 de
792 886 978 930 Domino
1013 885 1185 931 Christo
1216 886 1400 947 loquens
1427 906 1438 931 ι

55 975 76 999 «
111 957 355 1016 Unicuique
377 965 524 1000 autem
548 967 760 1011 nostrum,
784 955 949 1016 inquit,
979 955 1110 1001 datur
1128 958 1263 1016 gratia
1285 972 1441 1002 secun-

54 1045 76 1068 »
111 1025 218 1070 dum
240 1040 488 1070 mensuram
512 1024 758 1070 donationis
776 1026 934 1070 Christi
950 1041 959 1067 :
975 1036 1154 1086 propter
1172 1026 1290 1087 quod
1307 1025 1438 1070 dicit:

53 1114 75 1138 »
111 1095 317 1140 Ascendit
337 1096 381 1139 in
403 1094 561 1145 altum,
587 1095 821 1154 captivavit
841 1096 1156 1155 captivitatem,
1181 1094 1304 1138 dedit
1325 1095 1443 1140 dona

55 1184 76 1207 »
110 1165 376 1209 hominibus.
405 1164 536 1218 Quod
569 1174 715 1209 autem
739 1165 933 1209 ascendit
948 1198 958 1217 ,
988 1163 1097 1224 quid
1119 1173 1183 1208 est
1198 1199 1208 1219 ,
1233 1164 1313 1209 nisi
1337 1165 1443 1225 quia

57 1253 78 1277 »
114 1243 158 1278 et
185 1233 411 1278 descendit
430 1235 477 1277 in
497 1231 721 1277 inferiores
743 1241 886 1292 partes
908 1236 1063 1277 terrae?
1080 1234 1165 1286 Qui
1188 1232 1412 1278 descendit
1427 1269 1439 1289 ‚

55 1323 78 1346 >›
114 1304 204 1364 ipse
224 1313 288 1348 est
299 1313 342 1348 et
356 1303 432 1363 qui
447 1301 641 1347 ascendit
658 1318 786 1363 super
801 1319 950 1347 omnes
963 1303 1111 1359 coelos,
1123 1313 1173 1348 ut
1189 1304 1447 1364 adimpleret

57 1393 78 1416 »
114 1374 260 1419 omnia
280 1374 312 1417 ³.
339 1391 360 1414 >›
386 1372 562 1418 Christo
591 1388 694 1432 ergo
726 1373 818 1416 sine
842 1372 1116 1418 dubitatione
1149 1375 1314 1419 dictum
1348 1383 1441 1418 est:

10 1466 14 1483 ι,
60 1463 80 1485 «
114 1442 356 1488 Ascendisti
384 1443 429 1486 in
451 1441 616 1496 altum,
649 1442 874 1501 captivasti
897 1444 1215 1502 captivitatem,
1246 1445 1448 1502 accepisti

58 1532 80 1556 »
114 1514 229 1558 dona
251 1513 297 1556 in
313 1512 579 1557 hominibus.
599 1515 723 1557 »Nec
743 1523 916 1557 moveat
938 1513 1059 1573 quod
1080 1513 1312 1572 Apostolus
1330 1513 1449 1557 idem

56 1583 353 1628 testimonium
377 1597 723 1627 commemorans
752 1598 841 1627 non
865 1583 949 1627 ait:
985 1602 1005 1625 «
1031 1583 1244 1642 Accepisti
1266 1583 1380 1628 dona
1402 1583 1449 1627 in

59 1669 80 1692 »
113 1652 421 1706 hominibus3»
434 1651 524 1702 sed,
542 1670 561 1690 «
579 1650 708 1695 Dedit
726 1651 840 1696 dona
860 1652 1125 1696 hominibus.
1147 1671 1166 1693 »
1184 1652 1263 1696 Ille
1285 1653 1449 1712 quippe

59 1719 315 1765 auctoritate
352 1717 587 1778 apostolica
621 1722 863 1762 secundum
888 1722 973 1763 hoc
1001 1722 1172 1766 locutus
1210 1732 1294 1777 est,
1327 1722 1450 1783 quod

58 1794 174 1835 Deus
192 1805 293 1834 cum
316 1793 443 1833 Patre
458 1787 608 1831 Filius.
638 1789 888 1832 Secundum
909 1789 994 1833 hoc
1016 1792 1178 1848 quippe
1195 1791 1317 1836 dedit
1334 1792 1451 1836 dona

59 1861 338 1915 hominibus,
375 1859 554 1902 mittens
578 1859 635 1902 eis
666 1859 873 1917 Spiritum
908 1868 1130 1913 sanctum,
1157 1859 1233 1919 qui
1267 1860 1450 1919 Spiritus

61 1941 125 1977 cst
151 1931 288 1975 Patris
313 1939 356 1973 et
377 1928 491 1973 Filii.
529 1928 778 1973 Secundum
807 1927 918 1972 illud
938 1944 1041 1973 vero
1075 1929 1195 1988 quod
1216 1930 1332 1973 idem
1359 1931 1452 1989 ipse

62 2000 258 2047 Christus
285 2000 331 2043 in
365 2014 545 2058 corpore
578 2014 656 2043 suo
684 1997 960 2057 intelligitur,
995 1998 1115 2058 quod
1141 2008 1204 2043 est
1226 1999 1417 2044 Ecclesia
1434 2035 1446 2055 ,

60 2080 238 2131 propter
261 2068 382 2130 quod
406 2078 449 2113 et
471 2069 668 2112 membra
691 2070 781 2128 ejus
811 2078 912 2113 sunt
934 2069 1070 2113 sancti
1093 2078 1136 2113 et
1159 2069 1306 2113 fideles
1330 2071 1423 2129 ejus
1438 2106 1448 2125 ,

62 2141 182 2185 unde
199 2141 257 2185 eis
275 2139 456 2184 dicitur:
478 2141 603 2182 «Vox
623 2148 769 2182 autem
790 2139 888 2182 estis
911 2154 1066 2197 corpus
1079 2139 1236 2184 Christi
1253 2149 1295 2183 et
1315 2154 1450 2183 mem-

66 2229 87 2252 »
122 2211 226 2254 bra⁴
240 2229 249 2254 :
263 2228 284 2250 »
302 2208 455 2269 procul
477 2207 613 2252 dubio
635 2217 678 2251 et
699 2208 789 2267 ipse
803 2207 1096 2268 accepitdona
1118 2209 1163 2252 in
1179 2209 1446 2254 hominibus.

64 2282 259 2327 Christus
281 2280 443 2339 quippe
466 2279 658 2322 ascendit
679 2279 724 2322 in
747 2278 882 2322 altum
899 2314 909 2333 ,
945 2288 987 2323 ct
1009 2279 1129 2323 sedet
1151 2279 1206 2323 ad
1229 2280 1452 2324 dexteram

67 2350 228 2395 Patris⁵
249 2348 348 2395 :sed
365 2348 446 2392 nisi
463 2348 591 2391 ethic
615 2357 723 2392 esset
736 2348 782 2391 in
803 2348 943 2403 terris,
969 2364 1058 2393 non
1074 2348 1177 2393 inde
1198 2350 1448 2394 clamasset:

72 2439 93 2463 «
129 2420 278 2475 Saule,
306 2417 454 2473 Saule,
479 2417 586 2478 quid
601 2433 671 2461 me
687 2419 1006 2479 persequerisfl?
1025 2440 1041 2461 »
1060 2421 1172 2464 Cum
1187 2419 1320 2478 igitur
1334 2420 1453 2464 idem

117 2522 125 2540 ¹
146 2519 238 2549 Rom.
257 2527 279 2548 v
294 2541 302 2557 ‚
327 2515 358 2547 5.
378 2530 420 2537 —
440 2521 452 2538 ⁸
471 2514 552 2547 Psal.
572 2525 683 2556 vau,
706 2525 757 2556 ις).
777 2531 817 2537 -
843 2512 856 2537 3
886 2515 1000 2558 Ephes.
1027 2526 1080 2559 xv,
1108 2526 1204 2558 5-10.
1232 2514 1307 2546 -4
1342 2528 1354 2549 1
1377 2517 1449 2548 Cor.

7 2572 9 2574 ’
71 2582 126 2614 xn,
145 2580 200 2613 25.
219 2587 260 2594 —
274 2568 403 2603 ⁶Marc.
418 2581 484 2611 ενι,
503 2578 556 2603 20.
574 2585 617 2592 -
638 2567 653 2588 ⁶
672 2571 744 2602 Act.
764 2581 808 2611 ix,
829 2569 860 2612 4.

283 2634 404 2664 cxvi,
1246 2625 1294 2663 19

16 2653 41 3285 Χ

15 3117 20 3137 s
