<?xml version="1.0" encoding="UTF-8"?>
<!DOCTYPE html PUBLIC "-//W3C//DTD XHTML 1.0 Transitional//EN"
    "http://www.w3.org/TR/xhtml1/DTD/xhtml1-transitional.dtd">
<html xmlns="http://www.w3.org/1999/xhtml" xml:lang="en" lang="en">
 <head>
  <title>
</title>
<meta http-equiv="Content-Type" content="text/html;charset=utf-8" />
  <meta name='ocr-system' content='tesseract 3.04.00' />
  <meta name='ocr-capabilities' content='ocr_page ocr_carea ocr_par ocr_line ocrx_word'/>
</head>
<body>
  <div class='ocr_page' id='page_1' title='image "./operaomniaaccura09auguuoft_0361.png"; bbox 0 0 1889 3285; ppageno 0'>
   <div class='ocr_carea' id='block_1_1' title="bbox 195 255 1419 304">
    <p class='ocr_par' dir='ltr' id='par_1_1' title="bbox 195 255 1419 304">
     <span class='ocr_line' id='line_1_1' title="bbox 195 255 1419 304; baseline 0.004 -15"><span class='ocrx_word' id='word_1_1' title='bbox 195 260 435 290; x_wconf 62' lang='lat' dir='ltr'><strong>murmuro</strong></span> <span class='ocrx_word' id='word_1_2' title='bbox 467 265 500 290; x_wconf 87' lang='lat'><strong>11</strong></span> <span class='ocrx_word' id='word_1_3' title='bbox 531 264 576 291; x_wconf 81' lang='lat' dir='ltr'><strong>IN</strong></span> <span class='ocrx_word' id='word_1_4' title='bbox 609 264 810 292; x_wconf 82' lang='lat' dir='ltr'>PSALMUM</span> <span class='ocrx_word' id='word_1_5' title='bbox 841 267 1009 304; x_wconf 75' lang='lat' dir='ltr'><strong>vam,</strong></span> <span class='ocrx_word' id='word_1_6' title='bbox 1043 265 1182 294; x_wconf 68' lang='lat' dir='ltr'><strong>samio</strong></span> <span class='ocrx_word' id='word_1_7' title='bbox 1216 269 1262 293; x_wconf 87' lang='lat'><strong>11.</strong></span> <span class='ocrx_word' id='word_1_8' title='bbox 1334 255 1419 294; x_wconf 82' lang='lat'><strong>349</strong></span> 
     </span>
    </p>
   </div>
   <div class='ocr_carea' id='block_1_2' title="bbox 0 328 1443 2491">
    <p class='ocr_par' dir='ltr' id='par_1_2' title="bbox 0 328 1434 1164">
     <span class='ocr_line' id='line_1_2' title="bbox 41 328 1424 387; baseline 0.004 -14"><span class='ocrx_word' id='word_1_9' title='bbox 41 328 106 374; x_wconf 88' lang='lat' dir='ltr'><strong>dit</strong></span> <span class='ocrx_word' id='word_1_10' title='bbox 124 330 154 373; x_wconf 84' lang='lat'><strong>1.</strong></span> <span class='ocrx_word' id='word_1_11' title='bbox 184 348 204 371; x_wconf 76' lang='grc' dir='ltr'><strong>ι(</strong></span> <span class='ocrx_word' id='word_1_12' title='bbox 225 330 416 382; x_wconf 68' lang='lat' dir='ltr'><strong>Quaerite</strong></span> <span class='ocrx_word' id='word_1_13' title='bbox 437 331 698 386; x_wconf 87' lang='lat' dir='ltr'><strong>Dominum,</strong></span> <span class='ocrx_word' id='word_1_14' title='bbox 722 341 765 375; x_wconf 92' lang='lat' dir='ltr'><strong>et</strong></span> <span class='ocrx_word' id='word_1_15' title='bbox 784 333 900 378; x_wconf 89' lang='lat' dir='ltr'><strong>vivet</strong></span> <span class='ocrx_word' id='word_1_16' title='bbox 923 333 1065 377; x_wconf 89' lang='lat' dir='ltr'><strong>anima</strong></span> <span class='ocrx_word' id='word_1_17' title='bbox 1084 343 1236 378; x_wconf 87' lang='lat' dir='ltr'><strong>vestra.</strong></span> <span class='ocrx_word' id='word_1_18' title='bbox 1257 350 1278 374; x_wconf 86' lang='lat'>»</span> <span class='ocrx_word' id='word_1_19' title='bbox 1295 335 1424 387; x_wconf 82' lang='lat' dir='ltr'><strong>Quae-</strong></span> 
     </span>
     <span class='ocr_line' id='line_1_3' title="bbox 13 399 1424 465; baseline 0.004 -22"><span class='ocrx_word' id='word_1_20' title='bbox 13 446 16 450; x_wconf 55' lang='grc'><strong><em>,</em></strong></span> <span class='ocrx_word' id='word_1_21' title='bbox 41 399 132 444; x_wconf 89' lang='lat' dir='ltr'><strong>ritis</strong></span> <span class='ocrx_word' id='word_1_22' title='bbox 155 416 313 460; x_wconf 89' lang='lat' dir='ltr'><strong>panem</strong></span> <span class='ocrx_word' id='word_1_23' title='bbox 329 435 341 456; x_wconf 86' lang='lat'>‚</span> <span class='ocrx_word' id='word_1_24' title='bbox 364 409 414 446; x_wconf 92' lang='lat' dir='ltr'><strong>ut</strong></span> <span class='ocrx_word' id='word_1_25' title='bbox 435 401 551 445; x_wconf 87' lang='lat' dir='ltr'><strong>vivat</strong></span> <span class='ocrx_word' id='word_1_26' title='bbox 570 417 670 447; x_wconf 87' lang='lat' dir='ltr'><strong>caro</strong></span> <span class='ocrx_word' id='word_1_27' title='bbox 689 412 855 462; x_wconf 77' lang='lat' dir='ltr'><strong>vestra:</strong></span> <span class='ocrx_word' id='word_1_28' title='bbox 881 404 1118 449; x_wconf 89' lang='lat' dir='ltr'><strong>Dominum</strong></span> <span class='ocrx_word' id='word_1_29' title='bbox 1139 405 1323 465; x_wconf 83' lang='lat' dir='ltr'><strong>quaerite</strong></span> <span class='ocrx_word' id='word_1_30' title='bbox 1338 440 1348 460; x_wconf 92' lang='lat'>‚</span> <span class='ocrx_word' id='word_1_31' title='bbox 1374 413 1424 449; x_wconf 93' lang='lat' dir='ltr'><strong>ut</strong></span> 
     </span>
     <span class='ocr_line' id='line_1_4' title="bbox 0 470 492 518; baseline 0 -4"><span class='ocrx_word' id='word_1_32' title='bbox 0 471 7 518; x_wconf 71' lang='lat' dir='ltr'><strong>l</strong></span> <span class='ocrx_word' id='word_1_33' title='bbox 40 470 159 515; x_wconf 83' lang='lat' dir='ltr'><strong>vivat</strong></span> <span class='ocrx_word' id='word_1_34' title='bbox 175 471 318 514; x_wconf 87' lang='lat' dir='ltr'><strong>anima</strong></span> <span class='ocrx_word' id='word_1_35' title='bbox 338 479 492 515; x_wconf 88' lang='lat' dir='ltr'><strong>vestra.</strong></span> 
     </span>
     <span class='ocr_line' id='line_1_5' title="bbox 0 529 1426 604; baseline 0.004 -21"><span class='ocrx_word' id='word_1_36' title='bbox 0 529 21 591; x_wconf 66' lang='grc' dir='ltr'><strong>ὲΙ</strong></span> <span class='ocrx_word' id='word_1_37' title='bbox 99 542 264 584; x_wconf 86' lang='lat' dir='ltr'>XVIII.</span> <span class='ocrx_word' id='word_1_38' title='bbox 294 540 538 594; x_wconf 81' lang='lat' dir='ltr'>«Quoniam</span> <span class='ocrx_word' id='word_1_39' title='bbox 560 542 781 588; x_wconf 82' lang='lat' dir='ltr'>exaudivit</span> <span class='ocrx_word' id='word_1_40' title='bbox 796 559 1006 604; x_wconf 85' lang='lat' dir='ltr'>pauperes</span> <span class='ocrx_word' id='word_1_41' title='bbox 1020 544 1240 589; x_wconf 88' lang='lat' dir='ltr'>Dominus.</span> <span class='ocrx_word' id='word_1_42' title='bbox 1255 546 1426 588; x_wconf 81' lang='lat' dir='ltr'><strong>»Exau-</strong></span> 
     </span>
     <span class='ocr_line' id='line_1_6' title="bbox 43 609 1428 674; baseline 0.004 -21"><span class='ocrx_word' id='word_1_43' title='bbox 43 609 148 654; x_wconf 83' lang='lat' dir='ltr'><strong>divit</strong></span> <span class='ocrx_word' id='word_1_44' title='bbox 176 625 386 670; x_wconf 78' lang='lat' dir='ltr'><strong>pauperes</strong></span> <span class='ocrx_word' id='word_1_45' title='bbox 402 646 413 667; x_wconf 93' lang='lat'>‚</span> <span class='ocrx_word' id='word_1_46' title='bbox 444 626 524 656; x_wconf 91' lang='lat' dir='ltr'><strong>nec</strong></span> <span class='ocrx_word' id='word_1_47' title='bbox 547 611 769 658; x_wconf 82' lang='lat' dir='ltr'>exaudiret</span> <span class='ocrx_word' id='word_1_48' title='bbox 794 630 1003 674; x_wconf 84' lang='lat' dir='ltr'><strong>pauperes</strong></span> <span class='ocrx_word' id='word_1_49' title='bbox 1018 649 1029 669; x_wconf 88' lang='lat'>,</span> <span class='ocrx_word' id='word_1_50' title='bbox 1053 614 1137 658; x_wconf 85' lang='lat' dir='ltr'><strong>nisi</strong></span> <span class='ocrx_word' id='word_1_51' title='bbox 1158 623 1299 658; x_wconf 87' lang='lat' dir='ltr'><strong>essent</strong></span> <span class='ocrx_word' id='word_1_52' title='bbox 1319 630 1428 673; x_wconf 86' lang='lat' dir='ltr'><strong>pau-</strong></span> 
     </span>
     <span class='ocr_line' id='line_1_7' title="bbox 0 680 1429 743; baseline 0.003 -20"><span class='ocrx_word' id='word_1_53' title='bbox 0 717 6 743; x_wconf 35' lang='lat'>?</span> <span class='ocrx_word' id='word_1_54' title='bbox 42 695 179 740; x_wconf 88' lang='lat' dir='ltr'><strong>peres.</strong></span> <span class='ocrx_word' id='word_1_55' title='bbox 203 680 278 724; x_wconf 89' lang='lat' dir='ltr'><strong>Vis</strong></span> <span class='ocrx_word' id='word_1_56' title='bbox 305 681 522 725; x_wconf 77' lang='lat' dir='ltr'><strong>exaudiri?</strong></span> <span class='ocrx_word' id='word_1_57' title='bbox 544 686 715 742; x_wconf 86' lang='lat' dir='ltr'><strong>Pauper</strong></span> <span class='ocrx_word' id='word_1_58' title='bbox 734 683 985 729; x_wconf 78' lang='lat' dir='ltr'><strong>estozdolor</strong></span> <span class='ocrx_word' id='word_1_59' title='bbox 1001 683 1056 729; x_wconf 91' lang='lat' dir='ltr'><strong>de</strong></span> <span class='ocrx_word' id='word_1_60' title='bbox 1073 693 1116 728; x_wconf 91' lang='lat' dir='ltr'><strong>te</strong></span> <span class='ocrx_word' id='word_1_61' title='bbox 1135 683 1313 740; x_wconf 88' lang='lat' dir='ltr'><strong>clamet,</strong></span> <span class='ocrx_word' id='word_1_62' title='bbox 1339 699 1429 728; x_wconf 92' lang='lat' dir='ltr'><strong>non</strong></span> 
     </span>
     <span class='ocr_line' id='line_1_8' title="bbox 0 746 1430 814; baseline 0.001 -19"><span class='ocrx_word' id='word_1_63' title='bbox 0 746 7 809; x_wconf 55' lang='lat' dir='ltr'><strong>&#39;p</strong></span> <span class='ocrx_word' id='word_1_64' title='bbox 43 749 282 795; x_wconf 86' lang='lat' dir='ltr'><strong>fastidium.</strong></span> <span class='ocrx_word' id='word_1_65' title='bbox 294 752 540 804; x_wconf 87' lang='lat' dir='ltr'><strong>«Quoniam</strong></span> <span class='ocrx_word' id='word_1_66' title='bbox 553 767 625 796; x_wconf 83' lang='lat' dir='ltr'><strong>exa</strong></span> <span class='ocrx_word' id='word_1_67' title='bbox 632 752 772 798; x_wconf 86' lang='lat' dir='ltr'><strong>udivit</strong></span> <span class='ocrx_word' id='word_1_68' title='bbox 779 769 990 814; x_wconf 88' lang='lat' dir='ltr'><strong>pauperes</strong></span> <span class='ocrx_word' id='word_1_69' title='bbox 1005 755 1227 809; x_wconf 86' lang='lat' dir='ltr'><strong>Dominus,</strong></span> <span class='ocrx_word' id='word_1_70' title='bbox 1253 763 1296 797; x_wconf 88' lang='lat' dir='ltr'><strong>et</strong></span> <span class='ocrx_word' id='word_1_71' title='bbox 1309 769 1430 799; x_wconf 89' lang='lat' dir='ltr'><strong>com-</strong></span> 
     </span>
     <span class='ocr_line' id='line_1_9' title="bbox 0 810 1431 882; baseline 0.004 -21"><span class='ocrx_word' id='word_1_72' title='bbox 0 810 1 845; x_wconf 62' lang='grc' dir='ltr'>Ῑ</span> <span class='ocrx_word' id='word_1_73' title='bbox 47 837 69 861; x_wconf 87' lang='lat'>»</span> <span class='ocrx_word' id='word_1_74' title='bbox 104 819 274 880; x_wconf 85' lang='lat' dir='ltr'><strong>peditos</strong></span> <span class='ocrx_word' id='word_1_75' title='bbox 288 836 386 866; x_wconf 91' lang='lat' dir='ltr'><strong>suos</strong></span> <span class='ocrx_word' id='word_1_76' title='bbox 409 837 500 866; x_wconf 88' lang='lat' dir='ltr'><strong>non</strong></span> <span class='ocrx_word' id='word_1_77' title='bbox 518 823 678 882; x_wconf 89' lang='lat' dir='ltr'><strong>sprevit</strong></span> <span class='ocrx_word' id='word_1_78' title='bbox 690 827 722 866; x_wconf 73' lang='lat'><strong>2.</strong></span> <span class='ocrx_word' id='word_1_79' title='bbox 744 842 764 865; x_wconf 87' lang='lat'>»</span> <span class='ocrx_word' id='word_1_80' title='bbox 790 824 992 868; x_wconf 87' lang='lat' dir='ltr'><strong>Offensus</strong></span> <span class='ocrx_word' id='word_1_81' title='bbox 1010 840 1033 868; x_wconf 89' lang='lat' dir='ltr'><strong>a</strong></span> <span class='ocrx_word' id='word_1_82' title='bbox 1054 824 1184 868; x_wconf 88' lang='lat' dir='ltr'><strong>servis</strong></span> <span class='ocrx_word' id='word_1_83' title='bbox 1200 859 1211 879; x_wconf 85' lang='lat'>‚</span> <span class='ocrx_word' id='word_1_84' title='bbox 1235 822 1338 868; x_wconf 87' lang='lat' dir='ltr'><strong>fecit</strong></span> <span class='ocrx_word' id='word_1_85' title='bbox 1359 839 1431 868; x_wconf 92' lang='lat' dir='ltr'><strong>eos</strong></span> 
     </span>
     <span class='ocr_line' id='line_1_10' title="bbox 0 891 1426 955; baseline 0.001 -18"><span class='ocrx_word' id='word_1_86' title='bbox 0 907 4 937; x_wconf 78' lang='grc' dir='ltr'><strong>ῑ</strong></span> <span class='ocrx_word' id='word_1_87' title='bbox 44 891 315 951; x_wconf 87' lang='lat' dir='ltr'><strong>compeditos</strong></span> <span class='ocrx_word' id='word_1_88' title='bbox 332 892 428 937; x_wconf 89' lang='lat' dir='ltr'><strong>:sed</strong></span> <span class='ocrx_word' id='word_1_89' title='bbox 442 892 676 938; x_wconf 81' lang='lat' dir='ltr'><strong>clamantes</strong></span> <span class='ocrx_word' id='word_1_90' title='bbox 690 893 745 938; x_wconf 90' lang='lat' dir='ltr'><strong>de</strong></span> <span class='ocrx_word' id='word_1_91' title='bbox 759 895 1043 955; x_wconf 90' lang='lat' dir='ltr'><strong>compedibus</strong></span> <span class='ocrx_word' id='word_1_92' title='bbox 1053 910 1142 939; x_wconf 91' lang='lat' dir='ltr'><strong>non</strong></span> <span class='ocrx_word' id='word_1_93' title='bbox 1153 894 1426 954; x_wconf 86' lang='lat' dir='ltr'><strong>contempsit.</strong></span> 
     </span>
     <span class='ocr_line' id='line_1_11' title="bbox 0 961 1430 1024; baseline 0.002 -19"><span class='ocrx_word' id='word_1_94' title='bbox 0 981 2 1005; x_wconf 88' lang='grc' dir='ltr'>ι</span> <span class='ocrx_word' id='word_1_95' title='bbox 46 964 150 1014; x_wconf 85' lang='lat' dir='ltr'><strong>Quae</strong></span> <span class='ocrx_word' id='word_1_96' title='bbox 178 970 280 1006; x_wconf 85' lang='lat' dir='ltr'><strong>sunt</strong></span> <span class='ocrx_word' id='word_1_97' title='bbox 302 961 394 1006; x_wconf 85' lang='lat' dir='ltr'><strong>istae</strong></span> <span class='ocrx_word' id='word_1_98' title='bbox 416 962 644 1022; x_wconf 89' lang='lat' dir='ltr'><strong>compedes</strong></span> <span class='ocrx_word' id='word_1_99' title='bbox 658 965 677 1005; x_wconf 77' lang='lat'><strong>⁴?</strong></span> <span class='ocrx_word' id='word_1_100' title='bbox 692 964 955 1020; x_wconf 77' lang='lat' dir='ltr'><strong>Mortalitas,</strong></span> <span class='ocrx_word' id='word_1_101' title='bbox 980 964 1317 1024; x_wconf 83' lang='lat' dir='ltr'><strong>corruptibilitas</strong></span> <span class='ocrx_word' id='word_1_102' title='bbox 1337 979 1430 1008; x_wconf 87' lang='lat' dir='ltr'><strong>car—</strong></span> 
     </span>
     <span class='ocr_line' id='line_1_12' title="bbox 0 1032 1432 1094; baseline 0 -16"><span class='ocrx_word' id='word_1_103' title='bbox 0 1033 5 1078; x_wconf 76' lang='grc' dir='ltr'>ἰ</span> <span class='ocrx_word' id='word_1_104' title='bbox 43 1032 110 1077; x_wconf 91' lang='lat' dir='ltr'><strong>nis</strong></span> <span class='ocrx_word' id='word_1_105' title='bbox 128 1067 138 1087; x_wconf 88' lang='lat'>‚</span> <span class='ocrx_word' id='word_1_106' title='bbox 170 1032 400 1092; x_wconf 88' lang='lat' dir='ltr'><strong>compedes</strong></span> <span class='ocrx_word' id='word_1_107' title='bbox 437 1042 538 1078; x_wconf 92' lang='lat' dir='ltr'><strong>sunt</strong></span> <span class='ocrx_word' id='word_1_108' title='bbox 564 1035 725 1094; x_wconf 86' lang='lat' dir='ltr'><strong>quibus</strong></span> <span class='ocrx_word' id='word_1_109' title='bbox 752 1034 875 1093; x_wconf 83' lang='lat' dir='ltr'><strong>ligati</strong></span> <span class='ocrx_word' id='word_1_110' title='bbox 901 1052 1063 1080; x_wconf 89' lang='lat' dir='ltr'><strong>sumus.</strong></span> <span class='ocrx_word' id='word_1_111' title='bbox 1084 1039 1142 1080; x_wconf 88' lang='lat' dir='ltr'><strong>Et</strong></span> <span class='ocrx_word' id='word_1_112' title='bbox 1163 1035 1292 1080; x_wconf 84' lang='lat' dir='ltr'><strong>vultis</strong></span> <span class='ocrx_word' id='word_1_113' title='bbox 1309 1050 1432 1079; x_wconf 88' lang='lat' dir='ltr'><strong>nosse</strong></span> 
     </span>
     <span class='ocr_line' id='line_1_13' title="bbox 0 1102 1434 1164; baseline 0.001 -18"><span class='ocrx_word' id='word_1_114' title='bbox 0 1110 2 1146; x_wconf 93' lang='grc' dir='ltr'>Ι</span> <span class='ocrx_word' id='word_1_115' title='bbox 44 1102 223 1146; x_wconf 86' lang='lat' dir='ltr'><strong>istarum</strong></span> <span class='ocrx_word' id='word_1_116' title='bbox 256 1103 518 1162; x_wconf 88' lang='lat' dir='ltr'><strong>compedum</strong></span> <span class='ocrx_word' id='word_1_117' title='bbox 549 1105 830 1163; x_wconf 78' lang='lat' dir='ltr'><strong>gravitatem?</strong></span> <span class='ocrx_word' id='word_1_118' title='bbox 868 1105 976 1149; x_wconf 89' lang='lat' dir='ltr'><strong>Inde</strong></span> <span class='ocrx_word' id='word_1_119' title='bbox 1003 1105 1161 1150; x_wconf 89' lang='lat' dir='ltr'><strong>dicitur</strong></span> <span class='ocrx_word' id='word_1_120' title='bbox 1185 1124 1194 1149; x_wconf 90' lang='lat'>:</span> <span class='ocrx_word' id='word_1_121' title='bbox 1217 1124 1236 1146; x_wconf 92' lang='lat'>«</span> <span class='ocrx_word' id='word_1_122' title='bbox 1265 1108 1434 1164; x_wconf 86' lang='lat' dir='ltr'><strong>Corpus</strong></span> 
     </span>
    </p>

    <p class='ocr_par' dir='ltr' id='par_1_3' title="bbox 0 1172 1440 1725">
     <span class='ocr_line' id='line_1_14' title="bbox 48 1172 1436 1233; baseline 0.004 -20"><span class='ocrx_word' id='word_1_123' title='bbox 48 1189 69 1214; x_wconf 87' lang='lat'>»</span> <span class='ocrx_word' id='word_1_124' title='bbox 103 1172 225 1232; x_wconf 86' lang='lat' dir='ltr'><strong>quod</strong></span> <span class='ocrx_word' id='word_1_125' title='bbox 246 1173 564 1232; x_wconf 76' lang='lat' dir='ltr'><strong>corrumpitur,</strong></span> <span class='ocrx_word' id='word_1_126' title='bbox 591 1183 793 1233; x_wconf 82' lang='lat' dir='ltr'><strong>aggravat</strong></span> <span class='ocrx_word' id='word_1_127' title='bbox 815 1175 1005 1219; x_wconf 88' lang='lat' dir='ltr'><strong>animam</strong></span> <span class='ocrx_word' id='word_1_128' title='bbox 1022 1177 1053 1218; x_wconf 77' lang='grc'><strong>3.</strong></span> <span class='ocrx_word' id='word_1_129' title='bbox 1080 1194 1099 1216; x_wconf 85' lang='lat'>»</span> <span class='ocrx_word' id='word_1_130' title='bbox 1136 1175 1321 1228; x_wconf 87' lang='lat' dir='ltr'><strong>Quando</strong></span> <span class='ocrx_word' id='word_1_131' title='bbox 1356 1175 1436 1219; x_wconf 91' lang='lat' dir='ltr'><strong>ho-</strong></span> 
     </span>
     <span class='ocr_line' id='line_1_15' title="bbox 0 1241 1436 1304; baseline 0.001 -17"><span class='ocrx_word' id='word_1_132' title='bbox 0 1259 4 1287; x_wconf 82' lang='grc' dir='ltr'>ι</span> <span class='ocrx_word' id='word_1_133' title='bbox 45 1241 182 1286; x_wconf 90' lang='lat' dir='ltr'><strong>mines</strong></span> <span class='ocrx_word' id='word_1_134' title='bbox 200 1243 247 1286; x_wconf 89' lang='lat' dir='ltr'><strong>in</strong></span> <span class='ocrx_word' id='word_1_135' title='bbox 269 1243 427 1287; x_wconf 72' lang='lat' dir='ltr'><strong>saeculo</strong></span> <span class='ocrx_word' id='word_1_136' title='bbox 446 1243 599 1287; x_wconf 88' lang='lat' dir='ltr'><strong>divites</strong></span> <span class='ocrx_word' id='word_1_137' title='bbox 611 1259 700 1288; x_wconf 91' lang='lat' dir='ltr'><strong>esse</strong></span> <span class='ocrx_word' id='word_1_138' title='bbox 722 1244 902 1299; x_wconf 78' lang='lat' dir='ltr'><strong>volunt,</strong></span> <span class='ocrx_word' id='word_1_139' title='bbox 923 1245 1011 1289; x_wconf 83' lang='lat' dir='ltr'><strong>istis</strong></span> <span class='ocrx_word' id='word_1_140' title='bbox 1029 1244 1313 1304; x_wconf 88' lang='lat' dir='ltr'><strong>compedibus</strong></span> <span class='ocrx_word' id='word_1_141' title='bbox 1326 1261 1436 1304; x_wconf 85' lang='lat' dir='ltr'><strong>pan-</strong></span> 
     </span>
     <span class='ocr_line' id='line_1_16' title="bbox 0 1313 1435 1374; baseline 0.001 -17"><span class='ocrx_word' id='word_1_142' title='bbox 0 1330 13 1358; x_wconf 45' lang='grc' dir='ltr'><strong>ιῚ</strong></span> <span class='ocrx_word' id='word_1_143' title='bbox 46 1328 124 1357; x_wconf 93' lang='lat' dir='ltr'><strong>nos</strong></span> <span class='ocrx_word' id='word_1_144' title='bbox 145 1322 364 1373; x_wconf 83' lang='lat' dir='ltr'><strong>quaerunt.</strong></span> <span class='ocrx_word' id='word_1_145' title='bbox 406 1313 490 1358; x_wconf 89' lang='lat' dir='ltr'><strong>Sed</strong></span> <span class='ocrx_word' id='word_1_146' title='bbox 521 1314 739 1358; x_wconf 85' lang='lat' dir='ltr'><strong>sufficiant</strong></span> <span class='ocrx_word' id='word_1_147' title='bbox 774 1314 908 1374; x_wconf 85' lang='lat' dir='ltr'><strong>panni</strong></span> <span class='ocrx_word' id='word_1_148' title='bbox 939 1314 1202 1374; x_wconf 84' lang='lat' dir='ltr'><strong>compedum</strong></span> <span class='ocrx_word' id='word_1_149' title='bbox 1229 1334 1237 1359; x_wconf 74' lang='grc' dir='ltr'>ε</span> <span class='ocrx_word' id='word_1_150' title='bbox 1263 1324 1435 1359; x_wconf 83' lang='lat' dir='ltr'><strong>tantum</strong></span> 
     </span>
     <span class='ocr_line' id='line_1_17' title="bbox 0 1374 1435 1443; baseline 0.004 -20"><span class='ocrx_word' id='word_1_151' title='bbox 0 1399 1 1423; x_wconf 58' lang='grc' dir='ltr'><strong>ι</strong></span> <span class='ocrx_word' id='word_1_152' title='bbox 40 1399 215 1443; x_wconf 72' lang='lat' dir='ltr'><strong>quaere,</strong></span> <span class='ocrx_word' id='word_1_153' title='bbox 249 1392 463 1443; x_wconf 88' lang='lat' dir='ltr'><strong>quantum</strong></span> <span class='ocrx_word' id='word_1_154' title='bbox 492 1383 762 1443; x_wconf 84' lang='lat' dir='ltr'><strong>depellendae</strong></span> <span class='ocrx_word' id='word_1_155' title='bbox 790 1386 1033 1429; x_wconf 84' lang='lat' dir='ltr'><strong>necessitati</strong></span> <span class='ocrx_word' id='word_1_156' title='bbox 1070 1386 1168 1429; x_wconf 85' lang='lat' dir='ltr'><strong>satis</strong></span> <span class='ocrx_word' id='word_1_157' title='bbox 1205 1395 1282 1429; x_wconf 91' lang='lat' dir='ltr'><strong>est.</strong></span> <span class='ocrx_word' id='word_1_158' title='bbox 1323 1374 1435 1430; x_wconf 75' lang='lat' dir='ltr'><strong>Cuf&#39;n</strong></span> 
     </span>
     <span class='ocr_line' id='line_1_18' title="bbox 0 1447 1432 1514; baseline 0.003 -18"><span class='ocrx_word' id='word_1_159' title='bbox 0 1447 18 1496; x_wconf 51' lang='grc' dir='ltr'>Γ</span> <span class='ocrx_word' id='word_1_160' title='bbox 49 1463 194 1498; x_wconf 85' lang='lat' dir='ltr'><strong>autem</strong></span> <span class='ocrx_word' id='word_1_161' title='bbox 218 1454 437 1513; x_wconf 86' lang='lat' dir='ltr'><strong>superflua</strong></span> <span class='ocrx_word' id='word_1_162' title='bbox 455 1454 612 1513; x_wconf 81' lang='lat' dir='ltr'><strong>quaeris</strong></span> <span class='ocrx_word' id='word_1_163' title='bbox 627 1489 638 1509; x_wconf 83' lang='grc'>,</span> <span class='ocrx_word' id='word_1_164' title='bbox 659 1454 888 1514; x_wconf 88' lang='lat' dir='ltr'><strong>compedes</strong></span> <span class='ocrx_word' id='word_1_165' title='bbox 905 1465 999 1500; x_wconf 89' lang='lat' dir='ltr'><strong>tuas</strong></span> <span class='ocrx_word' id='word_1_166' title='bbox 1013 1472 1190 1500; x_wconf 85' lang='lat' dir='ltr'><strong>onerare</strong></span> <span class='ocrx_word' id='word_1_167' title='bbox 1203 1456 1432 1500; x_wconf 85' lang='lat' dir='ltr'><strong>desideras.</strong></span> 
     </span>
     <span class='ocr_line' id='line_1_19' title="bbox 0 1523 1440 1584; baseline 0.001 -16"><span class='ocrx_word' id='word_1_168' title='bbox 0 1542 2 1550; x_wconf 66' lang='grc'>’</span> <span class='ocrx_word' id='word_1_169' title='bbox 49 1527 103 1568; x_wconf 91' lang='lat' dir='ltr'><strong>In</strong></span> <span class='ocrx_word' id='word_1_170' title='bbox 123 1523 199 1568; x_wconf 85' lang='lat' dir='ltr'><strong>tali</strong></span> <span class='ocrx_word' id='word_1_171' title='bbox 216 1539 318 1582; x_wconf 82' lang='lat' dir='ltr'><strong>ergo</strong></span> <span class='ocrx_word' id='word_1_172' title='bbox 341 1523 537 1568; x_wconf 87' lang='lat' dir='ltr'><strong>custodia</strong></span> <span class='ocrx_word' id='word_1_173' title='bbox 557 1523 626 1568; x_wconf 94' lang='lat' dir='ltr'><strong>vel</strong></span> <span class='ocrx_word' id='word_1_174' title='bbox 646 1523 748 1568; x_wconf 84' lang='lat' dir='ltr'><strong>solae</strong></span> <span class='ocrx_word' id='word_1_175' title='bbox 770 1525 1000 1584; x_wconf 86' lang='lat' dir='ltr'><strong>compedes</strong></span> <span class='ocrx_word' id='word_1_176' title='bbox 1018 1536 1282 1570; x_wconf 87' lang='lat' dir='ltr'><strong>remaneant.</strong></span> <span class='ocrx_word' id='word_1_177' title='bbox 1311 1527 1440 1570; x_wconf 84' lang='lat' dir='ltr'><strong>Suffi-</strong></span> 
     </span>
     <span class='ocr_line' id='line_1_20' title="bbox 0 1579 1432 1651; baseline 0.004 -18"><span class='ocrx_word' id='word_1_178' title='bbox 0 1579 18 1638; x_wconf 79' lang='grc' dir='ltr'>Ι</span> <span class='ocrx_word' id='word_1_179' title='bbox 49 1593 135 1638; x_wconf 89' lang='lat' dir='ltr'><strong>ciat</strong></span> <span class='ocrx_word' id='word_1_180' title='bbox 146 1592 231 1638; x_wconf 80' lang='lat' dir='ltr'><strong>djei</strong></span> <span class='ocrx_word' id='word_1_181' title='bbox 251 1593 413 1638; x_wconf 87' lang='lat' dir='ltr'><strong>malitia</strong></span> <span class='ocrx_word' id='word_1_182' title='bbox 435 1609 511 1637; x_wconf 89' lang='lat' dir='ltr'><strong>sua</strong></span> <span class='ocrx_word' id='word_1_183' title='bbox 526 1595 557 1636; x_wconf 68' lang='lat'><strong>4.</strong></span> <span class='ocrx_word' id='word_1_184' title='bbox 584 1599 641 1637; x_wconf 90' lang='lat' dir='ltr'><strong>De</strong></span> <span class='ocrx_word' id='word_1_185' title='bbox 663 1594 742 1637; x_wconf 88' lang='lat' dir='ltr'><strong>ista</strong></span> <span class='ocrx_word' id='word_1_186' title='bbox 763 1594 928 1639; x_wconf 89' lang='lat' dir='ltr'><strong>malitia</strong></span> <span class='ocrx_word' id='word_1_187' title='bbox 951 1595 1188 1640; x_wconf 87' lang='lat' dir='ltr'><strong>clamamus</strong></span> <span class='ocrx_word' id='word_1_188' title='bbox 1210 1595 1265 1640; x_wconf 90' lang='lat' dir='ltr'><strong>ad</strong></span> <span class='ocrx_word' id='word_1_189' title='bbox 1278 1599 1432 1651; x_wconf 86' lang='lat' dir='ltr'><strong>Deum,</strong></span> 
     </span>
     <span class='ocr_line' id='line_1_21' title="bbox 14 1654 1437 1725; baseline 0.004 -20"><span class='ocrx_word' id='word_1_190' title='bbox 14 1654 18 1720; x_wconf 75' lang='grc' dir='ltr'><strong>Ῑ</strong></span> <span class='ocrx_word' id='word_1_191' title='bbox 55 1682 76 1706; x_wconf 91' lang='lat'>«</span> <span class='ocrx_word' id='word_1_192' title='bbox 109 1664 325 1716; x_wconf 87' lang='lat' dir='ltr'><strong>Quoniam</strong></span> <span class='ocrx_word' id='word_1_193' title='bbox 356 1662 576 1707; x_wconf 79' lang='lat' dir='ltr'><strong>exaudivit</strong></span> <span class='ocrx_word' id='word_1_194' title='bbox 593 1679 802 1723; x_wconf 86' lang='lat' dir='ltr'><strong>pauperes</strong></span> <span class='ocrx_word' id='word_1_195' title='bbox 835 1665 1079 1723; x_wconf 77' lang='lat' dir='ltr'><strong>Dominus3</strong></span> <span class='ocrx_word' id='word_1_196' title='bbox 1111 1675 1154 1710; x_wconf 90' lang='lat' dir='ltr'><strong>et</strong></span> <span class='ocrx_word' id='word_1_197' title='bbox 1171 1665 1437 1725; x_wconf 87' lang='lat' dir='ltr'><strong>compeditos</strong></span> 
     </span>
    </p>

    <p class='ocr_par' dir='ltr' id='par_1_4' title="bbox 54 1733 1136 1792">
     <span class='ocr_line' id='line_1_22' title="bbox 54 1733 1136 1792; baseline 0 -17"><span class='ocrx_word' id='word_1_198' title='bbox 54 1752 76 1775; x_wconf 89' lang='lat'>»</span> <span class='ocrx_word' id='word_1_199' title='bbox 110 1749 208 1778; x_wconf 91' lang='lat' dir='ltr'><strong>suos</strong></span> <span class='ocrx_word' id='word_1_200' title='bbox 225 1749 312 1777; x_wconf 92' lang='lat' dir='ltr'><strong>non</strong></span> <span class='ocrx_word' id='word_1_201' title='bbox 337 1733 511 1792; x_wconf 88' lang='lat' dir='ltr'><strong>sprevit.</strong></span> <span class='ocrx_word' id='word_1_202' title='bbox 540 1751 560 1773; x_wconf 83' lang='lat'>»</span> <span class='ocrx_word' id='word_1_203' title='bbox 1129 1746 1136 1753; x_wconf 61' lang='lat'><strong>⁴</strong></span> 
     </span>
    </p>

    <p class='ocr_par' dir='ltr' id='par_1_5' title="bbox 13 1802 1440 2199">
     <span class='ocr_line' id='line_1_23' title="bbox 110 1802 1439 1859; baseline 0.002 -12"><span class='ocrx_word' id='word_1_204' title='bbox 110 1806 232 1847; x_wconf 85' lang='lat' dir='ltr'>XIX.</span> <span class='ocrx_word' id='word_1_205' title='bbox 263 1823 282 1845; x_wconf 91' lang='lat'>«</span> <span class='ocrx_word' id='word_1_206' title='bbox 307 1803 509 1847; x_wconf 89' lang='lat' dir='ltr'><strong>Laudent</strong></span> <span class='ocrx_word' id='word_1_207' title='bbox 522 1802 647 1847; x_wconf 81' lang='lat' dir='ltr'><strong>illum</strong></span> <span class='ocrx_word' id='word_1_208' title='bbox 670 1803 770 1847; x_wconf 86' lang='lat' dir='ltr'><strong>coeli</strong></span> <span class='ocrx_word' id='word_1_209' title='bbox 792 1812 835 1847; x_wconf 86' lang='lat' dir='ltr'><strong>et</strong></span> <span class='ocrx_word' id='word_1_210' title='bbox 857 1813 969 1848; x_wconf 89' lang='lat' dir='ltr'><strong>terra</strong></span> <span class='ocrx_word' id='word_1_211' title='bbox 985 1840 995 1859; x_wconf 75' lang='grc'>,</span> <span class='ocrx_word' id='word_1_212' title='bbox 1017 1820 1135 1849; x_wconf 85' lang='lat' dir='ltr'><strong>mare</strong></span> <span class='ocrx_word' id='word_1_213' title='bbox 1153 1815 1196 1850; x_wconf 93' lang='lat' dir='ltr'><strong>et</strong></span> <span class='ocrx_word' id='word_1_214' title='bbox 1213 1806 1355 1850; x_wconf 87' lang='lat' dir='ltr'><strong>omnia</strong></span> <span class='ocrx_word' id='word_1_215' title='bbox 1371 1822 1439 1851; x_wconf 89' lang='lat' dir='ltr'><strong>re-</strong></span> 
     </span>
     <span class='ocr_line' id='line_1_24' title="bbox 55 1873 1435 1934; baseline 0.003 -18"><span class='ocrx_word' id='word_1_216' title='bbox 55 1893 77 1916; x_wconf 86' lang='lat'>»</span> <span class='ocrx_word' id='word_1_217' title='bbox 112 1874 258 1934; x_wconf 78' lang='lat' dir='ltr'><strong>pentia</strong></span> <span class='ocrx_word' id='word_1_218' title='bbox 282 1875 327 1917; x_wconf 92' lang='lat' dir='ltr'><strong>in</strong></span> <span class='ocrx_word' id='word_1_219' title='bbox 349 1874 407 1918; x_wconf 88' lang='lat' dir='ltr'><strong>eis</strong></span> <span class='ocrx_word' id='word_1_220' title='bbox 423 1876 455 1916; x_wconf 85' lang='lat'><strong>⁵.</strong></span> <span class='ocrx_word' id='word_1_221' title='bbox 481 1875 606 1916; x_wconf 82' lang='lat' dir='ltr'><strong>Verae</strong></span> <span class='ocrx_word' id='word_1_222' title='bbox 633 1873 795 1917; x_wconf 83' lang='lat' dir='ltr'><strong>divitiae</strong></span> <span class='ocrx_word' id='word_1_223' title='bbox 815 1874 943 1934; x_wconf 84' lang='lat' dir='ltr'><strong>hujus</strong></span> <span class='ocrx_word' id='word_1_224' title='bbox 971 1876 1171 1934; x_wconf 86' lang='lat' dir='ltr'><strong>pauperis</strong></span> <span class='ocrx_word' id='word_1_225' title='bbox 1193 1875 1284 1920; x_wconf 81' lang='lat' dir='ltr'><strong>istae</strong></span> <span class='ocrx_word' id='word_1_226' title='bbox 1307 1885 1435 1932; x_wconf 87' lang='lat' dir='ltr'><strong>sunt,</strong></span> 
     </span>
     <span class='ocr_line' id='line_1_25' title="bbox 55 1942 1440 1998; baseline 0.001 -10"><span class='ocrx_word' id='word_1_227' title='bbox 55 1943 326 1989; x_wconf 89' lang='lat' dir='ltr'><strong>considerare</strong></span> <span class='ocrx_word' id='word_1_228' title='bbox 348 1952 590 1988; x_wconf 86' lang='lat' dir='ltr'><strong>creaturam</strong></span> <span class='ocrx_word' id='word_1_229' title='bbox 605 1977 616 1998; x_wconf 84' lang='lat'>‚</span> <span class='ocrx_word' id='word_1_230' title='bbox 650 1952 694 1987; x_wconf 90' lang='lat' dir='ltr'><strong>et</strong></span> <span class='ocrx_word' id='word_1_231' title='bbox 715 1942 894 1987; x_wconf 89' lang='lat' dir='ltr'><strong>laudare</strong></span> <span class='ocrx_word' id='word_1_232' title='bbox 911 1947 1174 1989; x_wconf 85' lang='lat' dir='ltr'><strong>Creatorem.</strong></span> <span class='ocrx_word' id='word_1_233' title='bbox 1204 1965 1223 1986; x_wconf 90' lang='lat'>«</span> <span class='ocrx_word' id='word_1_234' title='bbox 1240 1946 1440 1990; x_wconf 87' lang='lat' dir='ltr'><strong>Laudent</strong></span> 
     </span>
     <span class='ocr_line' id='line_1_26' title="bbox 13 2004 1439 2084; baseline 0.004 -29"><span class='ocrx_word' id='word_1_235' title='bbox 13 2004 17 2084; x_wconf 75' lang='grc' dir='ltr'>Ι</span> <span class='ocrx_word' id='word_1_236' title='bbox 58 2031 79 2055; x_wconf 87' lang='lat'>»</span> <span class='ocrx_word' id='word_1_237' title='bbox 113 2012 239 2057; x_wconf 91' lang='lat' dir='ltr'><strong>illum</strong></span> <span class='ocrx_word' id='word_1_238' title='bbox 260 2012 360 2057; x_wconf 87' lang='lat' dir='ltr'><strong>coeli</strong></span> <span class='ocrx_word' id='word_1_239' title='bbox 382 2022 425 2057; x_wconf 92' lang='lat' dir='ltr'><strong>et</strong></span> <span class='ocrx_word' id='word_1_240' title='bbox 447 2021 559 2056; x_wconf 87' lang='lat' dir='ltr'><strong>terra</strong></span> <span class='ocrx_word' id='word_1_241' title='bbox 575 2048 586 2068; x_wconf 73' lang='grc'><em>,</em></span> <span class='ocrx_word' id='word_1_242' title='bbox 619 2028 737 2057; x_wconf 90' lang='lat' dir='ltr'><strong>mare</strong></span> <span class='ocrx_word' id='word_1_243' title='bbox 754 2022 798 2057; x_wconf 90' lang='lat' dir='ltr'><strong>et</strong></span> <span class='ocrx_word' id='word_1_244' title='bbox 821 2014 965 2058; x_wconf 90' lang='lat' dir='ltr'><strong>omnia</strong></span> <span class='ocrx_word' id='word_1_245' title='bbox 986 2015 1179 2074; x_wconf 86' lang='lat' dir='ltr'><strong>repentia</strong></span> <span class='ocrx_word' id='word_1_246' title='bbox 1194 2014 1326 2059; x_wconf 88' lang='lat' dir='ltr'><strong>ineis.</strong></span> <span class='ocrx_word' id='word_1_247' title='bbox 1346 2019 1439 2060; x_wconf 88' lang='lat' dir='ltr'><strong>»Et</strong></span> 
     </span>
     <span class='ocr_line' id='line_1_27' title="bbox 13 2082 1437 2140; baseline 0.003 -12"><span class='ocrx_word' id='word_1_248' title='bbox 13 2085 17 2136; x_wconf 74' lang='grc' dir='ltr'>Ι</span> <span class='ocrx_word' id='word_1_249' title='bbox 56 2093 251 2129; x_wconf 84' lang='lat' dir='ltr'><strong>creatura</strong></span> <span class='ocrx_word' id='word_1_250' title='bbox 271 2083 359 2129; x_wconf 85' lang='lat' dir='ltr'><strong>sola</strong></span> <span class='ocrx_word' id='word_1_251' title='bbox 374 2084 454 2128; x_wconf 90' lang='lat' dir='ltr'><strong>ista</strong></span> <span class='ocrx_word' id='word_1_252' title='bbox 475 2082 628 2128; x_wconf 88' lang='lat' dir='ltr'><strong>laudat</strong></span> <span class='ocrx_word' id='word_1_253' title='bbox 641 2086 779 2128; x_wconf 91' lang='lat' dir='ltr'><strong>Deum</strong></span> <span class='ocrx_word' id='word_1_254' title='bbox 794 2119 805 2140; x_wconf 83' lang='lat'>‚</span> <span class='ocrx_word' id='word_1_255' title='bbox 830 2100 930 2129; x_wconf 92' lang='lat' dir='ltr'><strong>cum</strong></span> <span class='ocrx_word' id='word_1_256' title='bbox 941 2084 1206 2130; x_wconf 89' lang='lat' dir='ltr'><strong>considerata</strong></span> <span class='ocrx_word' id='word_1_257' title='bbox 1224 2101 1272 2130; x_wconf 88' lang='lat' dir='ltr'><strong>ea</strong></span> <span class='ocrx_word' id='word_1_258' title='bbox 1285 2085 1437 2132; x_wconf 88' lang='lat' dir='ltr'><strong>lauda-</strong></span> 
     </span>
     <span class='ocr_line' id='line_1_28' title="bbox 56 2155 290 2199; baseline -0.013 -1"><span class='ocrx_word' id='word_1_259' title='bbox 56 2163 129 2199; x_wconf 89' lang='lat' dir='ltr'><strong>tur</strong></span> <span class='ocrx_word' id='word_1_260' title='bbox 148 2155 290 2198; x_wconf 80' lang='lat' dir='ltr'><strong>Deus?</strong></span> 
     </span>
    </p>

    <p class='ocr_par' dir='ltr' id='par_1_6' title="bbox 57 2222 1443 2491">
     <span class='ocr_line' id='line_1_29' title="bbox 114 2222 1435 2277; baseline -0.001 -9"><span class='ocrx_word' id='word_1_261' title='bbox 114 2227 214 2269; x_wconf 89' lang='lat' dir='ltr'><strong>XX.</strong></span> <span class='ocrx_word' id='word_1_262' title='bbox 248 2223 363 2268; x_wconf 88' lang='lat' dir='ltr'><strong>Audi</strong></span> <span class='ocrx_word' id='word_1_263' title='bbox 385 2233 428 2269; x_wconf 90' lang='lat' dir='ltr'><strong>et</strong></span> <span class='ocrx_word' id='word_1_264' title='bbox 440 2222 581 2269; x_wconf 82' lang='lat' dir='ltr'><strong>aliud:</strong></span> <span class='ocrx_word' id='word_1_265' title='bbox 598 2225 957 2277; x_wconf 84' lang='lat' dir='ltr'><strong>«QuoniamDeus</strong></span> <span class='ocrx_word' id='word_1_266' title='bbox 971 2224 1130 2269; x_wconf 85' lang='lat' dir='ltr'><strong>salvam</strong></span> <span class='ocrx_word' id='word_1_267' title='bbox 1139 2225 1269 2270; x_wconf 89' lang='lat' dir='ltr'><strong>faciet</strong></span> <span class='ocrx_word' id='word_1_268' title='bbox 1289 2226 1435 2271; x_wconf 81' lang='lat' dir='ltr'><strong>Sion.»</strong></span> 
     </span>
     <span class='ocr_line' id='line_1_30' title="bbox 57 2293 1441 2358; baseline 0.001 -19"><span class='ocrx_word' id='word_1_269' title='bbox 57 2297 248 2355; x_wconf 86' lang='lat' dir='ltr'><strong>Reparat</strong></span> <span class='ocrx_word' id='word_1_270' title='bbox 268 2294 506 2339; x_wconf 88' lang='lat' dir='ltr'><strong>Ecclesiam</strong></span> <span class='ocrx_word' id='word_1_271' title='bbox 521 2309 644 2338; x_wconf 90' lang='lat' dir='ltr'><strong>suam</strong></span> <span class='ocrx_word' id='word_1_272' title='bbox 657 2329 668 2348; x_wconf 89' lang='lat'>,</span> <span class='ocrx_word' id='word_1_273' title='bbox 695 2304 842 2354; x_wconf 86' lang='lat' dir='ltr'><strong>gentes</strong></span> <span class='ocrx_word' id='word_1_274' title='bbox 856 2293 1003 2339; x_wconf 91' lang='lat' dir='ltr'><strong>fideles</strong></span> <span class='ocrx_word' id='word_1_275' title='bbox 1020 2295 1269 2358; x_wconf 67' lang='lat' dir='ltr'><strong>incorporat</strong></span> <span class='ocrx_word' id='word_1_276' title='bbox 1286 2297 1441 2354; x_wconf 80' lang='lat' dir='ltr'><strong>Unige-</strong></span> 
     </span>
     <span class='ocr_line' id='line_1_31' title="bbox 59 2364 1441 2427; baseline 0.001 -18"><span class='ocrx_word' id='word_1_277' title='bbox 59 2367 151 2411; x_wconf 88' lang='lat' dir='ltr'><strong>nito</strong></span> <span class='ocrx_word' id='word_1_278' title='bbox 172 2382 250 2411; x_wconf 92' lang='lat' dir='ltr'><strong>suo</strong></span> <span class='ocrx_word' id='word_1_279' title='bbox 266 2387 277 2423; x_wconf 81' lang='lat'>3</span> <span class='ocrx_word' id='word_1_280' title='bbox 296 2381 386 2410; x_wconf 91' lang='lat' dir='ltr'><strong>non</strong></span> <span class='ocrx_word' id='word_1_281' title='bbox 404 2364 578 2410; x_wconf 87' lang='lat' dir='ltr'><strong>fraudat</strong></span> <span class='ocrx_word' id='word_1_282' title='bbox 594 2365 819 2410; x_wconf 89' lang='lat' dir='ltr'><strong>credentes</strong></span> <span class='ocrx_word' id='word_1_283' title='bbox 832 2366 876 2409; x_wconf 91' lang='lat' dir='ltr'><strong>in</strong></span> <span class='ocrx_word' id='word_1_284' title='bbox 894 2382 937 2410; x_wconf 91' lang='lat' dir='ltr'><strong>se</strong></span> <span class='ocrx_word' id='word_1_285' title='bbox 954 2367 1133 2426; x_wconf 76' lang='lat' dir='ltr'><strong>praemio</strong></span> <span class='ocrx_word' id='word_1_286' title='bbox 1150 2367 1441 2427; x_wconf 88' lang='lat' dir='ltr'><strong>promissionis</strong></span> 
     </span>
     <span class='ocr_line' id='line_1_32' title="bbox 60 2435 1443 2491; baseline 0.001 -11"><span class='ocrx_word' id='word_1_287' title='bbox 60 2451 164 2481; x_wconf 84' lang='lat' dir='ltr'><strong>suae.</strong></span> <span class='ocrx_word' id='word_1_288' title='bbox 195 2456 214 2479; x_wconf 93' lang='lat'>«</span> <span class='ocrx_word' id='word_1_289' title='bbox 237 2436 448 2491; x_wconf 82' lang='lat' dir='ltr'><strong>Quoniam</strong></span> <span class='ocrx_word' id='word_1_290' title='bbox 461 2442 570 2481; x_wconf 89' lang='lat' dir='ltr'><strong>Deus</strong></span> <span class='ocrx_word' id='word_1_291' title='bbox 584 2436 746 2481; x_wconf 87' lang='lat' dir='ltr'><strong>salvam</strong></span> <span class='ocrx_word' id='word_1_292' title='bbox 763 2435 892 2480; x_wconf 88' lang='lat' dir='ltr'><strong>faciet</strong></span> <span class='ocrx_word' id='word_1_293' title='bbox 915 2436 1016 2481; x_wconf 90' lang='lat' dir='ltr'><strong>Sion</strong></span> <span class='ocrx_word' id='word_1_294' title='bbox 1029 2456 1038 2481; x_wconf 76' lang='grc' dir='ltr'>ι</span> <span class='ocrx_word' id='word_1_295' title='bbox 1050 2447 1092 2481; x_wconf 91' lang='lat' dir='ltr'><strong>et</strong></span> <span class='ocrx_word' id='word_1_296' title='bbox 1108 2438 1443 2483; x_wconf 85' lang='lat' dir='ltr'><strong>aedificabuntur</strong></span> 
     </span>
    </p>
   </div>
   <div class='ocr_carea' id='block_1_3' title="bbox 0 262 11 467">
    <p class='ocr_par' dir='ltr' id='par_1_7' title="bbox 0 262 11 467">
     <span class='ocr_line' id='line_1_33' title="bbox 0 262 11 467; baseline 0 2818"><span class='ocrx_word' id='word_1_297' title='bbox 0 262 11 467; x_wconf 95' lang='lat' dir='ltr'><strong> </strong></span> 
     </span>
    </p>
   </div>
   <div class='ocr_carea' id='block_1_4' title="bbox 0 581 9 714">
    <p class='ocr_par' dir='ltr' id='par_1_8' title="bbox 0 581 9 714">
     <span class='ocr_line' id='line_1_34' title="bbox 0 581 9 714; baseline 0 2571"><span class='ocrx_word' id='word_1_298' title='bbox 0 581 9 714; x_wconf 95' lang='lat' dir='ltr'><strong> </strong></span> 
     </span>
    </p>
   </div>
   <div class='ocr_carea' id='block_1_5' title="bbox 13 1726 18 1831">
    <p class='ocr_par' dir='ltr' id='par_1_9' title="bbox 13 1726 18 1831">
     <span class='ocr_line' id='line_1_35' title="bbox 13 1726 18 1831; baseline 0 1454"><span class='ocrx_word' id='word_1_299' title='bbox 13 1726 18 1831; x_wconf 95' lang='lat' dir='ltr'><strong> </strong></span> 
     </span>
    </p>
   </div>
   <div class='ocr_carea' id='block_1_6' title="bbox 12 1874 18 2000">
    <p class='ocr_par' dir='ltr' id='par_1_10' title="bbox 12 1874 18 2000">
     <span class='ocr_line' id='line_1_36' title="bbox 12 1874 18 2000; baseline 0 0"><span class='ocrx_word' id='word_1_300' title='bbox 12 1874 18 2000; x_wconf 95' lang='lat' dir='ltr'><strong> </strong></span> 
     </span>
    </p>
   </div>
   <div class='ocr_carea' id='block_1_7' title="bbox 64 2530 1438 2628">
    <p class='ocr_par' dir='ltr' id='par_1_11' title="bbox 64 2530 1438 2628">
     <span class='ocr_line' id='line_1_37' title="bbox 110 2530 1438 2575; baseline 0 -11"><span class='ocrx_word' id='word_1_301' title='bbox 110 2539 119 2555; x_wconf 91' lang='lat'>¹</span> <span class='ocrx_word' id='word_1_302' title='bbox 140 2534 230 2564; x_wconf 86' lang='lat' dir='ltr'><strong>Joan.</strong></span> <span class='ocrx_word' id='word_1_303' title='bbox 257 2544 306 2572; x_wconf 72' lang='lat' dir='ltr'><strong>vr,</strong></span> <span class='ocrx_word' id='word_1_304' title='bbox 327 2532 380 2564; x_wconf 85' lang='lat'><strong>51.</strong></span> <span class='ocrx_word' id='word_1_305' title='bbox 396 2549 438 2554; x_wconf 90' lang='lat'><strong>—-</strong></span> <span class='ocrx_word' id='word_1_306' title='bbox 458 2539 470 2555; x_wconf 84' lang='lat'>²</span> <span class='ocrx_word' id='word_1_307' title='bbox 489 2531 569 2564; x_wconf 84' lang='lat' dir='ltr'><strong>Psal.</strong></span> <span class='ocrx_word' id='word_1_308' title='bbox 585 2543 695 2573; x_wconf 69' lang='lat' dir='ltr'><strong>Luni,</strong></span> <span class='ocrx_word' id='word_1_309' title='bbox 715 2531 769 2574; x_wconf 73' lang='grc'><strong>34.</strong></span> <span class='ocrx_word' id='word_1_310' title='bbox 785 2549 828 2555; x_wconf 94' lang='grc'><strong>--</strong></span> <span class='ocrx_word' id='word_1_311' title='bbox 844 2530 856 2555; x_wconf 83' lang='lat'>3</span> <span class='ocrx_word' id='word_1_312' title='bbox 875 2534 949 2575; x_wconf 87' lang='lat' dir='ltr'><strong>Sap.</strong></span> <span class='ocrx_word' id='word_1_313' title='bbox 965 2544 1011 2575; x_wconf 81' lang='lat' dir='ltr'><strong>1x,</strong></span> <span class='ocrx_word' id='word_1_314' title='bbox 1034 2533 1085 2566; x_wconf 86' lang='lat'><strong>15.</strong></span> <span class='ocrx_word' id='word_1_315' title='bbox 1102 2532 1168 2563; x_wconf 74' lang='lat'><strong>-4</strong></span> <span class='ocrx_word' id='word_1_316' title='bbox 1187 2534 1301 2566; x_wconf 74' lang='lat' dir='ltr'><strong>matth.</strong></span> <span class='ocrx_word' id='word_1_317' title='bbox 1324 2544 1368 2575; x_wconf 78' lang='lat' dir='ltr'><strong>vi,</strong></span> <span class='ocrx_word' id='word_1_318' title='bbox 1385 2531 1438 2575; x_wconf 72' lang='grc'><strong>34.</strong></span> 
     </span>
     <span class='ocr_line' id='line_1_38' title="bbox 64 2586 441 2628; baseline 0 -9"><span class='ocrx_word' id='word_1_319' title='bbox 64 2604 105 2610; x_wconf 97' lang='grc'>-</span> <span class='ocrx_word' id='word_1_320' title='bbox 126 2586 140 2611; x_wconf 86' lang='grc'><strong><em>5</em></strong></span> <span class='ocrx_word' id='word_1_321' title='bbox 164 2587 243 2620; x_wconf 73' lang='lat' dir='ltr'><strong>Psal.</strong></span> <span class='ocrx_word' id='word_1_322' title='bbox 260 2598 368 2628; x_wconf 75' lang='lat' dir='ltr'><strong>vani,</strong></span> <span class='ocrx_word' id='word_1_323' title='bbox 388 2587 441 2619; x_wconf 83' lang='lat'><strong>35.</strong></span> 
     </span>
    </p>
   </div>
   <div class='ocr_carea' id='block_1_8' title="bbox 12 2551 17 3062">
    <p class='ocr_par' dir='ltr' id='par_1_12' title="bbox 12 2551 17 3062">
     <span class='ocr_line' id='line_1_39' title="bbox 12 2551 17 3062; baseline 0 0"><span class='ocrx_word' id='word_1_324' title='bbox 12 2551 17 3062; x_wconf 95' lang='lat' dir='ltr'><strong> </strong></span> 
     </span>
    </p>
   </div>
  </div>
 </body>
</html>
