1889 3285
402 286 486 326 246
831 295 865 324 S.
902 295 1132 324 Avotxs'rlm
1166 297 1346 323 EPISCOPI

399 363 482 408 {ert
504 378 553 407 ea
575 363 752 423 quando
771 361 892 416 vult,
917 370 967 405 ut
990 361 1258 420 interrogent
1274 377 1318 405 se
1349 361 1403 405 de
1423 360 1507 404 suis
1523 359 1684 404 viribus
1705 380 1716 417 3
1738 368 1782 414 et

397 435 620 479 inveniant
651 449 694 476 se
711 469 722 488 ,
765 432 841 493 qui
869 432 983 477 forte
1017 433 1211 481 latebant
1243 448 1286 477 se
1299 468 1314 488 ,
1338 441 1484 476 utrum
1503 432 1593 491 jam
1613 431 1780 490 possint

398 506 541 552 dieere
563 526 572 551 ε
597 505 838 551 «Dominus
861 504 1009 559 dedit,
1030 505 1239 549 Dominus
1252 503 1429 548 abstulit
1444 524 1455 560 3
1470 501 1776 555 sicutDomino

402 595 424 620 »
458 577 643 638 placuit,
685 577 743 620 ita
775 574 938 619 sactum
976 584 1072 619 est:
1097 575 1151 619 sit
1180 589 1340 619 nomen
1363 572 1536 617 Domini
1570 570 1777 616 benedic-

397 665 420 690 »
455 650 595 692 tum1.
624 665 645 688 »
682 645 908 690 Benedixit
936 645 1051 689 enim
1084 654 1127 689 et
1162 644 1234 690 illa
1269 644 1411 688 anima
1441 642 1701 697 Dominum,
1731 651 1776 687 et

397 717 588 762 reddidit
619 716 786 761 fructus
809 715 1030 775 compluta
1052 716 1196 774 sagina
1218 713 1532 758 benedictionis
1561 731 1571 757 t
1590 730 1610 754 «
1625 712 1776 757 Domi-

397 805 420 830 ))
454 803 536 832 nus
551 786 672 831 dedit
687 823 698 842 ,
723 786 931 831 Dominus
955 784 1144 829 abstulit.
1168 803 1188 826 »
1207 782 1539 830 Subtraxitdata
1557 818 1568 837 ,
1593 781 1669 827 sed
1686 798 1776 827 non

395 859 606 904 subtraxit
627 858 837 902 datorem.
863 857 1018 902 Anima
1041 856 1268 901 benedicta
1295 855 1434 900 omnis
1458 853 1662 914 simplex,
1686 869 1777 899 non

393 930 562 974 haerens
585 929 713 973 rebus
728 928 906 973 terrenis
922 964 933 983 ,
958 943 1038 972 nec
1059 927 1176 972 visco
1198 926 1424 986 implicatis
1441 925 1593 985 pennis
1603 926 1773 985 jacens,

395 999 470 1044 sed
502 1009 646 1044 exerto
670 1000 810 1044 nitore
825 998 1039 1042 virtutum
1060 998 1106 1042 in
1136 998 1314 1057 geminis
1336 996 1412 1041 alis
1433 996 1616 1055 geminae
1638 994 1776 1040 dilec-

398 1069 527 1115 tionis
560 1069 722 1114 exultat
754 1069 799 1113 in
825 1085 949 1113 auras
981 1068 1170 1125 liberas,
1209 1077 1252 1112 et
1278 1067 1396 1111 videt
1411 1067 1493 1111 sibi
1507 1066 1778 1110 subtractum

395 1156 485 1186 esse
503 1140 623 1201 quod
641 1140 857 1195 calcabat,
884 1156 974 1185 non
996 1139 1072 1183 ubi
1094 1138 1399 1193 incumbebat,
1419 1146 1462 1181 et
1474 1137 1579 1181 dicit
1600 1151 1773 1180 secura:

400 1230 421 1254 (c
453 1211 664 1256 Dominus
696 1210 843 1265 dedit,
875 1211 1086 1255 Dominus
1109 1209 1315 1266 abstulit3
1344 1209 1455 1253 sicut
1474 1208 1659 1252 Domino
1682 1206 1777 1266 pla-

398 1299 420 1323 »
455 1281 547 1326 cuit
580 1281 639 1325 ita
669 1280 836 1326 factum
870 1290 963 1325 est:
994 1281 1047 1324 sit
1063 1295 1225 1324 nomen
1243 1279 1414 1323 Domini
1436 1277 1774 1321 benedictum.»

393 1352 523 1397 Dedit
536 1387 546 1407 ,
568 1361 611 1396 et
628 1351 807 1395 abstulit
824 1370 832 1395 z
847 1359 995 1394 manet
1006 1350 1082 1410 qui
1099 1349 1235 1404 dedit,
1252 1357 1295 1392 et
1310 1348 1485 1392 abstulit
1501 1346 1621 1408 quod
1634 1346 1775 1392 dedit:

394 1423 448 1468 sit
471 1423 562 1483 ejus
585 1437 746 1466 nomen
771 1420 1069 1465 benedictum.
1099 1419 1167 1464 Ad
1184 1420 1267 1463 hoc
1291 1434 1391 1476 ergo
1418 1419 1496 1462 ista
1521 1416 1779 1462 auferuntur

393 1493 536 1538 bonis.
552 1492 635 1538 Sed
655 1507 709 1536 ne
731 1491 826 1551 quis
847 1490 957 1535 forte
969 1491 1165 1534 infirmus
1183 1489 1345 1534 diceret
1362 1508 1370 1534 ε
1388 1489 1570 1542 Quando
1589 1503 1667 1546 ego
1689 1504 1779 1533 esse

393 1579 570 1625 possum
592 1572 725 1608 tantae
745 1562 932 1615 virtutis,
946 1569 1121 1621 quantae
1134 1569 1304 1604 sanctus
1318 1562 1341 1603 J
1346 1559 1403 1603 ob
1420 1562 1437 1602 ?
1451 1559 1603 1603 Robur
1615 1559 1778 1603 miraris

394 1636 558 1680 arboris
574 1670 584 1688 ,
610 1635 712 1695 quia
729 1634 861 1678 modo
882 1642 983 1677 nata
1004 1648 1047 1676 es
1069 1653 1077 1676 :
1103 1633 1199 1676 haec
1220 1647 1375 1690 magna
1396 1667 1407 1687 ,
1432 1631 1776 1692 quam‘miraris,

390 1708 473 1752 sub
488 1708 554 1766 cuj
562 1721 609 1750 us
624 1705 750 1750 ramis
768 1714 810 1749 et
832 1705 987 1748 umbra
1001 1702 1265 1762 refrigeraris
1280 1739 1290 1757 ,
1301 1703 1422 1761 virga
1441 1701 1537 1746 fuit.
1557 1701 1642 1747 Sed
1657 1702 1783 1747 times'

393 1793 449 1823 ne
477 1777 557 1821 tibi
585 1776 845 1820 auferuntur
871 1775 992 1829 haee,
1027 1789 1129 1818 cum
1155 1773 1251 1817 talis
1282 1771 1446 1816 fueris?
1467 1771 1656 1817 Attende
1676 1773 1780 1832 quia

396 1845 656 1893 auferuntur
689 1855 731 1890 et
761 1844 899 1889 malis.
925 1843 1041 1898 Quid
1063 1852 1106 1887 te
1130 1858 1231 1901 ergo
1259 1842 1407 1887 differs
1424 1858 1447 1887 a
1468 1842 1780 1887 conversione?

395 1919 522 1972 Quod
543 1919 684 1962 bonus
705 1917 829 1961 times
857 1915 1054 1960 amittere
1068 1950 1079 1969 ,
1104 1915 1217 1958 forte
1234 1914 1372 1958 malus
1395 1914 1626 1958 amissurus
1647 1929 1706 1957 es.
1735 1913 1779 1958 Si

394 1989 537 2035 bonus
575 2003 624 2031 ea
648 1986 905 2046 perdideris,
941 1985 1060 2029 adest
1081 1984 1325 2029 consolator
1345 1984 1420 2044 qui
1445 1983 1623 2028 abstulit
1647 2003 1655 2028 :
1682 1999 1778 2028 arca

395 2059 610 2103 exinanita
633 2067 695 2102 est
713 2072 838 2111 auro,
867 2072 941 2101 cor
963 2056 1144 2115 plenum
1167 2064 1229 2099 est
1249 2055 1336 2099 fide
1362 2075 1370 2100 :
1396 2054 1498 2099 foris
1523 2070 1774 2114 pauperes,

394 2128 470 2174 sed
490 2129 604 2172 intus
619 2127 736 2171 dives
754 2122 797 2171 es
822 2146 830 2171 ε
857 2126 1026 2170 divitias
1048 2135 1192 2169 tecum
1215 2135 1360 2185 portas
1375 2161 1386 2181 ,
1415 2140 1522 2185 quas
1544 2141 1634 2169 non
1654 2125 1778 2169 amit-

391 2207 502 2245 teres
518 2235 528 2254 ,
553 2199 718 2243 etiamsi
740 2197 794 2242 de
815 2196 1042 2256 naufragio
1065 2195 1208 2240 nudus
1224 2196 1372 2240 exires.
1394 2196 1522 2249 Quod
1540 2211 1642 2254 ergo
1665 2194 1776 2239 forte

393 2271 641 2332 perditurus
664 2286 706 2314 es
724 2269 861 2313 malus
879 2305 890 2325 ,
915 2284 993 2313 cur
1014 2284 1103 2312 non
1124 2268 1290 2312 bonum
1305 2276 1347 2311 te
1362 2267 1772 2322 invenitdamnum,

391 2339 749 2402 quandoquidem
766 2338 883 2384 vides
906 2349 948 2383 et
969 2338 1101 2383 malos
1120 2339 1207 2398 pati
1230 2339 1474 2382 damnum?
1499 2338 1582 2382 Sed
1614 2339 1776 2397 majore
1821 2333 1826 2340 ’

391 2411 456 2456 illi
473 2411 632 2456 damno
654 2409 869 2455 feriuntur
885 2411 1044 2455 :inanis
1060 2419 1123 2453 est
1138 2409 1309 2463 domus,
1321 2408 1491 2453 inanior
1512 2408 1775 2453 conscientia

392 2491 468 2526 est.
490 2481 691 2542 Quisquis
714 2481 851 2525 malus
868 2481 948 2524 ista
971 2479 1226 2539 perdiderit,
1247 2494 1337 2522 non
1365 2478 1498 2522 habet
1525 2476 1627 2523 foris
1654 2477 1774 2538 quod

391 2561 538 2596 teneat
552 2588 562 2607 ,
602 2567 692 2595 non
722 2551 856 2596 habet
889 2551 1007 2595 intus
1038 2550 1113 2593 ubi
1148 2550 1401 2609 requiescat.
1438 2548 1570 2607 Fugit
1603 2548 1673 2593 hic
1696 2548 1773 2592 ubi

448 2637 550 2668 ¹101).
571 2650 595 2669 Ι,
620 2646 673 2668 21.
