1889 3285
0 0 18 120 ¹1

14 123 17 161 l

14 260 18 340 j
169 266 408 294 ENAnnAno
441 268 473 293 11
505 268 548 293 m
582 267 784 294 rsALMUM
817 269 980 306 vam,
1017 267 1156 296 semro
1189 270 1235 294 11.
1333 258 1416 295 333

14 341 18 407 ξ
45 348 66 372 »
99 331 144 374 in
168 345 238 375 me
272 351 280 376 ;
321 350 341 373 »
373 347 462 376 non
498 331 737 376 secundum
775 331 1105 376 multitudinem
1139 341 1418 392 peccatorum

0 416 17 454 ιε
42 414 254 444 meorum.

14 459 17 531 ξ
99 472 157 513 ΙΙ.
197 472 304 515 «Ne
334 479 499 515 avertas
537 469 691 515 faciem
724 480 844 515 tuam
874 486 898 515 a
919 473 1189 531 puerovtu0¹¹
1212 473 1306 515 »Et
1325 471 1420 515 haec

0 534 18 594 il
42 538 296 584 humilitatis
326 539 644 585 commendatio
666 550 756 596 est,
793 544 870 585 «A
885 556 1022 600 puero
1039 549 1138 595 tuo,
1166 558 1186 581 »
1210 541 1257 584 id
1284 549 1372 594 est,
1398 556 1422 584 a

41 623 200 667 parvo:
226 610 326 669 quia
347 611 439 670 jam
461 611 582 655 carui
599 611 800 670 superbia
829 627 907 671 per
934 609 1207 670 disciplinam
1234 608 1421 653 tribula-

0 703 1 714 κ
41 678 198 734 tionis,
223 698 240 719 «
271 682 335 725 Ne
352 689 517 724 avertas
544 679 698 725 faciem
722 690 843 725 tuam
865 697 887 726 a
910 695 1046 740 puero
1068 689 1160 724 tuo.
1189 697 1209 720 »
1239 681 1342 723 Haec
1360 687 1424 722 est

0 751 1 785 l
41 747 114 792 illa
148 749 337 808 speciosa
367 749 663 795 misericordia
701 751 804 805 Dei,
842 766 973 811 quam
1006 765 1135 809 supra
1168 748 1289 793 dixit.
1313 751 1422 794 Nam

42 820 241 878 sequenti
268 835 396 864 versu
418 820 593 880 exponit
614 820 735 880 quod
761 819 868 865 dixit
888 839 897 865 ι
931 839 950 861 α
971 820 1187 873 Quoniam
1210 818 1420 873 tribulor,

44 905 66 930 »
99 887 304 933 velociter
320 889 475 933 exaudi
496 905 580 934 me.
600 908 619 932 »
640 889 753 943 Quid
767 899 850 945 est,
875 908 895 931 «
920 889 1165 934 Velociteri'
1183 908 1199 929 «
1222 891 1318 933 Jarn
1335 904 1424 933 non

42 967 105 1003 est
135 959 254 1019 quod
288 958 462 1004 differas
492 980 500 1005 :
536 960 748 1016 tribulor,
785 960 1002 1021 praecessit
1021 959 1196 1004 afflictio
1218 974 1335 1014 mea,
1358 974 1425 1004 se-

42 1037 202 1088 quatur
222 1029 515 1074 misericordia
536 1040 627 1074 tua.

102 1100 179 1141 ΙΙῘ.
203 1117 223 1140 «
250 1098 434 1143 Intende
450 1100 606 1144 animae
626 1114 734 1143 meae
751 1134 761 1154 ‚
788 1108 831 1143 et
853 1098 1017 1143 redime
1041 1101 1176 1143 eam2.
1191 1116 1211 1139 »
1237 1099 1334 1144 Non
1356 1097 1425 1141 in-

43 1167 158 1225 diget
179 1169 444 1227 expositione
466 1188 475 1213 :
498 1169 722 1214 videamus
744 1185 847 1227 ergo
869 1169 991 1229 quod
1011 1170 1221 1228 sequitur.
1246 1187 1266 1210 «
1292 1171 1428 1227 Prop-

47 1257 65 1278 »
100 1246 165 1281 ter
183 1237 379 1282 inimicos
401 1254 518 1282 meos
545 1254 647 1282 erue
671 1253 756 1282 me.
783 1259 800 1279 »
827 1241 931 1282 Haec
954 1238 1083 1298 plane
1104 1237 1301 1282 miranda
1317 1236 1428 1296 peti-

13 1289 101 1369 ltio
124 1317 212 1363 est,
246 1323 326 1353 nec
356 1308 544 1353 breviter
571 1309 897 1368 perstringenda
915 1344 925 1363 ‚
964 1324 1045 1353 nec
1080 1310 1237 1352 cursim
1265 1307 1428 1352 transi-

14 1371 212 1457 }lienda3
250 1393 424 1437 prorsus
451 1377 647 1422 miranda
669 1397 677 1422 z
707 1397 727 1420 «
753 1382 934 1437 Propter
960 1379 1158 1423 inimicos
1180 1394 1299 1422 meos
1323 1392 1428 1421 erue

7 1479 9 1482 Α
45 1464 66 1488 »
100 1462 184 1491 me.
214 1465 234 1488 »
261 1447 377 1501 Quid
412 1457 500 1503 est,
524 1467 544 1490 ι(
576 1452 758 1507 Propter
789 1448 986 1492 inimicos
1008 1464 1126 1492 meos
1149 1463 1251 1492 erue
1278 1449 1379 1491 me?
1404 1465 1424 1488 n

45 1520 102 1562 Ut
131 1519 483 1574 confundantur,
525 1529 574 1563 ut
606 1519 856 1564 crucientur
888 1518 1144 1563 liberatione
1178 1534 1287 1561 mea.
1314 1516 1430 1570 Quid

45 1603 169 1648 ergo,
209 1590 244 1633 si
269 1605 360 1634 non
387 1598 527 1633 essent
562 1588 624 1632 illi
653 1589 728 1648 qui
756 1588 1014 1632 liberatione
1035 1603 1132 1632 mea
1156 1597 1297 1631 essent
1331 1583 1432 1631 cru-

45 1658 208 1714 ciandi‚
233 1660 340 1703 mihi
364 1659 584 1703 subveniri
618 1673 708 1702 non
729 1657 910 1702 debuit?
932 1667 974 1701 et
998 1667 1102 1701 tunc
1125 1657 1205 1701 tibi
1233 1665 1432 1716 accepta-

45 1727 142 1772 bilis
161 1738 224 1773 est
244 1729 460 1784 liberatio,
481 1744 583 1773 cum
605 1727 735 1772 fuerit
753 1727 927 1771 alterius
946 1728 1195 1772 damnatio?
1212 1730 1324 1772 Ecce
1342 1742 1433 1771 non

15 1793 19 1864 ξ
45 1809 147 1844 sunt
177 1800 366 1855 inimici,
398 1800 475 1860 qui
506 1798 575 1844 vel
601 1797 932 1843 confundantur
953 1798 1022 1843 vel
1053 1806 1341 1857 torqueantur
1377 1796 1433 1840 dc

47 1870 302 1915 liberatione
335 1880 411 1915 tua
439 1889 447 1914 :
483 1870 541 1914 sic
569 1869 844 1913 remanebis?
866 1884 956 1913 non
976 1867 1259 1912 liberaberis?
1286 1870 1356 1911 An
1378 1866 1434 1910 ad

48 1941 131 1986 hoc
147 1950 198 1985 ut
213 1940 355 1985 valeat
376 1940 558 1984 inimicis
579 1939 666 1985 tuis
684 1974 694 1995 ‚
715 1954 805 1999 quo
826 1939 993 1999 possint
1016 1947 1059 1982 et
1082 1938 1162 1998 ipsi
1182 1947 1256 1982 tua
1278 1936 1433 1981 libera-

48 2012 166 2057 tione
188 2011 412 2056 converti?
437 2010 520 2056 Sed
543 2020 586 2055 et
605 2011 689 2055 hoc
710 2010 872 2054 mirum
891 2019 953 2054 est
969 2044 980 2065 ,
1005 2010 1039 2054 si
1060 2009 1222 2053 habeat
1243 2008 1434 2067 aliquam

0 2114 4 2123 ,
48 2083 266 2143 petitionis
288 2097 476 2127 eausam.
494 2080 721 2142 Numquid
743 2081 860 2125 enim
879 2080 934 2126 ad
953 2081 1037 2124 hoc
1060 2079 1272 2124 liberatur
1288 2093 1434 2123 servus

2 2165 5 2171 ¹
49 2153 127 2197 Dei
148 2169 172 2197 a
192 2153 378 2198 Domino
400 2156 492 2197 Deo
527 2168 627 2207 suo,
659 2160 709 2196 ut
730 2150 800 2195 alii
822 2150 1076 2211 proficiant?
1094 2149 1232 2204 Quid,
1258 2150 1291 2194 si
1309 2149 1434 2193 dees·-

0 2239 4 2266 !
49 2232 145 2268 sent
165 2224 242 2284 qui
263 2224 547 2283 proficerent,
569 2221 644 2266 ille
660 2237 806 2267 servus
826 2222 904 2266 Dei
927 2237 1015 2266 non
1033 2229 1125 2265 erat
1150 2218 1436 2264 liberandus?

0 2306 6 2328 ⁴
51 2295 340 2354 Quocumque
361 2309 463 2353 ergo
485 2308 556 2338 me
570 2302 844 2348 convertam,
867 2292 954 2337 sive
971 2290 1026 2335 ad
1042 2291 1332 2351 punitionem,
1346 2290 1436 2335 sive

0 2364 5 2407 ὗ
53 2363 108 2408 ad
128 2363 430 2409 liberationem
446 2363 742 2418 inimicorum,
767 2378 858 2407 non
876 2360 1004 2406 video
1021 2377 1194 2406 causam
1213 2360 1433 2420 petitionis

0 2447 2 2469 1
52 2433 207 2494 hujus,
237 2437 459 2492 «Propter
488 2433 683 2485 inimicos
714 2448 833 2477 meos
867 2447 969 2476 erue
999 2447 1096 2477 me:
1119 2450 1139 2473 »
1165 2431 1247 2474 nisi
1270 2429 1435 2488 aliquid

0 2517 2 2545 ι
54 2503 345 2562 intelligamus
362 2538 373 2558 ,
399 2501 520 2562 quod
537 2518 637 2547 cum
655 2501 805 2548 dixero
827 2501 1058 2562 adjuvante
1081 2501 1289 2556 Domino,
1310 2497 1431 2558 judi-

103 2597 111 2613 ¹
129 2590 209 2623 Psal.
232 2601 341 2631 vam,
366 2589 415 2622 18.
432 2606 472 2612 —
493 2595 505 2612 '³
521 2588 602 2627 Ibid,
621 2600 672 2630 19.
