1889 3285
0 225 25 521 ff}

0 528 6 658 ε

243 257 483 286 ENAnnATro
516 259 531 284 ι
561 258 607 284 m
638 255 840 285 PsALMUM
874 259 1038 296 vam,
1079 255 1216 285 SERMO
1249 259 1278 286 1.
1375 246 1458 284 313

81 323 213 383 ipsius
240 323 432 369 converti
464 322 509 366 in
530 322 833 367 habitudinem
859 322 1078 368 coelestem
1096 359 1107 378 ‚
1141 332 1184 367 et
1205 323 1345 368 socius
1364 324 1458 367 fieri

81 409 254 450 eorum,
288 393 343 438 de
375 393 531 454 quibus
557 391 663 436 dicit
691 393 843 437 titulus
877 393 1036 437 Psalmi
1067 412 1076 437 :
1116 412 1136 435 «
1170 397 1253 437 Pro
1281 393 1348 438 his
1379 394 1456 454 qui

85 484 102 506 »
138 464 539 509 commutabuntur.
566 482 583 504 »
616 463 692 507 Isti
724 474 869 508 autem
891 479 992 508 cum
1012 463 1141 508 limus
1162 463 1367 524 profundi
1390 480 1460 508 es-

79 544 196 590 sent,
220 535 325 579 haesi
343 535 388 578 in
416 533 499 578 illis
517 568 527 588 ,
551 534 598 577 id
630 543 717 589 est,
745 544 980 578 tenuerunt
1006 550 1100 590 me,
1135 534 1460 594 praevaluerunt

77 606 209 661 mihi,
245 605 499 651 occiderunt
530 620 614 649 me.
646 624 663 646 (ι
693 606 853 650 Infixus
886 621 986 664 ergo
1018 621 1114 650 sum
1145 606 1190 650 in
1220 605 1326 650 limo
1357 621 1459 665 pro-

83 697 101 719 »
135 676 289 732 fundi,
320 686 363 721 et
387 693 476 721 non
510 687 573 721 est
603 678 857 722 substantia.
887 698 904 719 >›
933 677 1048 731 Quid
1080 686 1144 721 est
1171 678 1282 732 hoc,
1318 695 1335 717 «
1361 679 1459 722 Non

83 767 100 790 »
135 756 199 791 est
221 748 484 791 substantia?
510 767 528 788 »
553 747 879 807 Numquidnam
901 748 990 807 ipse
1011 747 1139 792 limus
1162 763 1251 792 non
1276 756 1339 791 est
1359 747 1461 791 sub-

77 818 264 862 stantia?
297 822 387 873 An,
424 833 504 877 ego
536 817 790 862 inhaerendo
817 817 954 862 factus
981 834 1076 862 sum
1108 834 1197 862 non
1231 833 1321 862 esse
1356 818 1462 861 sub-

76 888 263 932 stantia?
292 888 408 941 Quid
441 896 504 931 est
536 903 659 947 ergo,
691 906 708 928 «
737 889 900 932 Infixus
928 890 1054 932 sum?
1082 908 1099 930 »
1132 887 1462 948 Numquidnam

75 959 135 1003 sic
153 959 278 1003 haesit
301 959 521 1003 Christus?
539 962 628 1002 Aut
648 973 751 1002 vero
773 958 898 1002 haesit
915 993 925 1013 ‚
951 974 999 1002 ac
1022 974 1110 1003 non
1125 994 1136 1012 ,
1167 959 1278 1002 sicut
1295 957 1462 1002 dictum

75 1037 138 1072 est
157 1028 204 1071 in
230 1027 344 1072 libro
366 1029 478 1072 Job:
510 1047 526 1069 «
554 1031 680 1072 Terra
712 1027 868 1072 tradita
895 1037 958 1072 est
986 1029 1031 1071 in
1054 1043 1208 1072 manus
1238 1028 1417 1087 impii¹P
1441 1048 1457 1069 »

74 1100 144 1142 An
165 1096 405 1142 secundum
439 1113 596 1157 corpus
624 1098 782 1142 infixus
810 1107 901 1153 est,
932 1098 1034 1157 quia
1064 1098 1199 1141 teneri
1229 1098 1394 1156 potuit,
1420 1107 1464 1142 et

73 1168 209 1227 ipsam
231 1169 555 1212 crucifixionem
571 1168 790 1212 habebat?
810 1168 899 1213 Nisi
921 1168 1036 1211 enim
1055 1167 1183 1212 clavis
1202 1168 1313 1212 fixus
1330 1177 1456 1223 esset,

73 1238 300 1282 crucifixus
323 1254 412 1282 non
431 1248 554 1282 esset.
577 1236 703 1281 Unde
720 1253 822 1296 ergo
843 1241 972 1282 «Non
995 1247 1057 1282 est
1079 1239 1346 1282 substantia?
1360 1259 1375 1279 »
1394 1242 1463 1282 An

72 1309 203 1352 limus
223 1307 298 1352 ille
328 1324 418 1352 non
448 1317 511 1352 est
533 1308 804 1351 substantia?
839 1308 1138 1367 Intelligemus
1164 1324 1288 1367 ergo,
1325 1309 1357 1352 si
1381 1324 1461 1368 po-

72 1379 305 1432 tuerimus,
329 1378 436 1438 quid
457 1379 526 1432 sit,
557 1396 573 1417 «
597 1381 654 1421 Et
675 1393 764 1422 non
787 1387 851 1421 est
871 1378 1126 1432 substantia,
1153 1399 1168 1420 »
1195 1380 1229 1423 si
1251 1380 1370 1438 prius
1392 1380 1462 1422 in-

71 1448 362 1492 tellexerimus
380 1448 488 1508 quid
505 1449 558 1492 sit
579 1448 833 1492 substantia.
859 1449 1106 1493 Substantia
1124 1450 1286 1509 quippe
1301 1449 1461 1494 dicitur

71 1528 115 1563 et
135 1518 386 1563 divitiarum
410 1538 418 1562 ;
442 1517 683 1562 secundum
707 1533 839 1578 quam
864 1519 1046 1563 dicimus
1066 1539 1074 1564 ;
1096 1521 1238 1563 Habet
1259 1520 1461 1564 substan-

70 1589 197 1639 tiam,
223 1597 266 1632 et
284 1623 294 1643 ,
322 1587 514 1632 Perdidit
535 1587 839 1632 substantiam.
870 1588 954 1633 Sed
983 1589 1200 1649 numquid
1223 1590 1305 1634 hoc
1328 1599 1459 1649 puta-

70 1659 213 1702 bimus
226 1658 297 1701 hic
314 1657 478 1701 dictum
508 1672 597 1700 esse
618 1676 626 1701 ε
659 1677 674 1697 «
698 1660 755 1701 Et
776 1673 865 1702 non
888 1668 952 1702 est
966 1660 1207 1704 substantia
1224 1695 1234 1714 ,
1266 1680 1282 1701 »
1308 1659 1353 1704 id
1371 1669 1455 1715 est,

70 1744 159 1772 non
180 1737 283 1772 sunt
305 1728 487 1780 divitiae,
507 1727 633 1786 quasi
654 1727 786 1771 modo
802 1728 967 1787 aliquid
986 1728 1040 1772 de
1058 1730 1216 1774 divitiis
1238 1740 1452 1788 ageretur,

70 1807 144 1843 aut
165 1798 309 1858 aliqua
339 1797 520 1858 quaestio
552 1797 606 1840 de
637 1796 795 1841 divitiis
826 1798 1091 1842 haberetur?
1117 1803 1187 1843 An
1216 1798 1328 1843 forte
1356 1802 1458 1860 quia

69 1868 142 1912 ille
174 1868 263 1928 ipse
291 1868 418 1911 limus
459 1876 688 1926 paupertas
735 1876 847 1922 erat,
893 1877 936 1911 et
977 1868 1137 1912 divitiae
1176 1885 1264 1913 non
1299 1880 1449 1926 erunt,

69 1939 150 1983 nisi
172 1939 349 2000 quando
370 1938 620 1982 aeternitatis
643 1938 870 1997 participes
907 1938 1052 1983 effecti
1074 1938 1309 1984 fuerimus?
1332 1944 1454 1986 Tunc

70 2019 172 2055 sunt
193 2011 309 2054 enim
325 2025 438 2053 verae
458 2009 618 2053 divitiae
635 2044 645 2064 ,
667 2009 843 2069 quando
866 2009 990 2053 nobis
1012 2010 1121 2054 nihil
1139 2010 1289 2055 deerit.
1308 2015 1454 2056 Potest

69 2083 198 2126 etiam
216 2081 452 2125 secundum
469 2081 598 2140 hujus
613 2081 735 2124 verbi
749 2080 1018 2124 intellectum
1035 2082 1170 2140 accipi
1193 2097 1339 2126 sensus
1355 2084 1448 2139 iste,

69 2161 119 2197 ut
140 2152 356 2196 diceretur
377 2171 385 2194 ;
419 2170 435 2191 «
460 2152 621 2195 Infixus
644 2167 739 2194 sum
758 2151 803 2194 in
825 2151 929 2195 limo
950 2150 1180 2210 profundi,
1210 2162 1252 2197 et
1276 2169 1363 2198 non
1387 2164 1451 2199 est

75 2243 92 2264 »
127 2222 387 2276 substantia,
413 2220 491 2264 »id
513 2230 600 2275 est,
627 2220 682 2264 ad
703 2230 1000 2280 paupertatem
1025 2223 1215 2281 perveni.
1247 2227 1356 2268 Nam
1378 2225 1448 2269 hic

70 2294 173 2338 dicit
195 2313 203 2338 :
228 2312 244 2333 «
267 2296 435 2351 Pauper
451 2301 492 2335 et
514 2291 665 2336 dolens
688 2307 766 2350 ego
791 2295 930 2335 sum‘ss.
954 2312 970 2333 »
991 2292 1102 2336 Dicit
1119 2303 1160 2337 et
1184 2294 1415 2353 Apostolus
1436 2315 1444 2339 :

74 2383 91 2406 «
127 2364 341 2418 Quoniam
363 2372 540 2422 propter
560 2379 635 2407 vos
653 2379 816 2423 pauper
833 2362 970 2407 factus
988 2373 1051 2408 est
1068 2379 1167 2408 cum
1182 2364 1300 2409 dives
1320 2376 1443 2420 esset⁷

74 2454 92 2475 »
126 2444 176 2478 ut
197 2433 310 2477 illius
333 2442 586 2492 paupertate
611 2449 686 2477 vos
707 2433 994 2478 ditaremini&
1026 2454 1042 2475 »
1064 2437 1181 2493 Ergo
1212 2445 1444 2494 pauperta-

69 2514 157 2549 tem
184 2519 305 2548 suam
332 2503 481 2548 volens
510 2503 718 2548 Dominus
751 2503 876 2548 nobis
908 2503 1238 2560 commendare,
1269 2504 1444 2549 fortasse

119 2595 126 2609 ¹
148 2587 218 2618 Job.
240 2598 284 2629 ix,
303 2587 355 2628 9²4.
377 2604 418 2609 -—-
437 2594 449 2610 2
470 2586 548 2618 rsal.
566 2598 675 2628 urvm,
696 2587 745 2619 30.
771 2605 812 2610 --
837 2585 848 2609 3
868 2596 886 2618 ί),
905 2590 977 2619 Cor.
999 2598 1061 2625 vni,
1077 2599 1108 2629 9.
