1889 3285
414 246 497 283 272
852 252 886 281 S.
922 253 1157 281 Aucusrnu
1192 255 1375 282 El‘tscol’t

411 334 557 363 ramur
573 333 675 376 ergo
697 314 818 378 quod
844 336 862 360 «
890 317 1001 362 Coeli
1029 317 1348 363 distillaverunt
1368 334 1392 362 a
1413 316 1521 361 facie
1541 317 1615 361 Dei
1638 337 1647 362 ι
1668 338 1685 358 »
1711 332 1805 361 ma·
1854 322 1857 332 ²

413 392 473 449 gis
498 391 705 434 miremur
727 388 849 449 quod
876 392 1042 434 «Mons
1068 390 1186 445 Sina,
1210 408 1230 431 »
1256 389 1302 434 id
1322 399 1399 445 est,
1425 389 1502 449 qui
1522 389 1642 448 prius
1663 403 1811 447 perse-

411 460 648 521 quebatur‚
675 460 885 504 Hebraeus
907 475 959 503 ex
982 460 1190 515 Hebraeis,
1213 461 1456 505 secundum
1479 462 1640 518 Legem
1663 458 1809 502 Phari·
1854 466 1856 468 ’

412 545 522 574 saeus
536 532 565 573 1.
592 528 710 583 Quid
727 539 872 574 autem
891 529 1126 574 miremur?
1138 533 1235 576 Non
1249 530 1365 574 enim
1377 546 1401 574 a
1418 545 1462 573 se
1474 529 1582 588 ipso,
1599 527 1673 572 sed
1687 527 1811 587 quod
1883 582 1887 592 Ι

414 601 634 662 sequitur,
667 620 686 643 «
715 604 753 644 A
778 600 888 644 faeie
911 600 987 644 Dei
1010 600 1204 659 Israe'13»
1230 600 1285 645 de
1307 617 1396 661 quo
1423 601 1514 660 ipse
1541 599 1646 644 dicit
1671 618 1680 643 :
1710 617 1730 641 «
1754 601 1813 643 Et
1854 596 1856 603 ’

417 690 438 714 »
474 687 603 731 super
625 671 755 715 Israel
777 671 885 715 Dei²
916 689 926 715 t
967 689 986 711 n
1015 670 1070 717 de
1102 687 1190 731 quo
1219 672 1430 716 Dominus
1462 669 1569 714 dicit
1601 689 1610 714 ε
1648 689 1669 711 «
1697 671 1812 713 Ecce

421 762 439 784 »
472 757 574 786 vere
594 740 800 796 Israelita,
826 741 871 784 in
891 756 981 801 quo
1004 740 1130 786 dolus
1159 757 1249 786 non
1266 751 1329 786 est
1343 743 1375 785 ³.
1400 760 1420 783 »
1446 744 1570 786 Hanc
1588 756 1691 800 ergo
1708 739 1811 800 plu-

418 813 532 858 viam
566 812 857 857 voluntariam
887 812 1017 857 nullis
1051 814 1400 873 praecedentibus
1429 813 1596 858 meritis
1627 824 1812 872 operum
1855 867 1857 871 ,

420 885 640 929 bonorum
674 882 912 942 segregavit
928 886 1042 927 Deus
1063 883 1305 928 haereditati
1330 899 1435 928 suae.
1465 903 1486 926 «
1516 886 1574 928 Et
1595 884 1813 928 infirmata

423 973 446 997 »
480 963 558 999 est.
593 972 613 996 »
645 954 834 1013 Agnovit
862 955 977 998 enim
1000 971 1090 999 non
1117 970 1207 999 esse
1235 971 1278 999 se
1302 954 1467 1015 aliquid
1489 970 1566 1014 per
1588 955 1810 1015 seipsum,
1852 991 1856 1018 ζ,

417 1041 508 1070 non
529 1024 693 1069 viribus
711 1024 813 1079 suis,
834 1023 911 1068 sed
928 1025 1077 1084 gratiae
1092 1026 1170 1070 Dei
1187 1025 1471 1070 tribuendum
1486 1041 1576 1069 esse
1596 1024 1716 1085 quod
1730 1033 1808 1069 est.
1852 1040 1855 1100 ἰ
1884 1074 1889 1089 ἐ

418 1095 610 1154 Agnovit
632 1095 753 1156 quod
770 1094 939 1140 dictum
956 1106 1021 1140 est
1043 1116 1051 1140 ;
1081 1115 1098 1136 «
1121 1099 1173 1140 In
1194 1096 1521 1140 infirmitatibus
1543 1095 1648 1139 meis
1663 1094 1815 1154 gloria-
1851 1102 1854 1156 ᾖ
1884 1097 1889 1100 “

423 1184 444 1208 »
485 1166 602 1210 boi-4.
618 1184 638 1206 »
662 1166 853 1224 Agnovit
869 1166 990 1226 quod
1012 1166 1180 1211 dietum
1202 1176 1267 1210 est
1291 1186 1300 1211 t
1326 1186 1345 1209 «
1369 1165 1467 1212 Noli
1486 1165 1623 1210 altum
1645 1180 1810 1225 sapere,
1851 1160 1854 1193 ¹

421 1253 442 1276 »
477 1235 555 1279 sed
572 1235 746 1278 time5.»
770 1236 961 1294 Agnovit
983 1236 1102 1295 quod
1122 1236 1288 1280 dictum
1312 1246 1375 1281 est
1397 1256 1405 1280 :
1427 1255 1447 1278 «
1466 1235 1715 1280 Humilibus
1737 1251 1817 1278 au-
1850 1198 1854 1282 l

422 1322 442 1345 »
478 1313 566 1348 tem
590 1303 666 1347 dat
688 1305 870 1361 gratiam
887 1306 920 1347 ⁶.
949 1307 1006 1348 Et
1038 1305 1256 1348 infirmata
1279 1314 1372 1359 est3
1402 1314 1453 1348 tu
1473 1320 1575 1349 vero
1599 1303 1816 1364 perfecisti

423 1393 444 1415 »
481 1389 606 1430 eam,
644 1374 746 1433 quia
769 1373 906 1418 virtus
933 1373 980 1417 in
1002 1374 1253 1418 infirmitate
1278 1375 1546 1434 perficitur-⁷.
1573 1393 1593 1415 n
1627 1373 1816 1428 Quidam

420 1459 522 1488 sane
563 1442 731 1488 codices
750 1479 760 1498 ,
799 1453 842 1487 et
874 1442 999 1487 latini
1028 1453 1071 1487 et
1108 1444 1260 1501 graeei,
1298 1460 1388 1489 non
1419 1444 1610 1499 habent,
1646 1447 1816 1489 «Mons
1848 1473 1852 1514 Ι

426 1533 444 1555 »
484 1514 605 1569 Sina3
632 1513 722 1567 sed,
759 1529 782 1557 a
806 1512 914 1557 facie
938 1514 1013 1557 Dei
1038 1514 1154 1568 Sina,
1182 1530 1203 1557 a
1227 1513 1336 1558 facie
1359 1514 1436 1558 Dei
1459 1514 1604 1558 Israel.
1623 1533 1644 1555 »
1665 1514 1717 1559 Id
1734 1523 1812 1569 est,
1848 1519 1852 1586 j

425 1603 442 1623 «
480 1582 593 1627 Coeli
616 1582 937 1627 distillaverunt
955 1599 977 1626 a
1008 1581 1118 1627 facie
1147 1584 1223 1627 Dei
1251 1603 1259 1627 2
1288 1601 1308 1624 »
1336 1592 1378 1627 et
1397 1585 1520 1644 quasi
1548 1594 1817 1646 quaereretur
1848 1587 1852 1658 j

419 1655 488 1713 cuj
498 1669 544 1696 us
566 1653 643 1697 Dei
666 1672 675 1696 ε
705 1672 725 1694 «
752 1669 774 1696 a
797 1652 906 1696 facie
928 1653 1022 1706 Dei,
1043 1653 1210 1712 inquit,
1239 1653 1354 1707 Sina,
1375 1669 1398 1697 a
1414 1654 1523 1697 facie
1540 1654 1617 1697 Dei
1637 1653 1812 1708 IsraeL»
1847 1659 1856 1718 [ε

421 1723 467 1767 id
487 1733 572 1778 est,
605 1739 627 1766 a
649 1721 758 1766 facie
783 1723 855 1765 Dei
878 1723 952 1782 qui
985 1726 1144 1781 Legem
1167 1723 1288 1766 dedit
1309 1723 1473 1783 populo
1499 1724 1644 1768 Israel.
1677 1729 1816 1777 Quare
1847 1719 1850 1802 Ι

421 1809 526 1851 ergo
548 1813 568 1834 «
593 1793 705 1838 Coeli
723 1791 1043 1836 distillaverunt
1061 1808 1084 1836 a
1100 1793 1213 1837 facie
1230 1793 1328 1849 Dei3
1349 1811 1368 1834 »
1391 1809 1415 1836 a
1438 1793 1546 1838 faeie
1568 1795 1697 1854 hujus
1720 1794 1812 1850 Dei,

420 1863 503 1907 nisi
533 1863 632 1923 quia
654 1863 714 1906 sic
736 1861 965 1920 impletum
995 1872 1058 1906 est
1080 1861 1199 1921 quod
1222 1862 1480 1922 praedictum
1506 1873 1569 1907 est
1595 1884 1604 1908 2
1633 1883 1652 1906 «
1677 1866 1818 1908 Bene-

423 1951 446 1975 »
481 1932 717 1976 dictionem
750 1931 874 1975 dabit
918 1931 995 1991 qui
1038 1935 1196 1989 Legem
1229 1932 1402 1978 deditss?
1433 1952 1452 1974 »
1499 1937 1656 1991 Legem
1671 1969 1682 1989 ,
1729 1949 1816 1994 qua
1884 1991 1889 1994 q

423 2012 583 2046 terreat
596 2001 650 2046 de
668 2002 869 2045 humanis
881 2001 1045 2045 viribus
1059 2012 1395 2060 praesumentem
1413 2024 1423 2060 3
1451 2003 1812 2059 benedictionem,
1845 2012 1865 2053 iu
1883 1998 1888 2015 ³

424 2089 512 2133 qua
528 2073 684 2116 liberet
707 2073 753 2116 in
769 2075 908 2116 Deum
931 2082 1192 2131 sperantem.
1216 2075 1282 2116 Tu
1304 2088 1404 2130 ergo
1426 2071 1656 2132 perfecisti,
1682 2077 1812 2129 Deus,
1845 2078 1865 2130 ξε

422 2142 722 2188 haereditatem
739 2150 858 2186 tuam
880 2161 888 2186 :
914 2143 1014 2201 quia
1027 2141 1242 2185 infirmata
1255 2151 1319 2187 est
1330 2142 1375 2185 in
1388 2157 1447 2198 se,
1466 2151 1515 2186 ut
1537 2143 1815 2202 perficeretur
1844 2135 1865 2202 ξς(
1882 2137 1889 2156 ’“

425 2212 500 2256 abs
519 2222 575 2256 te.
1844 2202 1865 2265 ΙΧ
1883 2224 1886 2228 “

484 2284 608 2325 XIII.
639 2300 659 2322 «
682 2280 896 2325 Animalia
920 2290 995 2324 tua
1024 2280 1339 2325 inhabitabunt
1365 2281 1412 2325 in
1436 2297 1499 2325 ea.
1529 2284 1620 2325 Tua
1637 2317 1649 2336 ,
1678 2300 1698 2322 »
1724 2297 1814 2326 non
1844 2283 1865 2330 ’Ὦ

424 2367 524 2410 sua,
548 2351 627 2395 tibi
648 2350 839 2406 subdita,
865 2366 954 2395 non
981 2351 1061 2395 sibi
1081 2350 1241 2408 libera,
1262 2350 1317 2395 ad
1338 2360 1381 2395 te
1407 2351 1597 2410 egentia,
1625 2367 1713 2396 non
1731 2351 1812 2396 sibi
1842 2337 1886 2408 lt*

1852 1787 1866 1839 ,ε

1862 1856 1885 1877 ,ξ

1852 1881 1889 1925 τί,

1852 1936 1866 1966 ‚⁰
1883 1943 1888 1947 “

1852 1966 1863 1978 ,.

476 2473 486 2489 ¹
514 2465 627 2507 Philip.
649 2476 699 2506 111,
720 2464 751 2496 5.
771 2481 813 2486 —-
839 2472 852 2487 ²
871 2464 939 2497 Gal.
968 2476 1017 2506 vr,
1051 2465 1100 2496 16.
1130 2480 1171 2487 —-
1193 2462 1205 2487 3
1225 2467 1315 2496 Joan.
1336 2476 1361 2505 1,
1387 2463 1441 2506 47.
1468 2482 1509 2487 ——
1528 2463 1543 2494 4
1562 2473 1581 2496 2
1607 2468 1681 2498 Cor.
1700 2476 1756 2505 xu,
1777 2476 1810 2506 9.
1843 2449 1886 2506 'Q‘

425 2539 467 2545 —
496 2519 511 2543 5
541 2523 633 2553 Rom.
665 2531 717 2559 xi,
746 2529 798 2552 20.
828 2537 868 2541 —-
900 2518 915 2541 6
944 2520 1057 2552 Jacob.
1089 2526 1145 2562 iv,
1175 2520 1207 2551 G.
1229 2537 1269 2542 —
1288 2527 1301 2552 7
1323 2522 1431 2553 2Cor.
1462 2531 1525 2561 xu,
1547 2532 1580 2562 9.
1613 2535 1654 2541 ·—
1682 2519 1697 2542 8
1728 2519 1807 2552 Psal.
1841 2506 1889 2601 μ

428 2587 557 2617 mxxxiii,
576 2577 608 2609 8.

1858 2723 1863 2872 l

1860 2909 1863 2946 l
