1889 3285
417 221 500 259 336
850 229 881 255 s.
919 227 1147 256 Acccsnm
1181 230 1361 256 EPlSCOPl

422 317 438 336 »
474 293 648 338 Domini
680 291 817 336 nostri
844 294 947 336 Jesu
978 292 1159 348 Christi,
1195 307 1271 352 per
1304 307 1435 353 quem
1467 292 1574 335 mihi
1609 292 1799 337 mundus

420 386 438 406 »
474 364 703 408 crucifixus
726 371 815 417 est,
851 371 894 406 et
920 377 1000 421 ego
1029 363 1236 407 mundo&
1269 383 1286 405 »
1311 363 1423 407 Huic
1447 377 1550 421 ergo
1572 362 1648 406 tali
1670 361 1804 407 fronti
1856 351 1859 360 ¹

416 433 702 493 opprobrium
723 431 866 476 solum
888 441 1058 491 poterat
1075 432 1221 492 objici.
1242 435 1350 479 Nam
1372 447 1452 477 nec
1464 432 1662 476 confusio
1683 441 1804 491 pote·
1856 429 1859 437 “

416 512 484 547 rat
511 517 600 546 esse
634 502 682 546 in
709 501 969 546 conscientia
1004 502 1096 561 jam
1129 511 1303 557 sanata,
1339 518 1420 546 nec
1454 501 1716 546 verecundia
1757 501 1804 544 in

416 573 561 617 fronte
582 581 673 616 tam
694 570 846 616 libera.
880 570 966 616 Sed
990 587 1091 615 cum
1114 571 1376 632 objiceretur
1393 570 1658 632 quibusdam
1685 570 1805 631 quod

416 642 642 687 Christum
659 640 973 695 interfecerint,
992 641 1147 686 merito
1175 641 1427 701 compuncti
1447 649 1550 685 sunt
1569 639 1682 685 mala
1704 656 1806 686 con·
1856 683 1858 690 λ

415 712 619 767 scientia,
644 720 688 755 et
711 711 944 756 salubriter
965 709 1131 755 confusi
1152 704 1526 771 atque⁷conversi3
1550 720 1601 755 ut
1631 720 1806 771 possent
1856 714 1858 757 ἑ

416 782 558 826 dicere
580 801 589 826 :
620 800 637 821 «
662 784 727 826 Tu
749 781 987 840 cognovisti
1008 780 1306 826 confusionem
1328 796 1471 825 meam
1487 785 1520 824 ².
1550 801 1569 822 »
1595 783 1662 825 Tu
1683 796 1802 840 ergo,
1856 788 1858 794 “

416 851 621 908 Domine,
659 852 799 907 nosti,
834 867 925 897 non
955 851 1098 896 solum
1127 852 1413 911 opprobrium
1447 866 1623 906 meum,
1659 850 1736 895 sed
1763 860 1807 896 et

417 922 718 968 confusionem
745 937 911 978 meam,
936 922 982 966 in
1005 921 1269 983 quibusdam
1295 931 1339 966 et
1361 920 1697 978 verecundiam,
1729 921 1807 982 qui
1856 950 1857 955 ,

416 993 613 1054 quamvis
641 993 687 1037 in
710 1007 779 1036 me
803 992 985 1037 credant
999 1028 1010 1049 ,
1036 992 1212 1052 publice
1234 1008 1305 1036 me
1327 1002 1473 1037 tamen
1496 1007 1643 1037 coram
1664 992 1807 1052 impiis

416 1064 612 1109 confiteri
631 1064 910 1119 erubescunt,
926 1063 1024 1122 plus
1047 1062 1165 1122 apud
1182 1078 1226 1107 se
1238 1061 1409 1107 valente
1430 1061 1579 1121 lingua
1594 1062 1803 1118 humana,

417 1150 549 1195 quam
577 1135 859 1194 promissione
880 1133 1041 1179 divina.
1067 1133 1224 1177 Videte
1253 1149 1356 1192 ergo
1378 1148 1450 1177 eos
1476 1147 1485 1173 t
1518 1141 1561 1176 et
1582 1148 1805 1177 commen-

416 1206 577 1250 dantur
595 1204 701 1249 tales
724 1208 836 1259 Deo,
862 1220 952 1249 non
973 1214 1023 1249 ut
1045 1205 1103 1249 sic
1127 1203 1372 1264 relinquat,
1402 1202 1477 1247 sed
1505 1213 1555 1248 ut
1583 1219 1653 1248 cos
1683 1203 1808 1263 adju·
1854 1201 1856 1247 Ξ
1888 1238 1889 1241 ¹

417 1274 558 1320 vando
578 1274 786 1334 perficiat.
808 1274 922 1318 Dixit
940 1275 1054 1318 enim
1072 1283 1116 1317 et
1133 1273 1312 1332 quidam
1331 1273 1510 1318 credens
1526 1283 1568 1317 et
1586 1272 1802 1318 titubans:
1854 1297 1855 1326 3

422 1365 440 1386 «
476 1344 634 1399 Credo,
651 1344 850 1399 Domine,
875 1343 1031 1404 adjuva
1052 1343 1402 1388 incredulitatem
1423 1345 1608 1388 meam3.
1628 1347 1679 1388 In
1702 1359 1806 1388 con·
1854 1334 1855 1342 ἵ

423 1436 440 1456 »
476 1424 628 1474 spectu
650 1424 726 1459 tuo
753 1422 855 1458 sunt
877 1429 1026 1458 omnes
1046 1413 1305 1457 tribulantes
1333 1428 1403 1456 me
1419 1415 1449 1456 ⁴.
1480 1433 1498 1454 »
1531 1417 1671 1466 Quare
1698 1413 1807 1457 mihi
1853 1434 1855 1467 j

417 1487 471 1530 sit
495 1485 800 1545 opprobrium,
828 1495 877 1529 tu
899 1485 1027 1539 nosti,
1053 1500 1187 1545 quare
1209 1483 1423 1539 confusio,
1439 1494 1489 1529 tu
1510 1485 1648 1543 nosti,
1673 1500 1807 1544 quare
1852 1488 1855 1534 ἦ
1888 1518 1889 1525 ,

417 1555 695 1610 verecundia,
713 1564 762 1598 tu
779 1554 893 1599 nosti
911 1576 921 1612 3
939 1570 1039 1612 ergo
1058 1570 1160 1598 erue
1177 1570 1247 1598 me
1264 1564 1441 1614 propter
1458 1555 1653 1599 inimicos
1670 1570 1802 1609 meOS,

416 1626 520 1686 quia
538 1635 586 1670 tu
614 1625 728 1669 nosti
750 1626 828 1669 ista
849 1640 944 1668 mea
961 1660 971 1679 ,
990 1624 1053 1668 illi
1076 1640 1166 1668 non
1187 1633 1379 1681 norunt,
1409 1639 1456 1667 ac
1481 1639 1557 1683 per
1577 1625 1663 1668 hoc
1677 1659 1687 1679 ,
1706 1625 1807 1683 quia
1852 1635 1854 1673 ζ
1887 1619 1889 1668 J

417 1698 497 1756 ipsi
525 1697 571 1741 in
602 1705 840 1755 conspectu
865 1704 941 1740 tuo
974 1705 1098 1750 sunt,
1128 1696 1207 1739 ista
1229 1695 1467 1740 nescientes
1491 1710 1580 1739 non
1601 1704 1808 1755 poterunt
1852 1694 1854 1736 ὲ
1888 1704 1889 1732 ³

415 1767 485 1812 vel
500 1767 715 1812 confundi
736 1765 805 1810 vel
821 1766 1000 1825 corrigi,
1017 1765 1096 1809 nisi
1111 1765 1339 1810 manifeste
1357 1781 1426 1810 me
1448 1766 1609 1810 erueris
1630 1775 1806 1826 propter
1852 1776 1853 1830 J

416 1838 614 1882 inimicos
637 1852 772 1881 meos.

476 1911 529 1952 V.
556 1927 573 1947 «
595 1907 892 1968 Opprobrium
915 1907 1156 1966 expectavit
1179 1921 1253 1951 cor
1274 1921 1422 1951 meum
1443 1916 1487 1950 et
1507 1907 1762 1952 miseriam⁵.
1783 1927 1801 1948 »

417 1977 534 2032 Quid
562 1987 649 2033 est,
685 1997 702 2018 «
730 1977 1014 2036 Expectavit?
1040 1997 1057 2017 »
1091 1979 1257 2020 Futura
1288 1977 1367 2021 ista
1399 1975 1628 2036 praevidit,
1657 1976 1805 2021 futura

416 2051 496 2093 ista
515 2049 727 2108 praedixit.
753 2050 851 2093 Non
865 2047 980 2091 enim
996 2047 1117 2091 venit
1134 2046 1190 2091 ad
1213 2046 1346 2091 aliud.
1368 2047 1410 2091 Si
1428 2047 1539 2092 mori
1556 2047 1708 2103 nollet,
1725 2062 1805 2091 nec
1850 2079 1851 2082 η
1887 2073 1889 2091 1

417 2121 533 2165 nasci
566 2119 699 2164 vellet
725 2139 734 2165 ε
765 2134 892 2164 causa
927 2118 1252 2163 resurrectionis
1285 2127 1524 2178 utrumque
1555 2117 1670 2164 fecit.
1709 2122 1804 2164 Duo

417 2191 534 2236 enim
556 2189 758 2250 quaedam
778 2189 903 2234 nobis
920 2190 965 2233 in
981 2203 1138 2247 genere
1159 2188 1352 2232 humano
1370 2198 1474 2232 nota
1496 2197 1640 2244 erant,
1666 2204 1804 2233 unum
1849 2207 1851 2227 2

418 2271 566 2306 autem
581 2261 871 2320 incognitum.
899 2260 1023 2306 Nasci
1046 2260 1208 2320 quippe
1227 2259 1425 2303 homines
1447 2268 1489 2303 et
1506 2259 1616 2303 mori
1637 2259 1802 2303 scieba-

416 2349 513 2377 mus
541 2352 549 2377 :
576 2348 798 2391 resurgere
821 2342 864 2376 et
897 2332 943 2376 in
963 2340 1175 2375 aeternum
1201 2330 1343 2375 vivere
1359 2365 1369 2384 ,
1395 2330 1708 2374 nesciebamus.
1748 2333 1804 2374 Ut
1848 2360 1850 2379 ,

418 2403 666 2449 ostenderet
687 2403 813 2448 nobis
839 2401 960 2463 quod
979 2417 1068 2447 non
1086 2416 1360 2455 noveramus,
1386 2401 1573 2460 suscepit
1594 2400 1682 2445 duo
1704 2416 1803 2461 quae

467 2506 475 2522 ¹
491 2499 559 2531 Gal.
581 2510 627 2541 vt,
651 2499 754 2541 14.—
768 2505 779 2522 ²
794 2498 874 2531 Psal.
894 2508 1047 2539 cxxxviii,
1066 2505 1098 2530 2.
1112 2513 1153 2520 —-
1167 2494 1288 2530 3Marc.
1307 2507 1351 2539 lx,
1371 2497 1425 2529 23.
1438 2513 1479 2520 —
1495 2495 1509 2526 4
1524 2495 1606 2529 Psal.
1625 2507 1733 2538 LXVlIl,
1745 2505 1798 2529 21.

419 2572 459 2578 —
485 2554 499 2579 ⁵
521 2555 603 2588 Ibid.
