1889 3285
445 259 687 290 amanum
718 263 764 290 nv
794 261 997 291 PsALMUM
1029 265 1166 291 Lxxn.
1376 250 1461 291 439

84 328 237 374 Rubro
252 341 402 372 omnes
410 326 576 370 inimici
596 326 894 386 populiillius¹
909 328 1175 372 :moriuntur
1186 328 1232 372 in
1247 328 1462 387 baptismo

83 398 229 443 omnia
248 405 424 457 peccata
445 405 604 440 nostra.
618 396 851 452 Intendite‚
873 396 1025 441 fratres
1049 416 1059 442 ε
1084 401 1186 442 Post
1208 408 1326 442 mare
1351 390 1464 443 illud

81 468 287 513 Rubrum
304 483 393 511 non
406 468 616 511 continuo
631 467 768 526 patria
790 468 934 523 datur,
946 482 1028 512 nec
1041 477 1249 528 tanquam
1258 470 1347 529 jam
1364 470 1459 514 hos-

83 547 146 582 tes
167 538 308 581 desint
322 571 333 592 ‚
351 552 498 581 secure
520 538 830 595 triumphatur,
854 537 929 582 sed
947 546 1078 582 restat
1100 539 1231 581 eremi
1248 537 1436 583 solitudo
1449 574 1460 592 ‚

80 618 245 655 restant
280 609 423 652 hostes
454 607 706 652 insidiantes
727 608 773 652 in
796 609 864 653 via
890 628 900 653 :
933 609 991 652 sic
1022 617 1065 652 et
1082 618 1180 668 post
1200 608 1463 668 baptismum

81 687 214 723 restat
234 678 321 722 vita
339 677 570 722 christiana
598 678 644 721 in
675 677 1002 722 tentationibus.
1030 681 1081 721 In
1096 677 1171 722 illa
1201 693 1346 723 eremo
1369 695 1465 723 sus—

80 749 305 809 pirabatur
313 749 462 807 patriae
480 749 699 807 promissae
721 767 730 793 z
755 748 862 808 quid
875 748 995 792 aliud
1006 749 1239 793 Christiani
1252 750 1466 809 suspirant

76 821 166 880 jam
188 819 327 863 abluti
349 818 564 877 baptismo
578 820 596 860 ‘3
617 818 841 878 Numquid
853 820 945 878 jam
959 828 1143 878 regnant
1156 835 1256 863 cum
1267 820 1464 865 Christo?

80 888 285 935 Nondum
305 897 487 933 ventum
504 888 644 932 estad
661 898 819 932 terram
840 889 1133 948 promissionis
1151 899 1340 934 nostram
1353 890 1466 944 ,sed

78 965 170 1005 non
190 957 458 1003 defecturam
476 993 488 1013 ,
521 973 610 1002 non
641 958 758 1001 enim
789 958 852 1001 ibi
882 958 1087 1002 deficient
1120 959 1274 1016 hymni
1308 960 1461 1004 David.

79 1032 175 1074 Hoc
195 1029 328 1074 modo
345 1028 527 1073 audiant
549 1044 697 1072 omnes
713 1027 885 1083 fideles,
904 1029 1041 1073 sciant
1053 1029 1131 1072 ubi
1143 1031 1228 1073 sint
1241 1029 1305 1074 :in
1322 1015 1466 1074 eremd

78 1108 181 1145 sunt
197 1133 210 1154 ‚
245 1100 397 1158 patriae
424 1099 656 1158 suspirant.
688 1099 850 1142 Mortui
871 1108 973 1142 sunt
992 1099 1136 1143 hostes
1159 1099 1203 1142 in
1224 1099 1462 1158 baptismo,

78 1170 155 1215 sed
163 1170 441 1229 insequentes
451 1185 474 1212 a
488 1178 610 1227 tergo
619 1171 637 1212 Ρ
646 1167 764 1221 Quid
778 1177 856 1224 est,
872 1169 1148 1228 insequentes
1160 1184 1183 1212 a
1196 1170 1344 1228 tergo?
1354 1173 1468 1213 Ante

78 1239 233 1285 faciem
248 1239 398 1284 futura
418 1239 647 1293 habemus,
669 1254 693 1282 a
706 1247 828 1296 tergo
845 1239 1084 1297 praeterita:
1099 1240 1243 1283 omnia
1254 1240 1471 1298 praeterita

77 1318 253 1370 peccata
262 1310 404 1354 deleta
415 1309 571 1353 suntin
580 1308 811 1367 baptismo3
823 1309 982 1368 quibus
990 1308 1121 1353 modo
1132 1301 1468 1365 tentamur-‚non

77 1389 240 1437 atei-go
260 1380 567 1439 insequuntur⁷
586 1377 714 1421 sedin
726 1377 794 1422 via
808 1377 1081 1422 insidiantur.
1097 1379 1222 1423 Unde
1236 1380 1467 1439 Apostolus

77 1450 220 1494 adhuc
241 1450 289 1493 in
308 1450 374 1494 via
387 1450 519 1508 hujus
533 1448 667 1491 eremi
681 1448 941 1492 constitutus
957 1467 967 1494 ι
984 1451 1125 1502 «Quae
1147 1459 1279 1505 retro,
1298 1450 1463 1510 inquit,

79 1539 101 1562 >2
124 1520 313 1575 oblitus,
330 1519 375 1563 in
383 1535 432 1563 ea
443 1535 543 1579 quae
554 1528 653 1562 ante
664 1527 766 1562 sunt
780 1527 994 1573 extenmS,
1006 1519 1248 1564 secundum
1260 1521 1467 1565 intentio-

78 1608 108 1632 »ιΔ
120 1614 122 1620 ·
134 1601 236 1641 nem
248 1604 406 1649 sequor
420 1590 475 1632 ad
496 1587 685 1647 palmam
703 1603 903 1647 supernae
916 1589 1155 1633 vocationis
1169 1589 1247 1632 Dei
1257 1592 1275 1615 ²
1294 1609 1303 1634 :
1323 1607 1344 1630 >›
1366 1598 1465 1633 tan-

75 1676 208 1721 quam
225 1660 388 1704 diceret
402 1692 413 1713 ‚
439 1659 493 1702 'ad
508 1658 689 1717 patriam
713 1657 913 1717 supernae
926 1659 1219 1717 promissionis
1230 1660 1322 1704 Dei.
1340 1659 1467 1705 Etibi

72 1732 178 1791 jam,
194 1727 361 1783 fratres,
378 1730 426 1772 in
453 1743 598 1771 eremo
614 1727 832 1787 quidquid
852 1743 1000 1787 passus
1018 1738 1087 1773 est
1104 1729 1178 1773 ille
1201 1730 1404 1789 populus,
1426 1740 1468 1775 et

75 1798 293 1860 quidquid
310 1798 369 1842 eis
379 1801 493 1842 Deus
505 1797 684 1855 largitus
701 1806 779 1851 est,
795 1813 1086 1858 quaecumque
1099 1799 1172 1843 illa
1185 1799 1353 1857 flagella
1372 1799 1468 1844 fue-

79 1878 202 1923 runt,
213 1883 505 1928 quaecumque
515 1866 648 1921 dona,
660 1867 993 1924 significationes
1009 1877 1110 1912 sunt
1126 1884 1268 1912 rerum
1281 1904 1292 1924 ‚
1303 1871 1470 1929 quasin

76 1941 160 1984 hac
178 1937 414 1983 solitudine
427 1939 555 1997 hujus
569 1938 670 1981 vitae
683 1937 956 1982 ambulantes
966 1938 1012 1981 in
1023 1939 1210 1994 Christo,
1226 1948 1470 1999 quaerentes

75 2010 262 2070 patriam
282 2043 294 2064 ‚
331 2017 375 2052 et
405 2007 638 2067 accipimus
672 2007 727 2051 ad
758 2008 1100 2054 consolationem
1126 2018 1168 2053 et
1195 2009 1386 2069 patimur
1413 2010 1468 2054 ad

76 2080 399 2140 probationem.
420 2081 519 2123 Non
541 2093 643 2135 ergo
668 2078 827 2122 mirum
849 2114 860 2134 ,
898 2079 999 2139 quia
1030 2078 1139 2123 illud
1170 2079 1330 2126 defecit
1350 2080 1470 2141 quod

77 2149 294 2208 figurabat
313 2148 530 2194 futurum.
552 2151 660 2193 Nam
681 2148 919 2208 perductus
931 2158 995 2193 est
1012 2149 1200 2210 populus
1213 2150 1268 2195 ad
1282 2152 1462 2210 patriam
1486 2152 1496 2162 '

77 2219 396 2280 promissionis,
428 2217 646 2278 numquid
677 2233 846 2279 semper
867 2222 1113 2265 staturam?
1137 2221 1180 2265 Si
1211 2221 1294 2265 hoc
1323 2229 1432 2265 esset
1447 2251 1460 2276 5

78 2306 169 2335 non
190 2295 298 2334 esset
314 2290 473 2347 figura,
492 2289 566 2333 sed
581 2305 661 2334 res.
679 2290 790 2343 Quia
811 2305 913 2335 vero
930 2292 1068 2348 figura
1089 2300 1196 2346 erat,
1214 2285 1269 2335 ad
1295 2300 1460 2352 tempo-

79 2359 168 2404 rale
187 2358 396 2419 quiddam
412 2359 648 2418 perductus
665 2367 728 2403 est
757 2359 830 2404 ille
856 2359 1058 2420 populus.
1087 2361 1129 2406 Si
1147 2360 1202 2405 ad
1225 2361 1461 2421 temporale

81 2429 291 2490 quiddam
311 2429 547 2489 perductus
568 2439 654 2486 est,
675 2431 904 2490 oportebat
914 2440 965 2475 ut
977 2431 1203 2488 deficeret,
1227 2441 1271 2476 et
1287 2431 1461 2477 defectu

82 2516 161 2551 suo
191 2509 421 2559 cogeretur
454 2510 650 2560 quaerere
674 2501 795 2560 quod
822 2516 1051 2561 nunquam
1079 2501 1297 2547 deficeret

110 2575 144 2607 Γπ
166 2584 264 2616 Exod.
283 2583 490 2625 x1v‚23‚24.
516 2601 558 2607 -
577 2590 590 2607 2
610 2583 723 2626 Philip.
742 2590 788 2625 m,
818 2584 870 2624 13,
895 2583 946 2624 '¹4-
