1889 3285
428 277 668 307 ENARRATIO
700 282 745 308 IN
776 280 978 308 PsALMmr
1011 282 1163 307 Lxxin.
1393 267 1471 307 481

106 359 126 382 »
161 350 307 385 catum
329 357 474 386 meum
492 344 689 402 cognovi,
715 353 757 388 et
780 343 946 389 facinus
963 360 1109 388 meum
1127 360 1214 388 non
1237 343 1426 403 operui1.
1458 363 1475 383 »

103 413 246 465 Quare
262 413 281 454 ‘3
297 413 407 466 Quia
423 412 596 458 locutus
617 424 680 458 est
701 419 852 459 Petrus
875 415 1132 459 mirantibus
1152 414 1319 473 linguas
1340 417 1480 458 Israe-

100 481 218 540 litis3
248 483 455 543 quoniam
490 484 571 543 ipsi
614 484 868 529 occiderunt
900 485 1119 530 Christum
1137 520 1147 539 ‚
1173 500 1273 529 cum
1304 493 1482 544 propter

101 550 196 596 illos
230 552 382 596 missus
411 553 464 598 sit
496 554 706 599 Christus.
737 574 756 597 ‹<
782 557 877 600 Hoc
909 555 1075 610 audito,
1109 554 1360 613 compuncti
1382 562 1485 597 sunt

105 640 127 664 »
161 623 308 678 corde,
334 632 377 668 et
404 624 607 670 dixerunt
635 625 689 670 ad
709 626 938 685 Apostolos
965 646 974 670 ε
995 625 1110 680 Quid
1132 640 1232 683 ergo
1248 623 1487 669 faciemus?

107 713 126 735 »
160 693 290 739 dicite
308 695 448 739 nobis.
474 698 531 739 Et
548 695 766 755 Apostoli:
783 697 907 755 Agite
929 696 1248 756 poenitentiam,
1275 704 1317 739 et
1337 694 1482 753 bapti-

107 784 125 806 »
160 773 282 809 zetur
321 767 621 826 unusquisque
661 777 849 812 vestrum
882 768 927 811 in
959 767 1135 812 nomine
1170 765 1343 811 Domini
1383 767 1486 809 Jcsu

103 853 125 876 »
159 836 343 887 Christi;
378 845 421 880 et
446 836 720 882 dimittentur
745 838 867 882 vobis
898 847 1074 896 peccata
1106 840 1286 881 vestra2.
1321 854 1340 877 »
1374 835 1485 888 Quia

102 919 204 965 ergo
225 921 304 965 per
323 907 627 966 poenitentiam
648 906 859 952 confessio
881 906 995 952 facta
1016 917 1080 951 est
1106 926 1115 952 :
1138 926 1158 949 «
1181 910 1244 952 Ne
1262 905 1488 950 tradideris

105 992 126 1017 >›
160 976 306 1020 bestiis
330 977 515 1021 animam
539 978 820 1023 confitentem
832 978 959 1022 tibi.»
977 981 1135 1030 Quare,
1161 996 1179 1018 «
1196 977 1487 1021 Confitentem

104 1063 125 1088 κ)
160 1047 266 1090 tibi?
287 1047 399 1100 Quia
421 1063 651 1093 conversus
687 1063 783 1092 sum
806 1049 852 1092 in
871 1063 1087 1103 aerumna,
1123 1047 1230 1091 dum
1258 1047 1490 1106 configitur

104 1135 125 1158 »
160 1117 355 1176 spina3.»
382 1119 646 1178 Compuncti
668 1129 770 1163 sunt
791 1118 944 1175 corde3
970 1127 1012 1162 et
1027 1117 1128 1162 facti
1143 1127 1244 1162 sunt
1259 1117 1491 1161 aerumnosi

102 1187 376 1247 poenitendo,
403 1189 479 1249 qui
501 1189 675 1233 fuerant
703 1189 874 1247 gloriosi
906 1188 1138 1232 saeviendo.
1175 1191 1276 1233 «Ne
1298 1187 1490 1231 tradide-

106 1275 126 1298 »
162 1257 218 1301 ris
240 1257 386 1302 bestiis
421 1259 610 1302 animam
645 1260 931 1303 confitentem
964 1258 1059 1302 tibi.
1087 1276 1107 1299 υ
1135 1258 1303 1310 Quibus
1324 1257 1487 1313 bestiis,

103 1327 185 1371 nisi
206 1343 391 1387 quarum
422 1329 562 1387 capita
582 1328 767 1372 contrita
787 1337 888 1371 sunt
910 1342 1038 1386 super
1061 1329 1249 1387 aquam?
1272 1328 1383 1380 Quia
1401 1327 1492 1370 dic-

102 1405 172 1441 tus
192 1406 253 1440 est
280 1397 432 1452 bestia,
457 1397 542 1452 leo,
569 1407 612 1441 et
633 1397 779 1452 draco,
812 1397 902 1455 ipse
926 1396 1139 1440 diabolus.
1170 1396 1295 1451 Noli,
1316 1397 1458 1457 inquit
1475 1431 1486 1451 ,

102 1466 207 1512 dare
223 1466 396 1510 diabolo
418 1476 461 1510 et
485 1467 645 1525 angelis
664 1468 754 1526 ejus
777 1465 964 1509 animam
989 1467 1268 1509 confitentem
1290 1466 1386 1509 tibi.
1407 1469 1492 1509 Dc-

103 1545 227 1581 voret
247 1552 438 1596 serpens,
462 1537 494 1580 si
512 1537 654 1580 adhuc
684 1545 854 1579 terrena
877 1535 1010 1593 sapio,
1035 1535 1069 1578 si
1085 1543 1256 1578 terrena
1274 1535 1488 1590 desidero,

103 1608 138 1651 si
158 1607 302 1652 adhuc
328 1608 373 1651 in
394 1607 611 1666 promissis
639 1607 806 1650 Veteris
830 1606 1114 1660 Testamenti,
1139 1608 1261 1650 Novo
1283 1605 1489 1660 revelato⁷

104 1692 321 1721 remaneo.
343 1678 455 1721 Cum
483 1686 627 1720 autem
641 1677 732 1735 jam
756 1675 1028 1734 deposuerim
1051 1675 1315 1733 superbiam,
1339 1684 1382 1719 et
1397 1677 1492 1735 jus-

106 1747 247 1791 titiam
276 1762 418 1790 meam
441 1761 530 1789 non
555 1761 801 1804 agnoscam,
827 1744 904 1788 sed
926 1745 1105 1803 gratiam
1133 1753 1279 1802 tuam3
1303 1761 1392 1789 non
1414 1746 1493 1789 ha-

105 1818 238 1862 beant
257 1817 304 1861 in
326 1832 394 1861 me
415 1816 613 1876 superbae
645 1816 794 1859 bestiae
822 1823 1093 1874 potestatem.
1130 1833 1151 1856 «
1180 1817 1245 1859 Ne
1264 1814 1491 1860 tradideris

109 1905 131 1930 »
165 1888 312 1938 bestiis
326 1889 512 1932 animam
530 1888 811 1932 confitentem
830 1886 924 1930 tibi.
946 1885 1123 1930 Animas
1134 1901 1375 1945 pauperum
1390 1895 1491 1932 tuo-

108 1976 130 2000 »
164 1973 262 2001 rum
273 1973 327 2002 ne
342 1957 605 2002 obliviscaris
619 1958 664 2000 in
673 1958 820 2001 finem.
833 1977 850 1998 »
868 1956 1028 2000 Divites
1040 1971 1226 2011 eramus,
1245 1955 1376 2001 fortes
1393 1973 1489 2002 era-

105 2044 226 2087 mus3
257 2028 333 2072 sed
355 2027 520 2072 siccasti
541 2028 694 2072 fluvios
715 2028 877 2071 Etham
910 2046 918 2071 ε
943 2028 1033 2087 jam
1064 2027 1196 2071 modo
1220 2043 1309 2071 non
1330 2029 1492 2073 consti-

106 2099 269 2144 tuimus
282 2098 492 2159 justitiam
512 2107 729 2153 nostram,
750 2096 825 2142 sed
847 2097 1118 2156 agnoscimus
1139 2097 1320 2156 gratiam
1340 2107 1458 2143 tuam
1478 2120 1489 2156 3

105 2184 316 2229 pauperes
348 2184 522 2223 sumus,
549 2168 702 2212 exaudi
725 2166 945 2211 mendicos
973 2176 1084 2211 tuos.
1114 2169 1211 2211 Jam
1239 2183 1329 2212 non
1356 2169 1491 2213 aude-

106 2255 203 2284 mus
219 2238 368 2284 oculos
391 2238 446 2282 ad
470 2237 632 2283 coelum
654 2237 813 2292 levare,
838 2238 911 2282 sed
933 2237 1220 2297 percutientes
1242 2254 1373 2298 pecus
1390 2255 1492 2284 nos-

107 2319 225 2356 trum
248 2310 430 2355 dicimus
452 2329 461 2354 :
490 2329 511 2353 ι(
529 2310 728 2364 Domine,
753 2309 965 2369 propitius
987 2318 1078 2353 esto
1099 2309 1205 2353 mihi
1223 2311 1438 2369 peccatori
1453 2312 1484 2354 ⁴.

111 2398 134 2422 ³)
168 2381 344 2425 Animas
365 2395 607 2440 pauperum
619 2390 795 2424 tuorum
812 2394 867 2422 ne
884 2378 1144 2422 obliviscaris
1163 2379 1210 2422 in
1231 2380 1378 2423 finem.
1409 2400 1428 2421 »

166 2454 334 2497 XXIII.
360 2470 380 2494 «
398 2452 580 2511 Respice
601 2452 646 2495 in
667 2459 974 2495 testamentum
990 2458 1132 2493 tuum.
1163 2470 1180 2491 »
1201 2450 1354 2494 Redde
1368 2450 1488 2510 quod

162 2555 172 2572 ¹
192 2548 274 2581 psal.
303 2559 402 2590 xxm,
421 2548 473 2581 25.
505 2564 546 2571 —-
565 2554 578 2571 ²
598 2549 671 2580 Aer.
690 2559 711 2579 ιι
728 2571 735 2586 ,
753 2546 792 2588 37
813 2571 819 2586 ,
851 2544 903 2577 38.
931 2562 971 2568 ——
990 2543 1003 2567 3
1030 2545 1109 2577 Psat.
1141 2556 1214 2577 xxm
1230 2571 1238 2585 ,
1258 2544 1291 2587 4.
1311 2545 1385 2575 -4
1411 2549 1488 2579 Luc.

114 2615 205 2646 xvm,
228 2605 279 2637 13.

302 2667 422 2698 cxvi.
1259 2656 1305 2694 31
