1889 3285
0 0 12 201 q

0 261 11 408 εἰ

1 424 5 439 9

389 277 631 308 ENARRATto
662 280 708 307 IN
738 277 941 308 PsALMUM
972 281 1108 308 van.
1342 264 1427 305 267

45 348 253 405 Egressus
275 347 366 406 ejus
382 344 662 403 intelligitur,
687 361 788 390 cum
811 355 989 407 apparet
1020 346 1065 389 in
1092 344 1297 405 operibus
1325 343 1425 388 suis.

30 419 236 476 ‘Apparet
257 425 403 460 autem
426 431 516 460 non
537 416 759 471 omnibus,
787 417 862 460 sed
883 416 941 460 eis
962 415 1038 476 qui
1059 423 1275 460 noverunt
1298 429 1429 474 opera

44 487 135 547 ejus
149 486 324 530 intueri.
340 488 445 531 Non
458 485 571 529 enim
594 501 641 529 ea
664 502 782 530 nunc
801 501 929 546 opera
946 485 1059 540 dico,
1079 485 1311 544 conspicua
1327 492 1430 528 sunt

43 556 262 612 omnibus,
279 555 457 611 coelum,
475 565 518 600 et
530 565 707 610 terram,
726 566 769 600 et
783 573 916 611 mare,
936 565 979 600 et
990 555 1188 613 universa
1202 570 1301 615 quae
1312 555 1358 598 in
1370 555 1429 599 eis

43 635 146 671 sunt
160 647 171 685 3
185 627 260 670 sed
272 641 400 686 opera
415 625 575 686 quibus
594 645 610 667 «
628 626 789 671 Educit
801 626 1071 687 compeditos
1087 626 1134 669 in
1151 624 1426 680 fortitudine,

45 713 68 738 »
88 696 281 740 similiter
302 696 585 740 amaricantes
613 697 688 756 qui
713 697 914 741 habitant
938 697 983 741 in
1002 695 1233 755 sepulcris,
1262 704 1306 738 et
1327 694 1431 739 facit

45 785 66 809 »
101 782 173 811 eos
201 767 331 811 unius
358 768 489 831 moris
510 767 707 810 habitare
728 767 773 810 in
803 768 948 812 domo.
974 785 993 809 »
1022 767 1090 812 Sic
1112 764 1332 824 egreditur
1353 781 1429 810 co-

41 853 135 882 ram
163 837 329 898 populo
363 853 466 884 suo.
502 837 546 882 id
581 847 644 882 est
662 874 672 892 ,
697 853 842 882 coram
873 839 932 882 eis
972 837 1049 898 qui
1084 837 1210 881 istam
1248 837 1429 896 gratiam

43 910 135 968 ejus
174 907 444 966 intelligunt.
462 908 658 968 Denique
692 908 887 968 sequitur
907 927 916 952 ε
954 927 974 949 «
999 909 1111 952 Cum
1149 907 1351 950 transires
1385 907 1431 949 in

45 996 66 1020 >›
93 977 262 1022 deserto
276 1013 286 1033 ,
311 986 425 1022 terra
441 987 559 1022 mota
577 987 640 1022 est
652 981 683 1022 ¹.
708 997 729 1019 »
747 982 969 1022 Desertum
990 986 1113 1026 crant
1127 979 1285 1021 Gentes
1303 1012 1313 1032 ,
1332 992 1431 1037 quae

41 1048 303 1107 ignorabant
330 1051 469 1092 Deum
497 1067 505 1093 ι
530 1047 747 1093 desertum
774 1058 887 1103 erat,
914 1048 991 1092 ubi
1013 1048 1081 1092 lex
1108 1047 1229 1092 nulla
1256 1048 1312 1091 ab
1336 1047 1430 1106 ipso

42 1121 131 1163 Deo
153 1117 252 1163 data
276 1127 389 1175 erat,
422 1118 500 1162 ubi
528 1119 637 1162 nulli
669 1118 897 1178 Prophetae
918 1117 1241 1172 habitaverant,
1277 1116 1430 1162 Domi-

41 1204 239 1248 numque
254 1205 342 1233 esse
365 1199 599 1233 venturum
623 1188 924 1248 praedixerant.
956 1208 977 1231 «
1001 1191 1113 1233 Cum
1142 1204 1244 1247 ergo
1272 1188 1430 1232 transi-

45 1275 65 1298 »
91 1274 156 1301 res
178 1259 222 1301 in
245 1258 437 1312 deserto,
466 1280 483 1300 »
509 1274 606 1303 cum
626 1259 920 1317 praedicareris
933 1259 977 1302 in
995 1258 1224 1312 Gentibus,
1258 1277 1279 1300 «
1300 1261 1430 1302 Terra

45 1345 66 1368 r,
100 1336 218 1371 mota
239 1336 301 1371 est
319 1362 330 1382 ,
354 1345 374 1367 »
418 1330 577 1370 terreni
611 1328 808 1372 homines
843 1328 898 1372 ad
935 1329 1066 1371 fidem
1102 1328 1279 1371 excitati
1312 1337 1426 1372 sunt.

45 1396 130 1442 Sed
151 1397 270 1440 unde
301 1410 419 1441 mota
456 1406 518 1441 est
535 1401 552 1439 ἱ)
578 1416 598 1439 «
623 1398 797 1442 Etenim
820 1398 919 1443 coeli
935 1398 1255 1443 distillaverunt
1272 1415 1295 1443 a
1323 1398 1432 1444 facie

43 1485 65 1509 ³)
101 1468 200 1512 Des
216 1486 237 1508 )›
260 1468 457 1512 Forsitan
474 1468 544 1512 hic
567 1468 721 1528 aliquis
737 1469 900 1513 recolat
921 1468 1031 1513 illud
1046 1478 1238 1529 tempus,
1255 1470 1433 1529 quando

42 1537 90 1581 in
106 1536 276 1581 deserto
305 1540 420 1582 Deus
441 1538 652 1582 transibat
674 1554 819 1582 coram
841 1539 1006 1598 populo
1029 1555 1129 1594 suo,
1164 1555 1313 1584 coram
1334 1539 1433 1583 filiis

43 1607 195 1663 Israel,
220 1606 291 1651 die
311 1608 357 1650 in
379 1607 582 1651 columna
605 1608 755 1662 nubis,
781 1617 910 1654 nocte
930 1610 976 1652 in
1011 1608 1182 1667 fulgore
1204 1610 1312 1668 ignis
1327 1613 1370 1668 ²3
1391 1619 1435 1654 et

41 1678 127 1723 hoc
150 1693 239 1723 esse
259 1679 436 1733 sentiat,
460 1678 581 1738 quod
600 1698 620 1720 «
637 1678 750 1724 Coeli
768 1679 1086 1724 distillaverunt
1103 1696 1126 1724 a
1150 1679 1258 1725 facie
1277 1681 1356 1725 Dei
1376 1716 1387 1740 2
1409 1699 1432 1723 »

44 1748 254 1809 quoniam
272 1764 431 1793 manna
452 1748 566 1808 pluit
583 1748 748 1808 populo
769 1751 872 1795 suo³
900 1769 909 1794 z
928 1749 1013 1794 hoc
1048 1750 1177 1794 etiam
1203 1765 1294 1794 esse
1314 1752 1436 1811 quod

43 1819 240 1879 sequitur
263 1837 273 1863 ε
300 1837 320 1861 «
344 1821 471 1863 Mons
503 1819 602 1864 Sina
636 1835 660 1862 a
688 1818 796 1863 facie
830 1819 908 1863 Dei
938 1819 1093 1875 Israel,
1130 1820 1325 1880 pluviam
1355 1837 1436 1866 vo-

44 1906 67 1931 »
92 1884 326 1933 luntariam
358 1904 584 1948 segregans
615 1893 730 1935 Deus
751 1890 995 1935 haereditati
1012 1893 1156 1947 tuae4,
1196 1910 1216 1933 »
1253 1893 1354 1953 quia
1390 1893 1437 1939 in

42 1969 194 2004 monte
219 1959 319 2004 Sina
338 1958 511 2004 locutus
530 1970 593 2004 est
611 1964 724 2005 Deus
748 1960 801 2005 ad
814 1963 996 2019 Moysen
1010 1964 1024 1988 ⁵
1043 1997 1054 2018 ,
1078 1963 1255 2023 quando
1277 1967 1437 2023 Legem

44 2029 166 2074 dedit
186 2049 195 2074 :
215 2038 266 2073 ut
288 2045 448 2075 manna
470 2031 525 2075 sit
547 2030 694 2090 pluvia
726 2030 970 2076 voluntaria
987 2067 998 2086 ,
1036 2045 1168 2093 quam
1199 2035 1438 2094 segregavit

44 2103 159 2145 Deus
181 2100 424 2143 haereditati
450 2116 562 2156 suae,
589 2099 635 2144 id
652 2110 715 2145 est
726 2109 743 2156 ,'
756 2101 921 2161 populo
948 2117 1050 2160 suo,
1083 2103 1183 2163 quia
1218 2103 1331 2149 solos
1366 2120 1438 2150 eos

44 2170 104 2214 ita
122 2170 262 2230 pavit,
287 2185 377 2214 non
399 2179 443 2215 et
473 2180 652 2215 caeteras
673 2173 831 2215 Gentes
858 2190 867 2216 :
892 2181 943 2216 ut
964 2173 1085 2234 quod
1111 2172 1270 2218 deinde
1296 2174 1401 2220 dicit
1428 2195 1438 2221 ε

50 2258 71 2282 «
94 2243 152 2285 Et
169 2240 386 2285 infirmata
409 2249 488 2296 est,
503 2259 524 2282 »
549 2241 640 2300 ipsa
661 2240 888 2285 haereditas
908 2242 1126 2287 infirmata
1144 2243 1436 2304 intelligatur-3

46 2311 253 2372 quoniam
268 2321 606 2367 murmurantes,
631 2328 792 2357 manna
811 2311 1019 2357 fastidiosi
1039 2325 1313 2374 respuerunt,
1331 2315 1438 2361 desi-

45 2382 244 2425 derantes
257 2396 373 2425 escas
390 2381 604 2433 carnium,
619 2390 662 2425 et
675 2397 724 2426 ea
737 2382 896 2442 quibus
916 2383 1031 2428 vesei
1050 2385 1094 2429 in
1118 2387 1314 2446 AEgypto
1336 2402 1438 2430 con-

46 2459 273 2508 sueverant
288 2452 320 2494 ⁶.
344 2450 428 2495 Sed
444 2451 490 2494 in
510 2451 575 2495 his
589 2451 766 2496 verbissi
784 2453 1021 2512 proprietas
1039 2454 1347 2500 tantummodo
1367 2455 1437 2499 lit-

95 2554 105 2570 ¹
126 2548 206 2580 Psat.
227 2559 369 2591 van,9.
384 2548 559 2580 —2E'xod.
581 2560 647 2590 xm,
667 2558 721 2581 21.
742 2566 784 2572 —
805 2548 818 2572 3
837 2551 884 2583 Id.
909 2561 975 2592 xw,
1001 2551 1052 2584 13.
1069 2550 1137 2576 -4
1158 2551 1239 2584 Psal.
1259 2562 1357 2593 van,
1381 2563 1433 2585 10.

51 2620 91 2628 ·—
108 2602 122 2627 5
143 2605 243 2635 Exod.
268 2615 331 2645 xix,
351 2604 403 2640 18.
425 2621 465 2627 —
489 2602 505 2627 6
520 2606 611 2637 Num.
639 2616 683 2645 xi,
703 2604 735 2645 5,
759 2606 794 2637 G.
