1889 3285
430 235 513 272 220
855 242 889 271 s.
925 242 1154 273 Anaus‘nm
1186 246 1367 273 Emscom

425 309 528 368 quia
557 323 646 352 non
676 318 738 352 est
767 308 929 352 electus
951 308 1064 353 inter
1084 309 1322 369 Discipulos
1355 309 1409 353 ab
1437 308 1534 363 illo,
1568 306 1644 367 qui
1673 304 1804 350 stulta
1851 328 1854 334 ,
1882 338 1887 357 .

426 379 580 422 mundi
605 379 723 437 prius
750 377 922 436 elegit¹‚
947 393 1047 422 cum
1068 387 1237 422 tantum
1264 380 1302 422 ei
1323 377 1590 438 perhibuerit
1612 376 1805 420 testimo·
1852 392 1856 406 ¹·
1879 389 1889 426 (ᾗ

426 448 548 492 nium
566 449 774 493 Dominus
788 448 933 492 dicens
953 468 961 493 ε
983 467 1003 490 ι(
1017 451 1129 493 Ecce
1149 464 1250 492 vere
1272 448 1478 503 Israelita,
1500 449 1546 492 in
1568 463 1656 507 quo
1678 445 1804 490 dolus

429 536 449 558 »
484 534 571 562 non
597 528 673 562 est.
702 538 721 559 »
747 519 889 577 Elegit
911 534 1011 575 ergo
1029 519 1238 562 Dominus
1259 528 1406 578 postea
1428 529 1471 562 et
1492 526 1706 573 oratores3
1730 515 1805 560 sed

423 587 486 631 illi
519 590 815 648 superbirent,
848 590 881 632 si
909 605 998 632 non
1027 590 1145 648 prius
1178 589 1354 648 eligeret
1384 590 1614 648 piscatores
1643 607 1651 632 :
1678 587 1806 644 elegit
1854 571 1865 692 J

424 657 603 717 divites,
629 659 704 703 sed
721 659 915 703 dicerent
938 660 1090 704 merito
1114 659 1359 703 divitiarum
1385 674 1560 703 suarum
1583 673 1626 701 se
1647 657 1804 701 electos

425 744 536 784 esse,
572 731 653 774 nisi
682 731 822 789 primo
858 730 1053 788 elegisset
1086 745 1295 790 pauperes
1325 749 1333 774 :
1367 729 1496 787 elegit
1523 729 1805 787 imperatores
1846 743 1864 786 ιη

424 809 599 857 postea·7
623 799 697 843 sed
720 800 873 843 melius
891 809 953 843 est
977 809 1026 843 ut
1043 803 1226 844 Romam
1249 816 1349 844 cum
1365 800 1533 843 venerit
1553 800 1802 858 imperator,
1846 790 1889 854 34¹5,

424 869 620 930 deposito
642 870 901 925 diademate,
918 870 1058 930 ploret
1077 870 1130 914 ad
1148 871 1409 914 memoriam’
1423 870 1658 929 piscatoris,
1675 884 1806 929 quam
1844 882 1863 924 213

424 949 473 984 ut
506 940 692 999 piscator
723 941 863 999 ploret
895 940 948 984 ad
978 941 1228 984 memoriam
1260 941 1544 1000 imperatoris.
1584 959 1604 981 «
1631 939 1807 983 Infirma
1844 937 1889 995 iifl

427 1029 447 1051 >›
483 1011 597 1054 enim
620 1013 770 1055 mundi
795 1011 923 1070 elegit
946 1015 1058 1056 Deus
1075 1047 1085 1066 ,
1110 1021 1159 1055 ut
1182 1010 1424 1055 confundat
1448 1010 1576 1055 fortia
1593 1032 1604 1067 3
1623 1020 1666 1053 et
1682 1010 1807 1068 igno·
1844 1019 1889 1066 ξ

427 1098 446 1120 »
481 1080 584 1124 bilia
606 1081 759 1125 mundi
784 1081 934 1140 elegit,
961 1091 1003 1125 et
1024 1074 1204 1141 eisquae
1232 1097 1322 1125 non
1344 1090 1447 1125 sunt
1472 1090 1681 1140 tanquam
1709 1096 1807 1139 quae
1843 1098 1878 1119 ,μ

426 1168 446 1190 »
482 1161 603 1205 sunt,
628 1160 678 1194 ut
701 1167 749 1195 ea
771 1167 870 1211 quae
900 1161 1001 1195 sunt
1022 1161 1300 1195 evacuentur.
1325 1169 1345 1191 »
1372 1154 1429 1195 Et
1448 1150 1554 1210 quid
1584 1149 1807 1209 sequitur?
1842 1141 1844 1158 ³
1873 1187 1879 1207 ‚

423 1221 646 1266 Conclusit
668 1221 900 1280 Apostolus
920 1242 928 1266 z
951 1225 1039 1266 «Ut
1056 1238 1144 1266 non
1169 1222 1377 1280 glorietur
1398 1237 1542 1266 coram
1558 1224 1647 1264 Deo
1667 1221 1806 1264 omnis
1858 1247 1880 1269 κ,

425 1310 444 1331 »
481 1296 621 1336 car02.
650 1311 669 1333 »
696 1292 850 1336 Videte
867 1292 1241 1352 quemadmodum
1260 1292 1385 1336 nobis
1405 1290 1584 1335 abstulit
1607 1291 1803 1350 gloriam,
1846 1327 1848 1334 .
1875 1337 1878 1343 ,

421 1371 472 1406 ut
493 1362 614 1406 daret
633 1363 811 1421 gloriam
826 1363 1025 1408 :abstulit
1042 1372 1249 1416 nostram,
1268 1372 1318 1406 ut
1330 1363 1451 1406 daret
1466 1378 1608 1406 suam:
1629 1362 1808 1406 abstulit
1844 1362 1875 1428 J

421 1432 619 1487 inanem,
652 1443 701 1476 ut
732 1433 854 1477 daret
881 1432 1083 1492 plenam3
1121 1432 1299 1477 abstulit
1324 1442 1581 1487 nutantem,
1616 1442 1665 1476 ut
1686 1432 1807 1476 daret
1844 1430 1889 1497 {tt

421 1501 616 1546 solidam.
642 1505 815 1555 Quanto
833 1518 935 1560 ergo
954 1502 1089 1559 gloria
1111 1511 1257 1547 nostra
1279 1503 1434 1547 fortior
1448 1511 1491 1546 et
1507 1503 1686 1556 firmior,
1706 1503 1806 1562 quia
1843 1502 1877 1559 i]

421 1572 466 1616 in
497 1575 587 1616 Deo
615 1574 707 1616 est?
730 1575 826 1616 Non
850 1587 950 1630 ergo
973 1573 1016 1616 in
1041 1582 1083 1616 te
1111 1572 1244 1617 debes
1267 1572 1439 1630 gloriari
1457 1594 1470 1630 ·,
1489 1573 1714 1632 prohibuit
1733 1588 1807 1617 ve·
1843 1569 1877 1624 θ’,

420 1639 521 1685 ritas
541 1661 548 1686 :
569 1642 644 1685 sed
662 1642 782 1701 quod
804 1643 862 1685 ait
885 1641 1137 1701 Apostolus,
1154 1643 1239 1686 hoc
1253 1643 1464 1702 ,praecepit
1485 1643 1662 1686 veritas:
1690 1643 1806 1695 «Qui
1843 1658 1876 1695 ι)

421 1711 644 1770 gloriatur,
670 1712 715 1754 in
740 1712 924 1755 Domino
953 1711 1203 1770 glorieturss.
1230 1714 1338 1755 Date
1361 1727 1463 1770 ergo
1489 1711 1668 1769 gloriam
1689 1710 1806 1757 laudi
1842 1711 1889 1771 ξς,-

422 1800 442 1823 »
479 1783 583 1840 ejus.
608 1781 788 1825 »Nolite
811 1782 969 1825 imitari
992 1781 1183 1835 Judaeos,
1208 1782 1282 1841 qui
1297 1782 1419 1842 quasi
1440 1781 1600 1825 meritis
1622 1782 1709 1825 suis
1728 1798 1807 1826 vo-
1840 1795 1875 1839 (Ι

422 1851 573 1895 lebant
587 1851 780 1896 tribueie
797 1842 1125 1912 justificationes
1140 1868 1252 1906 suas,
1268 1861 1310 1895 et
1327 1851 1581 1895 invidebant
1594 1852 1806 1897 Gentibus
1828 1856 1883 1913 ῃ

422 1922 731 1966 accedentibus
756 1922 810 1965 ad
839 1923 1021 1980 gratiam
1043 1921 1360 1980 evangelicam,
1391 1930 1442 1965 ut
1466 1931 1640 1980 peccata
1663 1923 1806 1966 omnia
1838 1919 1889 1983 511,

416 1991 682 2036 donarentur
704 1992 791 2035 eis:
813 1992 935 2052 quasi
955 1991 1124 2035 illinon
1148 1992 1362 2034 haberent
1385 1991 1505 2051 quod
1527 1992 1607 2035 sibi
1625 1991 1802 2036 donare·
1838 2005 1870 2037 43.

418 2071 515 2113 tur3
508 2064 653 2122 jam
679 2062 799 2121 quasi
822 2062 925 2105 boni
944 2061 1141 2120 operarii,
1167 2061 1410 2105 mcicedem
1428 2071 1718 2120 expectantes.
1747 2065 1833 2106 Et*
1829 2051 1889 2117 ’ξ
1887 2121 1889 2125 Ι

418 2147 515 2175 cuni
545 2131 686 2176 adhuc
705 2133 858 2190 aegioti
879 2140 1040 2185 essent,
1061 2146 1185 2174 sanos
1204 2146 1247 2174 se
1270 2131 1614 2190 esscputabant,
1640 2141 1682 2175 et
1700 2131 1801 2175 inde
1830 2095 1889 2187 ἡ

417 2201 697 2260 periculosius
724 2201 1009 2260 {egrotabant⁴
1042 2202 1150 2244 Nam
1175 2201 1209 2244 si
1236 2200 1305 2244 vel
1328 2201 1475 2244 mitius
1499 2210 1801 2258 aegrotassent,
1840 2199 1843 2202 ’

419 2288 506 2316 non
527 2273 648 2331 quasi
668 2273 911 2330 phrenetici
931 2271 1144 2315 medicum
1169 2271 1438 2316 occidissent.
1461 2276 1602 2316 «Date
1622 2271 1803 2331 gloriam
1826 2277 1831 2323 ἑ
1865 2294 1883 2336 J:

421 2360 441 2382 »
475 2341 592 2385 laudi
615 2343 761 2401 ejus.»
1169 2357 1172 2359 ’
1825 2343 1830 2412 0
1884 2393 1889 2408 „

478 2415 529 2455 V.
542 2431 560 2453 «
580 2413 714 2456 Dicite
733 2415 820 2455 Deo
839 2432 846 2455 ε
875 2416 1011 2464 Quam
1031 2411 1221 2455 timenda
1237 2421 1337 2455 sunt
1355 2427 1484 2471 opera
1503 2413 1642 2455 tua⁴.»
1665 2417 1803 2465 Quare
1824 2421 1837 2462 ξ4

418 2481 636 2536 timenda,
679 2491 721 2525 et
756 2497 844 2525 non
887 2482 1093 2525 amanda?
1132 2480 1247 2525 Audi
1279 2481 1406 2525 aliam
1440 2496 1590 2525 vocem
1628 2481 1797 2525 Psalmi.
1823 2483 1834 2535 ,ἶ
1886 2476 1889 2480 ’

463 2572 473 2588 ¹
504 2576 512 2596 1
542 2567 612 2597 Cor.
634 2576 657 2606 1,
677 2574 729 2608 25.
753 2582 793 2588 —·
813 2572 825 2587 ²
845 2564 925 2599 lbid.
948 2574 1060 2608 27-29.
1083 2582 1123 2588 —
1144 2563 1251 2597 3Ibid.
1276 2564 1327 2597 31.
1350 2583 1390 2615 f·
1408 2564 1422 2593 4
1439 2565 1516 2597 psal.
1543 2576 1613 2605 tw,
1634 2565 1664 2596 3.
1822 2538 1872 2614 ii⁴¹

1819 2674 1824 2772 ἒ

1818 2811 1822 2870 2
