1889 3285
452 282 694 311 ENARRATIO
726 286 771 312 ΙΝ
804 284 1007 313 PsALMUM
1040 287 1127 312 in.
1382 273 1461 313 147

82 349 322 408 praestitum
341 357 404 392 est
419 347 474 392 de
496 348 712 393 dominica
734 351 931 409 passione
947 385 958 405 ,
983 350 1289 409 imputandum
1305 359 1368 395 est
1382 351 1467 395 ini-

82 419 180 479 quis
201 417 551 462 interfectoribus
581 419 774 464 Christi?
804 420 929 464 absit.
964 419 1034 464 Illi
1059 418 1294 465 voluerunt
1320 439 1328 465 :
1353 424 1468 465 Deus

81 489 290 548 permisit.
323 488 392 533 Illi
414 497 620 533 nocentes
647 499 814 545 essent,
847 490 1013 534 etiamsi
1037 489 1344 534 tantummodo
1383 506 1465 536 vo-

80 558 260 603 luissent
285 578 294 603 ε
319 562 434 604 Deus
466 568 610 603 autem
633 575 722 603 non
745 561 1026 620 permisisset,
1052 560 1133 604 nisi
1149 560 1316 620 justum
1339 569 1462 604 esset.

82 627 328 673 Voluerunt
355 628 553 687 occidere
585 649 593 674 :
627 645 744 689 pone
775 631 876 690 quia
909 645 998 675 non
1025 638 1264 690 potuerunt
1296 629 1470 690 :iniqui

82 709 246 755 essent,
270 699 502 744 homicidae
519 709 661 745 essent
681 720 691 757 3
715 701 810 761 quis
823 701 1044 746 dubitaret
1057 703 1075 745 Ρ
1088 701 1327 745 «Dominus
1349 701 1468 744 enim

87 788 108 811 1)
122 770 359 829 interrogat
368 771 534 830 justum
547 779 589 814 et
603 771 805 830 impium1
820 789 858 816 z»
870 780 928 827 et,
940 788 959 813 «
971 774 1024 816 In
1036 771 1370 830 cogitationibus
1383 770 1469 814 im-

85 857 107 883 »
120 841 181 900 pii
193 841 474 900 interrogatio
489 842 603 885 erit2.
613 842 825 887 »Discutit
835 845 949 886 Deus
958 841 1064 903 quid
1073 842 1254 902 quisque
1264 840 1465 897 volucrit,

83 924 172 957 non
185 911 293 973 quid
306 913 510 972 potuerit.
528 916 642 971 Ergo
656 914 689 958 si
706 914 958 969 voluissent,
975 922 1018 958 et
1038 929 1128 958 non
1146 913 1408 973 potuissent,
1427 921 1471 957 et

82 998 171 1028 non
184 983 440 1028 occidissent
456 1019 467 1039 ,
482 984 621 1044 iniqui
642 983 705 1028 illi
731 993 1027 1042 remanerent,
1054 984 1134 1028 tibi
1151 984 1310 1028 Christi
1328 983 1470 1043 passio

83 1069 172 1099 non
184 1063 461 1113 praestaretur
483 1074 489 1098 :
514 1054 652 1098 voluit
669 1070 769 1112 ergo
785 1054 925 1098 facere
938 1054 1095 1113 impius
1109 1063 1159 1097 ut
1171 1053 1468 1109 damnaretur,

83 1124 313 1184 permissus
336 1133 467 1168 estut
490 1124 571 1168 tibi
587 1134 865 1184 praestaretur
892 1145 901 1168 ;
922 1123 1042 1183 quod
1053 1123 1209 1179 voluit,
1228 1124 1472 1183 imputatur

85 1194 304 1254 iniquitati
326 1195 474 1254 impii,
496 1193 616 1254 quod
635 1194 867 1254 permissus
888 1203 974 1249 est,
1007 1194 1248 1253 imputatur
1269 1194 1474 1254 potestati

85 1265 177 1309 Dei.
205 1265 284 1309 Ille
306 1281 408 1324 ergo
431 1266 579 1324 inique
596 1265 758 1320 voluit,
785 1269 897 1309 Deus
909 1267 1025 1325 juste
1056 1266 1265 1324 permisit.
1294 1268 1471 1325 Itaque,

85 1334 239 1380 fratres
260 1336 366 1389 mei,
393 1345 436 1379 et
459 1335 592 1378 Judas
609 1335 824 1393 malignus
847 1335 1030 1380 traditor
1047 1335 1233 1390 Christi,
1261 1345 1304 1378 et
1324 1351 1473 1394 perse-

88 1415 260 1450 cutores
281 1405 469 1459 Christi,
495 1404 676 1463 maligni
694 1420 864 1460 omnes,
879 1405 1003 1464 impii
1025 1421 1174 1450 01111165
1190 1441 1200 1461 ,
1223 1406 1362 1467 iniqui
1384 1422 1476 1450 om-

86 1490 161 1519 nes
182 1510 192 1529 ,
227 1473 464 1518 damnandi
495 1489 674 1518 omnes:
701 1483 743 1518 et
771 1483 918 1518 tamen
956 1493 976 1516 «
1007 1476 1134 1518 Pater
1164 1476 1339 1535 proprio
1362 1476 1474 1520 Filio

86 1560 202 1589 »suo
214 1559 303 1589 non
315 1543 522 1604 pepercit,
536 1542 611 1586 sed
623 1558 702 1602 pro
719 1543 845 1588 nobis
864 1543 1067 1587 omnibus
1085 1544 1265 1589 tradidit
1275 1544 1466 1589 111111113.»

86 1615 298 1675 Dispone,
334 1614 369 1658 si
399 1623 549 1674 potes,
588 1611 826 1671 distingue,
863 1613 898 1657 si
925 1622 1048 1672 potes
1077 1631 1086 1659 ε
1111 1613 1244 1658 redde
1261 1618 1352 1660 Deo
1372 1625 1475 1661 vota

86 1694 187 1741 tua,
219 1701 318 1745 quae
347 1683 633 1728 distinxerunt
666 1683 780 1727 labia
809 1683 914 1727 tua4
941 1703 949 1727 ε
974 1683 1074 1727 vide
1106 1683 1214 1744 quid
1233 1685 1295 1728 ibi
1322 1684 1475 1730 fecerit

86 1757 262 1816 iniquus
278 1791 289 1811 ,
309 1754 416 1816 quid
428 1756 584 1815 justus.
611 1753 690 1798 Ille
707 1753 863 1809 voluit,
879 1755 958 1798 iste
970 1754 1165 1813 permisit
1191 1773 1199 1798 ε
1224 1754 1299 1799 1116
1316 1755 1475 1816 injuste

87 1826 254 1881 voluit,
288 1826 367 1870 iste
395 1827 512 1886 juste
545 1825 752 1884 permisit.
775 1824 988 1868 Voluntas
1022 1824 1183 1883 injusta
1214 1824 1473 1882 damnetur,

88 1897 310 1958 permissio
320 1897 436 1956 justa
455 1895 735 1955 glorificetur.
749 1894 863 1948 Quid
876 1894 991 1938 enim
1003 1893 1106 1938 mali
1120 1894 1472 1953 acciditChristo,

88 1969 190 2029 quia
215 1977 412 2012 mortuus
435 1977 499 2012 est
520 1967 741 2013 Christus?
763 1969 821 2011 Et
838 1965 902 2010 illi
916 1964 1020 2009 mali
1043 1975 1166 2022 sunt,
1187 1966 1264 2027 qui
1280 1965 1393 2011 male
1406 1967 1476 2013 fa-

89 2054 186 2084 cere
206 2038 469 2096 voluerunt,
510 2046 553 2081 et
589 2036 699 2081 nihil
725 2035 827 2080 mali
860 2051 1009 2096 passus
1037 2045 1121 2092 est,
1159 2037 1229 2081 cui
1259 2036 1473 2083 fecerunt.

90 2109 237 2155 Occisa
255 2118 319 2153 est
340 2124 439 2154 caro
456 2107 650 2153 mortalis
662 2143 672 2163 ,
694 2107 956 2151 interficiens
971 2116 1157 2152 mortem
1176 2117 1342 2165 morte,
1367 2125 1479 2169 prce-

91 2181 198 2225 bens
224 2179 446 2240 patientiae
474 2179 787 2224 documentum
805 2213 815 2233 ,
851 2177 1119 2238 praemittens
1151 2180 1478 2225 resurrectionis

92 2250 355 2310 exemplum.
392 2253 565 2304 Quanta
608 2250 723 2294 bona
762 2247 876 2294 sacta
912 2258 1014 2293 sunt
1038 2248 1145 2309 justi
1177 2250 1232 2294 de
1262 2251 1379 2296 malo
1405 2251 1478 2295 in-

87 2322 193 2382 justi
213 2324 232 2367 P
254 2322 347 2367 Hoc
376 2324 439 2366 est
470 2336 679 2380 magnum
708 2321 786 2365 Dei
813 2339 821 2365 ;
849 2320 951 2381 quia
978 2329 1021 2364 et
1042 2320 1209 2365 bonum
1234 2322 1355 2381 quod
1375 2320 1482 2367 facis

32 2431 38 2434 .
92 2391 184 2452 ipse·
200 2391 280 2436 tibi
303 2390 424 2436 dedit
443 2426 454 2447 ,
480 2400 524 2435 et
544 2390 599 2435 de
619 2389 734 2435 malo
756 2399 834 2435 tuo
850 2390 941 2450 ipse
962 2390 1075 2434 bene
1098 2388 1214 2435 facit.
1250 2391 1347 2437 Noli
1378 2406 1479 2450 ergo

95 2462 239 2507 mirari
252 2497 263 2518 ,
283 2461 496 2522 permittit
516 2464 631 2506 Deus
646 2496 657 2516 ,
675 2469 718 2505 et
731 2458 895 2520 judicio
911 2460 1126 2520 permittit
1147 2479 1156 2505 ε
1180 2461 1416 2521 permittit,
1437 2469 1481 2506 et

144 2576 153 2594 ¹
173 2569 255 2603 Psal.
276 2580 309 2611 Χ,
324 2568 358 2602 6.
380 2586 421 2592 -
443 2575 456 2592 2
476 2570 549 2611 Sap.
567 2578 590 2610 1,
605 2580 636 2610 9⁷
659 2585 700 2591 —-
719 2566 732 2591 3
755 2570 846 2600 Rom.
872 2579 944 2610 vui,
959 2566 1011 2600 32.
1033 2584 1074 2592 —
1092 2566 1108 2597 4
1127 2567 1208 2600 Psal.
1230 2579 1303 2609 va,
1324 2568 1375 2602 13.

1252 2632 1317 2673 10.
