1889 3285
429 241 451 280 4
460 244 482 280 8
839 249 872 277 S.
908 249 1137 277 Ateus-nm
1172 251 1351 278 miscel-1

426 327 514 361 tem
543 335 551 360 :
581 335 597 355 «
619 314 812 359 Tradidit
840 313 936 358 illos
962 317 1074 358 Deus
1100 314 1145 358 in
1172 313 1542 374 concupiscentias
1565 311 1707 357 cordis
1733 327 1808 356 eo-

425 405 445 428 »
485 389 660 430 1111111.»
687 388 799 429 Εο00
820 384 957 443 ignis,
981 400 1004 426 a
1026 385 1148 444 eujus
1171 383 1280 428 facie
1301 394 1511 443 tanquam
1534 398 1630 427 cera
1652 381 1812 441 liques-

421 465 541 501 cunt.
584 455 820 500 Solvuntur
861 454 977 497 enim
1011 470 1034 497 a
1069 454 1257 513 quadam
1289 453 1529 499 constantia
1557 451 1762 497 eastitatis
1797 470 1807 495 z

421 536 649 587 propterea
678 535 721 569 et
742 525 821 584 ipsi
845 534 996 568 euntes
1023 524 1070 567 in
1100 524 1301 568 libidines
1335 540 1454 579 suas,
1484 523 1615 568 soluti
1637 531 1680 566 et
1706 521 1812 565 fluxi

422 597 643 642 dicuntur.
674 596 797 640 Unde
821 595 951 638 fluxi?
974 593 1090 637 unde
1109 593 1265 638 soluti?
1283 594 1351 638 Ab
1373 594 1473 652 igne
1494 592 1812 651 eoncupiscen-

424 668 596 712 tiarum.
620 686 639 708 «
659 664 851 710 Tradidit
875 664 969 708 illos
986 668 1100 709 Deus
1120 665 1165 709 in
1186 665 1553 724 concupiscentias
1577 662 1718 707 cordis
1737 677 1812 707 eo-

427 756 448 780 1)
484 754 580 782 rum
598 773 608 791 ,
646 746 695 780 ut
723 736 885 780 faciant
911 751 1009 795 quae
1033 751 1123 779 non
1157 736 1447 790 conveniunt,
1479 734 1664 796 repletos
1693 733 1813 777 omni

430 827 448 850 »
484 808 729 868 iniquitate.
757 826 775 848 »
801 810 854 850 Et
880 815 1106 850 enumerat
1136 806 1274 850 multa
1298 822 1396 866 quae
1423 814 1598 864 peccata
1623 813 1746 858 sunt,
1771 812 1815 847 et
1862 842 1864 851 ι

425 894 578 938 poenas
600 877 811 921 dieitesse
833 886 1126 935 peccatorum.
1160 879 1268 921 Nam
1298 876 1606 937 dicitfprimam
1636 889 1815 934 poenam

426 948 694 1008 superbiam,
710 948 797 991 imo
817 963 906 991 11011
924 963 1116 1007 poenam,
1134 947 1208 991 sed
1221 947 1407 1006 primum
1420 955 1649 1005 peccatum
1668 960 1816 1004 super-

427 1019 556 1063 biam.
584 1018 776 1062 Primum
800 1027 1026 1076 peccatum
1057 1017 1257 1077 superbia
1279 1027 1343 1060 est
1369 1036 1377 1061 :
1404 1016 1558 1060 ultima
1593 1030 1725 1074 poena
1753 1023 1817 1058 est

427 1090 535 1147 ignis
557 1099 744 1133 [eternus
761 1123 770 1141 ‚
793 1097 867 1131 aut
888 1088 997 1143 ignis
1014 1086 1234 1144 infernus,
1251 1088 1340 1147 jam
1359 1087 1473 1130 enim
1489 1085 1812 1129 damnatorum.

430 1162 548 1203 Inter
579 1158 689 1203 illud
722 1158 913 1218 primum
935 1167 1162 1217 peecatum
1186 1166 1230 1200 et
1250 1158 1362 1200 hane
1385 1155 1585 1199 ultimam
1610 1170 1785 1214 poenam
1803 1189 1813 1209 ,

429 1228 569 1273 media
603 1245 702 1288 quae
731 1239 857 1283 sunt,
895 1237 938 1271 et
964 1237 1140 1286 peccata
1161 1237 1263 1272 sunt
1286 1236 1329 1271 et
1350 1242 1517 1287 poenoe.
1546 1229 1651 1270 Tam
1678 1224 1818 1270 multa

429 1299 544 1342 enim
567 1299 672 1342 dicit
693 1297 925 1358 Apostolus
947 1298 1039 1341 fieri
1058 1298 1112 1341 ab
1135 1298 1213 1352 eis,
1240 1313 1339 1357 quae
1357 1305 1530 1356 peccata
1549 1305 1651 1339 sunt
1673 1295 1817 1339 detes-

430 1367 608 1426 tabilia,
633 1378 676 1412 et
698 1378 842 1412 tamen
860 1384 1012 1428 peenas
1035 1383 1104 1411 eas
1117 1367 1222 1411 dicit
1244 1387 1252 1411 2
1277 1386 1296 1408 «
1317 1371 1497 1426 Propter
1520 1367 1603 1410 hoc
1620 1401 1630 1420 ,
1653 1366 1814 1425 inquit,

434 1456 454 1479 »
489 1441 603 1483 Deus
627 1438 806 1482 tradidit
832 1454 903 1482 eos
935 1438 980 1481 in
1005 1437 1376 1497 concupiscentias
1404 1436 1545 1480 cordis
1569 1451 1718 1479 eorum
1737 1471 1747 1490 ,
1772 1436 1818 1478 in

432 1527 453 1550 »
485 1510 832 1564 immunditiam,
872 1518 919 1552 ut
953 1509 1115 1553 faciant
1137 1525 1236 1568 quae
1265 1524 1354 1553 non
1377 1507 1644 1552 conveniunt
1658 1510 1690 1550 ².
1716 1526 1736 1548 »
1764 1510 1821 1551 Et

429 1594 485 1622 ne
506 1589 679 1637 putaret.
701 1580 929 1638 quisquam
953 1579 1052 1637 ipsis
1070 1579 1218 1636 'poenis
1241 1587 1410 1621 tantum
1433 1594 1476 1621 se
1500 1578 1631 1636 affligi
1658 1577 1819 1637 quibus

429 1647 570 1692 modis
597 1648 852 1701 delectatur,
885 1657 927 1690 et
955 1663 1043 1690 11011
1071 1647 1243 1690 timeret
1275 1647 1395 1707 quod
1424 1647 1660 1691 venturum
1690 1648 1821 1690 estin

430 1719 546 1775 fine,
584 1717 939 1762 commemoravit
965 1715 1163 1760 ultimam
1187 1733 1380 1776 poenam.
1416 1718 1538 1770 «Qui
1571 1733 1670 1761 011111
1687 1718 1820 1777 justi-

433 1807 454 1831 1)
490 1790 594 1833 tiam
617 1789 693 1833 Dei
715 1788 1035 1846 cognovissent,
1057 1803 1146 1831 non
1169 1787 1495 1843 intellexerunt,
1517 1789 1681 1848 inquit,
1706 1804 1819 1849 quo-

434 1877 454 1901 11
490 1860 605 1904 niam
635 1860 711 1920 (1111
733 1875 782 1903 ea
804 1869 964 1918 agunt,
991 1859 1112 1917 digni
1142 1869 1243 1903 sunt
1269 1869 1429 1913 morte,
1462 1875 1550 1903 11011
1579 1859 1720 1903 solum
1743 1861 1820 1920 qui

434 1949 455 1971 »
490 1930 655 1974 faciunt
672 1966 682 1984 ,
710 1929 785 1974 sed
807 1931 934 1974 etiam
958 1930 1033 1989 qui
1055 1931 1334 1974 consentiunt
1355 1930 1631 1975 facientibus.
1664 1932 1749 1984 Qui
1771 1948 1819 1976 ea

437 2018 458 2042 11
495 2010 629 2058 agunt
652 2000 770 2057 digni
794 2009 895 2043 sunt
916 2009 1056 2043 morte
1074 2001 1089 2025 ὅ
1117 2020 1124 2043 ;
1160 2018 1178 2040 11
1205 2003 1334 2060 quze?
1358 2006 1462 2054 Quae
1491 2001 1687 2060 superius
1709 2018 1821 2045 enu-

431 2071 613 2114 meravit
630 2071 674 2113 in
696 2070 838 2129 poenis
857 2085 958 2113 esse.
984 2089 1004 2111 «
1019 2073 1126 2114 Nam
1147 2070 1325 2114 tradidit
1342 2071 1437 2114 illos
1460 2075 1572 2115 Deus
1589 2107 1599 2126 ,
1625 2071 1752 2126 dixit,
1774 2073 1820 2115 in

435 2158 456 2181 >›
491 2141 860 2199 concupiscentias
883 2140 1023 2184 cordis
1041 2156 1189 2184 eorum
1207 2176 1216 2195 ,
1238 2151 1288 2184 ut
1310 2140 1468 2185 faciant
1491 2157 1590 2201 quae
1612 2158 1702 2186 non
1718 2158 1820 2186 con·

436 2227 456 2251 11
493 2211 688 2254 veniunt.
711 2228 730 2251 »
766 2212 822 2254 Ut
849 2209 1019 2253 adulter
1041 2210 1113 2265 sit,
1139 2212 1229 2270 jain
1257 2226 1386 2270 poena
1409 2220 1471 2255 est
1497 2231 1504 2255 :
1534 2221 1581 2256 ut
1601 2212 1815 2267 mendax,

433 2289 484 2323 ut
507 2296 679 2335 avarus,
696 2288 746 2323 ut
769 2279 1093 2334 fraudulentus,
1114 2290 1164 2324 ut
1182 2280 1414 2336 homicida,
1427 2283 1516 2341 jam
1538 2297 1680 2341 poenae
1698 2291 1814 2325 sunt.

433 2351 567 2409 Cujus
596 2350 756 2408 pcccati
792 2352 968 2409 poence?
992 2350 1147 2393 Prioris
1171 2351 1392 2409 apostasiae
1408 2387 1418 2405 ,
1451 2351 1564 2396 illius
1587 2352 1814 2411 superbiae.

437 2438 456 2461 «
492 2420 669 2463 Initium
694 2420 858 2479 peceati
881 2420 1068 2464 bominis
1091 2430 1331 2478 apostatare
1355 2437 1378 2464 a
1401 2425 1491 2466 Deo
1510 2441 1518 2466 :
1537 2441 1557 2462 1)
1597 2425 1654 2465 Et
1689 2441 1708 2464 «
1729 2423 1818 2466 Ini-

435 2507 456 2532 »
491 2490 600 2533 tium
622 2490 760 2534 omnis
777 2490 943 2549 peccati
964 2489 1166 2549 superbia
1186 2492 1216 2533 4.
1243 2509 1262 2531 »
1293 2494 1523 2550 Propterea
1544 2492 1688 2551 ipsum
1711 2508 1816 2552 pec-

482 2581 490 2597 ¹
511 2577 602 2607 Rom.
621 2586 643 2616 1,
669 2573 722 2616 24.
742 2591 783 2597 —
801 2573 911 2606 ²1bid.
933 2576 986 2606 28.
1008 2591 1048 2596 —
1072 2573 1316 2609 31bid.32.-
1332 2574 1349 2605 z,
1370 2576 1468 2608 fecii.
1487 2587 1521 2618 x,
1544 2575 1596 2618 14,
1618 2577 1667 2609 15.
