<?xml version="1.0" encoding="UTF-8"?>
<!DOCTYPE html PUBLIC "-//W3C//DTD XHTML 1.0 Transitional//EN"
    "http://www.w3.org/TR/xhtml1/DTD/xhtml1-transitional.dtd">
<html xmlns="http://www.w3.org/1999/xhtml" xml:lang="en" lang="en">
 <head>
  <title>
</title>
<meta http-equiv="Content-Type" content="text/html;charset=utf-8" />
  <meta name='ocr-system' content='tesseract 3.04.00' />
  <meta name='ocr-capabilities' content='ocr_page ocr_carea ocr_par ocr_line ocrx_word'/>
</head>
<body>
  <div class='ocr_page' id='page_1' title='image "./operaomniaaccura09auguuoft_0018.png"; bbox 0 0 1889 3285; ppageno 0'>
   <div class='ocr_carea' id='block_1_1' title="bbox 401 285 1356 321">
    <p class='ocr_par' dir='ltr' id='par_1_1' title="bbox 401 285 1356 321">
     <span class='ocr_line' id='line_1_1' title="bbox 401 285 1356 321; baseline -0.003 -4"><span class='ocrx_word' id='word_1_1' title='bbox 401 285 424 321; x_wconf 87' lang='grc'>8</span> <span class='ocrx_word' id='word_1_2' title='bbox 848 291 880 317; x_wconf 89' lang='lat' dir='ltr'><strong>s.</strong></span> <span class='ocrx_word' id='word_1_3' title='bbox 917 288 1124 316; x_wconf 61' lang='lat' dir='ltr'>AUGUSTIN</span> <span class='ocrx_word' id='word_1_4' title='bbox 1133 290 1146 315; x_wconf 91' lang='lat'>1</span> <span class='ocrx_word' id='word_1_5' title='bbox 1178 288 1356 315; x_wconf 79' lang='lat' dir='ltr'><strong>EPISCOPI</strong></span> 
     </span>
    </p>
   </div>
   <div class='ocr_carea' id='block_1_2' title="bbox 396 351 1863 2522">
    <p class='ocr_par' dir='ltr' id='par_1_2' title="bbox 396 351 1863 2524">
     <span class='ocr_line' id='line_1_2' title="bbox 404 351 1780 417; baseline -0.006 -17"><span class='ocrx_word' id='word_1_6' title='bbox 404 378 425 400; x_wconf 75' lang='lat'>»</span> <span class='ocrx_word' id='word_1_7' title='bbox 460 371 686 417; x_wconf 85' lang='lat' dir='ltr'><strong>nunquam</strong></span> <span class='ocrx_word' id='word_1_8' title='bbox 723 354 957 399; x_wconf 88' lang='lat' dir='ltr'><strong>Dominum</strong></span> <span class='ocrx_word' id='word_1_9' title='bbox 991 353 1137 413; x_wconf 74' lang='lat' dir='ltr'><strong>gloriae</strong></span> <span class='ocrx_word' id='word_1_10' title='bbox 1180 352 1491 397; x_wconf 81' lang='lat' dir='ltr'><strong>crucifixissent</strong></span> <span class='ocrx_word' id='word_1_11' title='bbox 1508 353 1537 394; x_wconf 83' lang='lat'><strong>¹.</strong></span> <span class='ocrx_word' id='word_1_12' title='bbox 1576 368 1596 391; x_wconf 89' lang='lat'>»</span> <span class='ocrx_word' id='word_1_13' title='bbox 1637 351 1780 403; x_wconf 81' lang='lat' dir='ltr'><strong>Quare</strong></span> 
     </span>
     <span class='ocr_line' id='line_1_3' title="bbox 401 419 1781 487; baseline -0.008 -14"><span class='ocrx_word' id='word_1_14' title='bbox 401 443 501 487; x_wconf 82' lang='lat' dir='ltr'><strong>ergo</strong></span> <span class='ocrx_word' id='word_1_15' title='bbox 538 426 772 471; x_wconf 90' lang='lat' dir='ltr'><strong>Dominum</strong></span> <span class='ocrx_word' id='word_1_16' title='bbox 807 424 953 483; x_wconf 84' lang='lat' dir='ltr'><strong>gloriae</strong></span> <span class='ocrx_word' id='word_1_17' title='bbox 974 439 1064 467; x_wconf 90' lang='lat' dir='ltr'><strong>non</strong></span> <span class='ocrx_word' id='word_1_18' title='bbox 1085 424 1380 468; x_wconf 78' lang='lat' dir='ltr'><strong>invenerunt?</strong></span> <span class='ocrx_word' id='word_1_19' title='bbox 1403 421 1487 475; x_wconf 85' lang='lat' dir='ltr'><strong>Qui</strong></span> <span class='ocrx_word' id='word_1_20' title='bbox 1510 419 1713 480; x_wconf 85' lang='lat' dir='ltr'><strong>spelunca</strong></span> <span class='ocrx_word' id='word_1_21' title='bbox 1737 434 1781 463; x_wconf 90' lang='lat' dir='ltr'><strong>se</strong></span> 
     </span>
     <span class='ocr_line' id='line_1_4' title="bbox 401 491 1778 553; baseline -0.007 -10"><span class='ocrx_word' id='word_1_22' title='bbox 401 507 580 553; x_wconf 72' lang='lat' dir='ltr'><strong>texerat7</strong></span> <span class='ocrx_word' id='word_1_23' title='bbox 605 496 649 540; x_wconf 92' lang='lat' dir='ltr'><strong>id</strong></span> <span class='ocrx_word' id='word_1_24' title='bbox 667 505 745 550; x_wconf 79' lang='lat' dir='ltr'><strong>est,</strong></span> <span class='ocrx_word' id='word_1_25' title='bbox 771 495 910 539; x_wconf 87' lang='lat' dir='ltr'><strong>carnis</strong></span> <span class='ocrx_word' id='word_1_26' title='bbox 930 495 1226 538; x_wconf 83' lang='lat' dir='ltr'><strong>infirmitatem</strong></span> <span class='ocrx_word' id='word_1_27' title='bbox 1249 492 1384 538; x_wconf 86' lang='lat' dir='ltr'><strong>oculis</strong></span> <span class='ocrx_word' id='word_1_28' title='bbox 1407 491 1661 552; x_wconf 82' lang='lat' dir='ltr'><strong>objiciebat,</strong></span> <span class='ocrx_word' id='word_1_29' title='bbox 1686 505 1778 534; x_wconf 71' lang='lat' dir='ltr'><strong>ma-</strong></span> 
     </span>
     <span class='ocr_line' id='line_1_5' title="bbox 396 562 1783 630; baseline -0.006 -18"><span class='ocrx_word' id='word_1_30' title='bbox 396 571 595 630; x_wconf 71' lang='lat' dir='ltr'><strong>jestatem</strong></span> <span class='ocrx_word' id='word_1_31' title='bbox 624 576 768 610; x_wconf 89' lang='lat' dir='ltr'><strong>autem</strong></span> <span class='ocrx_word' id='word_1_32' title='bbox 790 565 1030 609; x_wconf 82' lang='lat' dir='ltr'><strong>Divinitatis</strong></span> <span class='ocrx_word' id='word_1_33' title='bbox 1059 564 1104 608; x_wconf 89' lang='lat' dir='ltr'><strong>in</strong></span> <span class='ocrx_word' id='word_1_34' title='bbox 1125 564 1314 623; x_wconf 90' lang='lat' dir='ltr'><strong>corporis</strong></span> <span class='ocrx_word' id='word_1_35' title='bbox 1335 562 1546 621; x_wconf 81' lang='lat' dir='ltr'><strong>tegmine,</strong></span> <span class='ocrx_word' id='word_1_36' title='bbox 1573 570 1783 620; x_wconf 85' lang='lat' dir='ltr'>tanquam</span> 
     </span>
     <span class='ocr_line' id='line_1_6' title="bbox 401 634 1784 694; baseline -0.007 -11"><span class='ocrx_word' id='word_1_37' title='bbox 401 650 527 684; x_wconf 83' lang='lat' dir='ltr'><strong>terrae</strong></span> <span class='ocrx_word' id='word_1_38' title='bbox 565 637 713 682; x_wconf 84' lang='lat' dir='ltr'><strong>abdito</strong></span> <span class='ocrx_word' id='word_1_39' title='bbox 758 636 1030 694; x_wconf 78' lang='lat' dir='ltr'><strong>contegebat.</strong></span> <span class='ocrx_word' id='word_1_40' title='bbox 1076 634 1145 679; x_wconf 90' lang='lat' dir='ltr'><strong>Illi</strong></span> <span class='ocrx_word' id='word_1_41' title='bbox 1188 651 1290 693; x_wconf 84' lang='lat' dir='ltr'><strong>ergo</strong></span> <span class='ocrx_word' id='word_1_42' title='bbox 1333 649 1423 677; x_wconf 89' lang='lat' dir='ltr'><strong>non</strong></span> <span class='ocrx_word' id='word_1_43' title='bbox 1475 639 1784 691; x_wconf 79' lang='lat' dir='ltr'><strong>cognoscentes</strong></span> 
     </span>
     <span class='ocr_line' id='line_1_7' title="bbox 402 700 1786 763; baseline -0.007 -9"><span class='ocrx_word' id='word_1_44' title='bbox 402 713 541 755; x_wconf 84' lang='lat' dir='ltr'><strong>Deum</strong></span> <span class='ocrx_word' id='word_1_45' title='bbox 559 744 570 763; x_wconf 74' lang='lat'>,</span> <span class='ocrx_word' id='word_1_46' title='bbox 599 708 904 752; x_wconf 81' lang='lat' dir='ltr'><strong>crucifixerunt</strong></span> <span class='ocrx_word' id='word_1_47' title='bbox 925 705 1160 750; x_wconf 85' lang='lat' dir='ltr'><strong>hominem.</strong></span> <span class='ocrx_word' id='word_1_48' title='bbox 1200 707 1289 749; x_wconf 87' lang='lat' dir='ltr'><strong>Nec</strong></span> <span class='ocrx_word' id='word_1_49' title='bbox 1318 703 1427 747; x_wconf 82' lang='lat' dir='ltr'><strong>mori</strong></span> <span class='ocrx_word' id='word_1_50' title='bbox 1457 702 1602 762; x_wconf 87' lang='lat' dir='ltr'><strong>potuit</strong></span> <span class='ocrx_word' id='word_1_51' title='bbox 1634 701 1714 744; x_wconf 90' lang='lat' dir='ltr'><strong>nisi</strong></span> <span class='ocrx_word' id='word_1_52' title='bbox 1739 700 1786 744; x_wconf 89' lang='lat' dir='ltr'><strong>in</strong></span> 
     </span>
     <span class='ocr_line' id='line_1_8' title="bbox 401 773 1788 836; baseline -0.006 -12"><span class='ocrx_word' id='word_1_53' title='bbox 401 780 605 834; x_wconf 80' lang='lat' dir='ltr'><strong>homine,</strong></span> <span class='ocrx_word' id='word_1_54' title='bbox 637 794 717 822; x_wconf 90' lang='lat' dir='ltr'><strong>nec</strong></span> <span class='ocrx_word' id='word_1_55' title='bbox 746 777 937 835; x_wconf 87' lang='lat' dir='ltr'><strong>crucifigi</strong></span> <span class='ocrx_word' id='word_1_56' title='bbox 972 775 1114 836; x_wconf 86' lang='lat' dir='ltr'><strong>potuit</strong></span> <span class='ocrx_word' id='word_1_57' title='bbox 1142 775 1223 819; x_wconf 88' lang='lat' dir='ltr'><strong>nisi</strong></span> <span class='ocrx_word' id='word_1_58' title='bbox 1257 776 1302 819; x_wconf 89' lang='lat' dir='ltr'><strong>in</strong></span> <span class='ocrx_word' id='word_1_59' title='bbox 1338 774 1547 830; x_wconf 78' lang='lat' dir='ltr'><strong>homine3</strong></span> <span class='ocrx_word' id='word_1_60' title='bbox 1584 773 1685 833; x_wconf 86' lang='lat' dir='ltr'><strong>quia</strong></span> <span class='ocrx_word' id='word_1_61' title='bbox 1708 787 1788 816; x_wconf 86' lang='lat' dir='ltr'><strong>nec</strong></span> 
     </span>
     <span class='ocr_line' id='line_1_9' title="bbox 401 843 1788 909; baseline -0.006 -14"><span class='ocrx_word' id='word_1_62' title='bbox 401 851 540 897; x_wconf 82' lang='lat' dir='ltr'><strong>teneri</strong></span> <span class='ocrx_word' id='word_1_63' title='bbox 561 859 704 909; x_wconf 88' lang='lat' dir='ltr'><strong>posset</strong></span> <span class='ocrx_word' id='word_1_64' title='bbox 725 849 803 892; x_wconf 89' lang='lat' dir='ltr'><strong>nisi</strong></span> <span class='ocrx_word' id='word_1_65' title='bbox 825 849 870 891; x_wconf 90' lang='lat' dir='ltr'><strong>in</strong></span> <span class='ocrx_word' id='word_1_66' title='bbox 892 848 1081 892; x_wconf 86' lang='lat' dir='ltr'><strong>homine.</strong></span> <span class='ocrx_word' id='word_1_67' title='bbox 1109 846 1324 906; x_wconf 73' lang='lat' dir='ltr'><strong>Opposuit</strong></span> <span class='ocrx_word' id='word_1_68' title='bbox 1356 845 1468 889; x_wconf 85' lang='lat' dir='ltr'><strong>male</strong></span> <span class='ocrx_word' id='word_1_69' title='bbox 1491 843 1788 905; x_wconf 68' lang='lat' dir='ltr'><strong>quaerentibus</strong></span> 
     </span>
     <span class='ocr_line' id='line_1_10' title="bbox 402 916 1789 978; baseline -0.006 -12"><span class='ocrx_word' id='word_1_70' title='bbox 402 932 560 967; x_wconf 84' lang='lat' dir='ltr'><strong>terram</strong></span> <span class='ocrx_word' id='word_1_71' title='bbox 580 956 590 975; x_wconf 89' lang='lat'>‚</span> <span class='ocrx_word' id='word_1_72' title='bbox 620 919 801 964; x_wconf 84' lang='lat' dir='ltr'><strong>servavit</strong></span> <span class='ocrx_word' id='word_1_73' title='bbox 823 919 933 962; x_wconf 88' lang='lat' dir='ltr'><strong>bene</strong></span> <span class='ocrx_word' id='word_1_74' title='bbox 955 917 1252 978; x_wconf 72' lang='lat' dir='ltr'><strong>quaerentibus</strong></span> <span class='ocrx_word' id='word_1_75' title='bbox 1272 918 1420 961; x_wconf 86' lang='lat' dir='ltr'><strong>vitam.</strong></span> <span class='ocrx_word' id='word_1_76' title='bbox 1447 916 1578 973; x_wconf 80' lang='lat' dir='ltr'>Fugit</span> <span class='ocrx_word' id='word_1_77' title='bbox 1599 930 1702 973; x_wconf 84' lang='lat' dir='ltr'><strong>ergo</strong></span> <span class='ocrx_word' id='word_1_78' title='bbox 1719 929 1789 958; x_wconf 90' lang='lat' dir='ltr'><strong>se-</strong></span> 
     </span>
     <span class='ocr_line' id='line_1_11' title="bbox 402 984 1792 1048; baseline -0.006 -11"><span class='ocrx_word' id='word_1_79' title='bbox 402 992 597 1038; x_wconf 88' lang='lat' dir='ltr'><strong>cundum</strong></span> <span class='ocrx_word' id='word_1_80' title='bbox 629 1005 802 1035; x_wconf 88' lang='lat' dir='ltr'><strong>carnem</strong></span> <span class='ocrx_word' id='word_1_81' title='bbox 830 990 875 1032; x_wconf 91' lang='lat' dir='ltr'><strong>in</strong></span> <span class='ocrx_word' id='word_1_82' title='bbox 909 988 1160 1048; x_wconf 82' lang='lat' dir='ltr'><strong>speluncam</strong></span> <span class='ocrx_word' id='word_1_83' title='bbox 1189 1003 1213 1031; x_wconf 88' lang='lat' dir='ltr'><strong>a</strong></span> <span class='ocrx_word' id='word_1_84' title='bbox 1246 986 1353 1031; x_wconf 84' lang='lat' dir='ltr'><strong>facie</strong></span> <span class='ocrx_word' id='word_1_85' title='bbox 1384 986 1501 1031; x_wconf 80' lang='lat' dir='ltr'><strong>Saiil.</strong></span> <span class='ocrx_word' id='word_1_86' title='bbox 1539 984 1668 1039; x_wconf 87' lang='lat' dir='ltr'><strong>Quod</strong></span> <span class='ocrx_word' id='word_1_87' title='bbox 1694 985 1727 1029; x_wconf 90' lang='lat' dir='ltr'><strong>si</strong></span> <span class='ocrx_word' id='word_1_88' title='bbox 1749 993 1792 1028; x_wconf 92' lang='lat' dir='ltr'><strong>et</strong></span> 
     </span>
     <span class='ocr_line' id='line_1_12' title="bbox 406 1056 1793 1119; baseline -0.007 -11"><span class='ocrx_word' id='word_1_89' title='bbox 406 1065 491 1108; x_wconf 87' lang='lat' dir='ltr'><strong>hoc</strong></span> <span class='ocrx_word' id='word_1_90' title='bbox 512 1061 615 1107; x_wconf 83' lang='lat' dir='ltr'><strong>velis</strong></span> <span class='ocrx_word' id='word_1_91' title='bbox 639 1061 853 1119; x_wconf 77' lang='lat' dir='ltr'><strong>accipere⁷</strong></span> <span class='ocrx_word' id='word_1_92' title='bbox 879 1059 937 1102; x_wconf 88' lang='lat' dir='ltr'><strong>ita</strong></span> <span class='ocrx_word' id='word_1_93' title='bbox 961 1059 1193 1102; x_wconf 88' lang='lat' dir='ltr'><strong>Dominum</strong></span> <span class='ocrx_word' id='word_1_94' title='bbox 1220 1056 1379 1116; x_wconf 81' lang='lat' dir='ltr'><strong>fugisse</strong></span> <span class='ocrx_word' id='word_1_95' title='bbox 1415 1057 1461 1099; x_wconf 87' lang='lat' dir='ltr'><strong>in</strong></span> <span class='ocrx_word' id='word_1_96' title='bbox 1486 1056 1739 1115; x_wconf 82' lang='lat' dir='ltr'><strong>speluncam</strong></span> <span class='ocrx_word' id='word_1_97' title='bbox 1768 1071 1793 1099; x_wconf 89' lang='lat' dir='ltr'><strong>a</strong></span> 
     </span>
     <span class='ocr_line' id='line_1_13' title="bbox 407 1126 1857 1189; baseline -0.006 -12"><span class='ocrx_word' id='word_1_98' title='bbox 407 1133 516 1177; x_wconf 80' lang='lat' dir='ltr'><strong>facie</strong></span> <span class='ocrx_word' id='word_1_99' title='bbox 541 1130 640 1175; x_wconf 87' lang='lat' dir='ltr'><strong>Saiil</strong></span> <span class='ocrx_word' id='word_1_100' title='bbox 655 1165 665 1185; x_wconf 86' lang='lat'><strong>‚</strong></span> <span class='ocrx_word' id='word_1_101' title='bbox 689 1131 789 1189; x_wconf 86' lang='lat' dir='ltr'><strong>quia</strong></span> <span class='ocrx_word' id='word_1_102' title='bbox 811 1145 958 1188; x_wconf 89' lang='lat' dir='ltr'><strong>passus</strong></span> <span class='ocrx_word' id='word_1_103' title='bbox 977 1139 1066 1186; x_wconf 72' lang='lat' dir='ltr'><strong>est3</strong></span> <span class='ocrx_word' id='word_1_104' title='bbox 1096 1144 1233 1188; x_wconf 83' lang='lat' dir='ltr'><strong>usque</strong></span> <span class='ocrx_word' id='word_1_105' title='bbox 1256 1128 1364 1172; x_wconf 84' lang='lat' dir='ltr'><strong>adeo</strong></span> <span class='ocrx_word' id='word_1_106' title='bbox 1387 1143 1431 1171; x_wconf 86' lang='lat' dir='ltr'><strong>se</strong></span> <span class='ocrx_word' id='word_1_107' title='bbox 1454 1126 1689 1171; x_wconf 82' lang='lat' dir='ltr'><strong>occultavit</strong></span> <span class='ocrx_word' id='word_1_108' title='bbox 1711 1128 1734 1170; x_wconf 92' lang='lat' dir='ltr'><strong>J</strong></span> <span class='ocrx_word' id='word_1_109' title='bbox 1740 1142 1793 1170; x_wconf 93' lang='lat' dir='ltr'><strong>u-</strong></span> <span class='ocrx_word' id='word_1_110' title='bbox 1854 1152 1857 1176; x_wconf 66' lang='lat'>2</span> 
     </span>
     <span class='ocr_line' id='line_1_14' title="bbox 409 1196 1794 1257; baseline -0.005 -11"><span class='ocrx_word' id='word_1_111' title='bbox 409 1203 538 1257; x_wconf 82' lang='lat' dir='ltr'><strong>daeis,</strong></span> <span class='ocrx_word' id='word_1_112' title='bbox 564 1211 614 1245; x_wconf 90' lang='lat' dir='ltr'><strong>ut</strong></span> <span class='ocrx_word' id='word_1_113' title='bbox 647 1210 690 1244; x_wconf 88' lang='lat' dir='ltr'><strong>et</strong></span> <span class='ocrx_word' id='word_1_114' title='bbox 725 1209 981 1244; x_wconf 84' lang='lat' dir='ltr'><strong>moreretur.</strong></span> <span class='ocrx_word' id='word_1_115' title='bbox 1009 1198 1343 1252; x_wconf 83' lang='lat' dir='ltr'><strong>Quantumlibet</strong></span> <span class='ocrx_word' id='word_1_116' title='bbox 1376 1198 1491 1241; x_wconf 91' lang='lat' dir='ltr'><strong>enim</strong></span> <span class='ocrx_word' id='word_1_117' title='bbox 1531 1196 1794 1241; x_wconf 75' lang='lat' dir='ltr'><strong>saevirentin</strong></span> 
     </span>
     <span class='ocr_line' id='line_1_15' title="bbox 407 1268 1795 1328; baseline -0.005 -11"><span class='ocrx_word' id='word_1_118' title='bbox 407 1288 507 1318; x_wconf 88' lang='lat' dir='ltr'><strong>eum</strong></span> <span class='ocrx_word' id='word_1_119' title='bbox 531 1274 554 1315; x_wconf 89' lang='lat' dir='ltr'><strong>J</strong></span> <span class='ocrx_word' id='word_1_120' title='bbox 560 1271 694 1325; x_wconf 79' lang='lat' dir='ltr'><strong>udaei‚</strong></span> <span class='ocrx_word' id='word_1_121' title='bbox 719 1269 859 1314; x_wconf 89' lang='lat' dir='ltr'><strong>donec</strong></span> <span class='ocrx_word' id='word_1_122' title='bbox 877 1268 1133 1324; x_wconf 65' lang='lat' dir='ltr'><strong>moreretur,</strong></span> <span class='ocrx_word' id='word_1_123' title='bbox 1157 1268 1299 1312; x_wconf 86' lang='lat' dir='ltr'><strong>adhuc</strong></span> <span class='ocrx_word' id='word_1_124' title='bbox 1319 1268 1537 1328; x_wconf 82' lang='lat' dir='ltr'><strong>putabant</strong></span> <span class='ocrx_word' id='word_1_125' title='bbox 1557 1283 1657 1311; x_wconf 87' lang='lat' dir='ltr'><strong>eum</strong></span> <span class='ocrx_word' id='word_1_126' title='bbox 1671 1282 1795 1326; x_wconf 88' lang='lat' dir='ltr'><strong>posse</strong></span> 
     </span>
     <span class='ocr_line' id='line_1_16' title="bbox 411 1338 1799 1400; baseline -0.004 -13"><span class='ocrx_word' id='word_1_127' title='bbox 411 1343 610 1397; x_wconf 76' lang='lat' dir='ltr'><strong>liberari,</strong></span> <span class='ocrx_word' id='word_1_128' title='bbox 642 1350 685 1385; x_wconf 89' lang='lat' dir='ltr'><strong>et</strong></span> <span class='ocrx_word' id='word_1_129' title='bbox 713 1339 940 1385; x_wconf 83' lang='lat' dir='ltr'><strong>ostendere</strong></span> <span class='ocrx_word' id='word_1_130' title='bbox 970 1339 1116 1400; x_wconf 88' lang='lat' dir='ltr'><strong>aliquo</strong></span> <span class='ocrx_word' id='word_1_131' title='bbox 1154 1340 1364 1383; x_wconf 74' lang='lat' dir='ltr'><strong>miraculo</strong></span> <span class='ocrx_word' id='word_1_132' title='bbox 1397 1339 1518 1399; x_wconf 87' lang='lat' dir='ltr'><strong>quod</strong></span> <span class='ocrx_word' id='word_1_133' title='bbox 1546 1338 1680 1381; x_wconf 84' lang='lat' dir='ltr'><strong>Filius</strong></span> <span class='ocrx_word' id='word_1_134' title='bbox 1720 1338 1799 1381; x_wconf 91' lang='lat' dir='ltr'><strong>Dei</strong></span> 
     </span>
     <span class='ocr_line' id='line_1_17' title="bbox 410 1409 1798 1471; baseline -0.006 -13"><span class='ocrx_word' id='word_1_135' title='bbox 410 1423 534 1458; x_wconf 89' lang='lat' dir='ltr'><strong>esset.</strong></span> <span class='ocrx_word' id='word_1_136' title='bbox 556 1410 916 1471; x_wconf 85' lang='lat' dir='ltr'><strong>Hocpraedictum</strong></span> <span class='ocrx_word' id='word_1_137' title='bbox 937 1421 1027 1455; x_wconf 86' lang='lat' dir='ltr'><strong>erat</strong></span> <span class='ocrx_word' id='word_1_138' title='bbox 1041 1410 1085 1454; x_wconf 91' lang='lat' dir='ltr'><strong>in</strong></span> <span class='ocrx_word' id='word_1_139' title='bbox 1100 1409 1213 1453; x_wconf 86' lang='lat' dir='ltr'><strong>libro</strong></span> <span class='ocrx_word' id='word_1_140' title='bbox 1228 1409 1457 1468; x_wconf 68' lang='lat' dir='ltr'><strong>Sapientiae</strong></span> <span class='ocrx_word' id='word_1_141' title='bbox 1481 1428 1489 1453; x_wconf 88' lang='lat'>:</span> <span class='ocrx_word' id='word_1_142' title='bbox 1516 1428 1535 1449; x_wconf 86' lang='lat'>«</span> <span class='ocrx_word' id='word_1_143' title='bbox 1550 1411 1691 1452; x_wconf 89' lang='lat' dir='ltr'><strong>Morte</strong></span> <span class='ocrx_word' id='word_1_144' title='bbox 1703 1417 1798 1451; x_wconf 89' lang='lat' dir='ltr'><strong>tur-</strong></span> 
     </span>
     <span class='ocr_line' id='line_1_18' title="bbox 411 1477 1798 1542; baseline -0.004 -16"><span class='ocrx_word' id='word_1_145' title='bbox 411 1503 431 1526; x_wconf 85' lang='lat'>»</span> <span class='ocrx_word' id='word_1_146' title='bbox 468 1482 641 1542; x_wconf 86' lang='lat' dir='ltr'><strong>pissima</strong></span> <span class='ocrx_word' id='word_1_147' title='bbox 658 1481 998 1525; x_wconf 86' lang='lat' dir='ltr'><strong>condemnemus</strong></span> <span class='ocrx_word' id='word_1_148' title='bbox 1021 1479 1168 1525; x_wconf 82' lang='lat' dir='ltr'><strong>illum:</strong></span> <span class='ocrx_word' id='word_1_149' title='bbox 1195 1480 1275 1523; x_wconf 88' lang='lat' dir='ltr'><strong>erit</strong></span> <span class='ocrx_word' id='word_1_150' title='bbox 1297 1480 1412 1522; x_wconf 86' lang='lat' dir='ltr'><strong>enim</strong></span> <span class='ocrx_word' id='word_1_151' title='bbox 1429 1488 1648 1538; x_wconf 90' lang='lat' dir='ltr'><strong>respectus</strong></span> <span class='ocrx_word' id='word_1_152' title='bbox 1667 1477 1729 1522; x_wconf 89' lang='lat' dir='ltr'><strong>illi</strong></span> <span class='ocrx_word' id='word_1_153' title='bbox 1747 1493 1798 1521; x_wconf 85' lang='lat' dir='ltr'><strong>ex</strong></span> 
     </span>
     <span class='ocr_line' id='line_1_19' title="bbox 414 1550 1800 1609; baseline -0.001 -13"><span class='ocrx_word' id='word_1_154' title='bbox 414 1574 434 1596; x_wconf 85' lang='lat'>»</span> <span class='ocrx_word' id='word_1_155' title='bbox 471 1552 743 1598; x_wconf 86' lang='lat' dir='ltr'><strong>sermonibus</strong></span> <span class='ocrx_word' id='word_1_156' title='bbox 763 1551 891 1595; x_wconf 88' lang='lat' dir='ltr'><strong>illius.</strong></span> <span class='ocrx_word' id='word_1_157' title='bbox 923 1553 965 1596; x_wconf 88' lang='lat' dir='ltr'><strong>Si</strong></span> <span class='ocrx_word' id='word_1_158' title='bbox 987 1552 1102 1594; x_wconf 86' lang='lat' dir='ltr'><strong>enim</strong></span> <span class='ocrx_word' id='word_1_159' title='bbox 1123 1565 1222 1594; x_wconf 80' lang='lat' dir='ltr'><strong>vere</strong></span> <span class='ocrx_word' id='word_1_160' title='bbox 1245 1550 1378 1593; x_wconf 85' lang='lat' dir='ltr'><strong>Filius</strong></span> <span class='ocrx_word' id='word_1_161' title='bbox 1402 1550 1479 1593; x_wconf 86' lang='lat' dir='ltr'><strong>Dei</strong></span> <span class='ocrx_word' id='word_1_162' title='bbox 1492 1559 1576 1604; x_wconf 67' lang='lat' dir='ltr'><strong>est,</strong></span> <span class='ocrx_word' id='word_1_163' title='bbox 1597 1550 1800 1609; x_wconf 88' lang='lat' dir='ltr'><strong>suscipiet</strong></span> 
     </span>
     <span class='ocr_line' id='line_1_20' title="bbox 415 1621 1795 1678; baseline -0.004 -12"><span class='ocrx_word' id='word_1_164' title='bbox 415 1644 436 1667; x_wconf 87' lang='lat'>»</span> <span class='ocrx_word' id='word_1_165' title='bbox 471 1624 596 1668; x_wconf 84' lang='lat' dir='ltr'><strong>illum</strong></span> <span class='ocrx_word' id='word_1_166' title='bbox 613 1659 624 1678; x_wconf 77' lang='lat'>‚</span> <span class='ocrx_word' id='word_1_167' title='bbox 650 1633 693 1667; x_wconf 92' lang='lat' dir='ltr'><strong>et</strong></span> <span class='ocrx_word' id='word_1_168' title='bbox 713 1623 915 1666; x_wconf 87' lang='lat' dir='ltr'><strong>liberabit</strong></span> <span class='ocrx_word' id='word_1_169' title='bbox 936 1621 1060 1665; x_wconf 89' lang='lat' dir='ltr'><strong>illum</strong></span> <span class='ocrx_word' id='word_1_170' title='bbox 1081 1621 1136 1664; x_wconf 88' lang='lat' dir='ltr'><strong>de</strong></span> <span class='ocrx_word' id='word_1_171' title='bbox 1161 1621 1362 1664; x_wconf 85' lang='lat' dir='ltr'><strong>manibus</strong></span> <span class='ocrx_word' id='word_1_172' title='bbox 1381 1621 1699 1665; x_wconf 87' lang='lat' dir='ltr'><strong>contrariorum</strong></span> <span class='ocrx_word' id='word_1_173' title='bbox 1716 1624 1748 1664; x_wconf 74' lang='lat'><strong>².</strong></span> <span class='ocrx_word' id='word_1_174' title='bbox 1775 1638 1795 1661; x_wconf 85' lang='lat'>»</span> 
     </span>
     <span class='ocr_line' id='line_1_21' title="bbox 413 1691 1801 1753; baseline -0.002 -14"><span class='ocrx_word' id='word_1_175' title='bbox 413 1696 525 1750; x_wconf 80' lang='lat' dir='ltr'><strong>Quia</strong></span> <span class='ocrx_word' id='word_1_176' title='bbox 547 1710 649 1753; x_wconf 76' lang='lat' dir='ltr'><strong>ergo</strong></span> <span class='ocrx_word' id='word_1_177' title='bbox 671 1694 1020 1751; x_wconf 77' lang='lat' dir='ltr'><strong>crucifigebatur,</strong></span> <span class='ocrx_word' id='word_1_178' title='bbox 1047 1702 1089 1736; x_wconf 87' lang='lat' dir='ltr'><strong>et</strong></span> <span class='ocrx_word' id='word_1_179' title='bbox 1112 1708 1199 1736; x_wconf 87' lang='lat' dir='ltr'><strong>non</strong></span> <span class='ocrx_word' id='word_1_180' title='bbox 1217 1692 1499 1746; x_wconf 83' lang='lat' dir='ltr'><strong>liberabatur,</strong></span> <span class='ocrx_word' id='word_1_181' title='bbox 1521 1691 1801 1737; x_wconf 87' lang='lat' dir='ltr'><strong>crediderunt</strong></span> 
     </span>
     <span class='ocr_line' id='line_1_22' title="bbox 412 1762 1801 1822; baseline -0.002 -12"><span class='ocrx_word' id='word_1_182' title='bbox 412 1766 538 1811; x_wconf 89' lang='lat' dir='ltr'><strong>illum</strong></span> <span class='ocrx_word' id='word_1_183' title='bbox 556 1781 646 1809; x_wconf 88' lang='lat' dir='ltr'><strong>non</strong></span> <span class='ocrx_word' id='word_1_184' title='bbox 663 1780 751 1809; x_wconf 89' lang='lat' dir='ltr'><strong>esse</strong></span> <span class='ocrx_word' id='word_1_185' title='bbox 764 1764 924 1808; x_wconf 85' lang='lat' dir='ltr'><strong>Filium</strong></span> <span class='ocrx_word' id='word_1_186' title='bbox 946 1764 1037 1808; x_wconf 87' lang='lat' dir='ltr'><strong>Dei.</strong></span> <span class='ocrx_word' id='word_1_187' title='bbox 1066 1767 1297 1822; x_wconf 84' lang='lat' dir='ltr'><strong>Propterea</strong></span> <span class='ocrx_word' id='word_1_188' title='bbox 1318 1762 1574 1807; x_wconf 85' lang='lat' dir='ltr'><strong>insultantes</strong></span> <span class='ocrx_word' id='word_1_189' title='bbox 1591 1764 1801 1822; x_wconf 86' lang='lat' dir='ltr'><strong>pendenti</strong></span> 
     </span>
     <span class='ocr_line' id='line_1_23' title="bbox 414 1832 1801 1894; baseline -0.002 -14"><span class='ocrx_word' id='word_1_190' title='bbox 414 1837 459 1880; x_wconf 89' lang='lat' dir='ltr'><strong>in</strong></span> <span class='ocrx_word' id='word_1_191' title='bbox 479 1836 599 1894; x_wconf 87' lang='lat' dir='ltr'><strong>ligno</strong></span> <span class='ocrx_word' id='word_1_192' title='bbox 613 1871 623 1889; x_wconf 84' lang='lat'>‚</span> <span class='ocrx_word' id='word_1_193' title='bbox 643 1845 687 1879; x_wconf 88' lang='lat' dir='ltr'><strong>et</strong></span> <span class='ocrx_word' id='word_1_194' title='bbox 709 1844 840 1894; x_wconf 88' lang='lat' dir='ltr'><strong>caput</strong></span> <span class='ocrx_word' id='word_1_195' title='bbox 855 1834 1062 1891; x_wconf 79' lang='lat' dir='ltr'><strong>agitantes</strong></span> <span class='ocrx_word' id='word_1_196' title='bbox 1078 1869 1088 1889; x_wconf 85' lang='lat'>,</span> <span class='ocrx_word' id='word_1_197' title='bbox 1110 1833 1313 1876; x_wconf 85' lang='lat' dir='ltr'><strong>dicebant</strong></span> <span class='ocrx_word' id='word_1_198' title='bbox 1333 1832 1394 1876; x_wconf 88' lang='lat' dir='ltr'><strong>illi</strong></span> <span class='ocrx_word' id='word_1_199' title='bbox 1422 1853 1430 1878; x_wconf 73' lang='grc' dir='ltr'>ε</span> <span class='ocrx_word' id='word_1_200' title='bbox 1460 1853 1479 1874; x_wconf 90' lang='lat'>«</span> <span class='ocrx_word' id='word_1_201' title='bbox 1507 1834 1550 1878; x_wconf 90' lang='lat' dir='ltr'><strong>Si</strong></span> <span class='ocrx_word' id='word_1_202' title='bbox 1572 1833 1706 1877; x_wconf 89' lang='lat' dir='ltr'><strong>Filius</strong></span> <span class='ocrx_word' id='word_1_203' title='bbox 1725 1835 1801 1877; x_wconf 90' lang='lat' dir='ltr'><strong>Dei</strong></span> 
     </span>
     <span class='ocr_line' id='line_1_24' title="bbox 417 1902 1802 1963; baseline 0 -16"><span class='ocrx_word' id='word_1_204' title='bbox 417 1925 438 1948; x_wconf 69' lang='grc' dir='ltr'><strong>ι)</strong></span> <span class='ocrx_word' id='word_1_205' title='bbox 475 1922 539 1960; x_wconf 77' lang='lat' dir='ltr'><strong>es,</strong></span> <span class='ocrx_word' id='word_1_206' title='bbox 580 1904 792 1949; x_wconf 84' lang='lat' dir='ltr'><strong>descende</strong></span> <span class='ocrx_word' id='word_1_207' title='bbox 821 1903 875 1948; x_wconf 91' lang='lat' dir='ltr'><strong>de</strong></span> <span class='ocrx_word' id='word_1_208' title='bbox 912 1919 1054 1948; x_wconf 84' lang='lat' dir='ltr'><strong>cruce.</strong></span> <span class='ocrx_word' id='word_1_209' title='bbox 1092 1902 1209 1947; x_wconf 82' lang='lat' dir='ltr'><strong>Alios</strong></span> <span class='ocrx_word' id='word_1_210' title='bbox 1239 1902 1376 1947; x_wconf 91' lang='lat' dir='ltr'><strong>salvos</strong></span> <span class='ocrx_word' id='word_1_211' title='bbox 1415 1902 1519 1947; x_wconf 88' lang='lat' dir='ltr'><strong>fecit</strong></span> <span class='ocrx_word' id='word_1_212' title='bbox 1535 1938 1545 1958; x_wconf 91' lang='lat'>‚</span> <span class='ocrx_word' id='word_1_213' title='bbox 1585 1919 1629 1947; x_wconf 91' lang='lat' dir='ltr'><strong>se</strong></span> <span class='ocrx_word' id='word_1_214' title='bbox 1657 1904 1802 1963; x_wconf 89' lang='lat' dir='ltr'><strong>ipsum</strong></span> 
     </span>
     <span class='ocr_line' id='line_1_25' title="bbox 415 1971 1802 2033; baseline 0.001 -17"><span class='ocrx_word' id='word_1_215' title='bbox 415 1993 437 2017; x_wconf 84' lang='lat'>»</span> <span class='ocrx_word' id='word_1_216' title='bbox 473 1974 635 2019; x_wconf 86' lang='lat' dir='ltr'><strong>salvare</strong></span> <span class='ocrx_word' id='word_1_217' title='bbox 660 1990 749 2018; x_wconf 91' lang='lat' dir='ltr'><strong>non</strong></span> <span class='ocrx_word' id='word_1_218' title='bbox 766 1975 952 2033; x_wconf 64' lang='lat' dir='ltr'><strong>potestss.</strong></span> <span class='ocrx_word' id='word_1_219' title='bbox 978 1992 997 2014; x_wconf 90' lang='lat'>»</span> <span class='ocrx_word' id='word_1_220' title='bbox 1025 1975 1109 2016; x_wconf 87' lang='lat' dir='ltr'><strong>Ista</strong></span> <span class='ocrx_word' id='word_1_221' title='bbox 1132 1971 1347 2026; x_wconf 87' lang='lat' dir='ltr'><strong>dicentes,</strong></span> <span class='ocrx_word' id='word_1_222' title='bbox 1385 1972 1496 2016; x_wconf 92' lang='lat' dir='ltr'><strong>sicut</strong></span> <span class='ocrx_word' id='word_1_223' title='bbox 1534 1982 1597 2017; x_wconf 78' lang='lat' dir='ltr'><strong>est</strong></span> <span class='ocrx_word' id='word_1_224' title='bbox 1629 1973 1675 2016; x_wconf 90' lang='lat' dir='ltr'><strong>in</strong></span> <span class='ocrx_word' id='word_1_225' title='bbox 1708 1974 1802 2033; x_wconf 89' lang='lat' dir='ltr'><strong>ipso</strong></span> 
     </span>
     <span class='ocr_line' id='line_1_26' title="bbox 414 2043 1863 2103; baseline -0.001 -15"><span class='ocrx_word' id='word_1_226' title='bbox 414 2045 528 2088; x_wconf 87' lang='lat' dir='ltr'><strong>libro</strong></span> <span class='ocrx_word' id='word_1_227' title='bbox 553 2044 782 2103; x_wconf 83' lang='lat' dir='ltr'><strong>Sapientiae</strong></span> <span class='ocrx_word' id='word_1_228' title='bbox 810 2063 818 2087; x_wconf 89' lang='lat'>:</span> <span class='ocrx_word' id='word_1_229' title='bbox 848 2046 984 2087; x_wconf 88' lang='lat' dir='ltr'><strong>«Haec</strong></span> <span class='ocrx_word' id='word_1_230' title='bbox 1001 2043 1301 2101; x_wconf 85' lang='lat' dir='ltr'><strong>cogitaverunt</strong></span> <span class='ocrx_word' id='word_1_231' title='bbox 1314 2051 1357 2086; x_wconf 92' lang='lat' dir='ltr'><strong>et</strong></span> <span class='ocrx_word' id='word_1_232' title='bbox 1374 2052 1642 2098; x_wconf 85' lang='lat' dir='ltr'><strong>erraverunt,</strong></span> <span class='ocrx_word' id='word_1_233' title='bbox 1663 2058 1803 2087; x_wconf 81' lang='lat' dir='ltr'><strong>excae-</strong></span> <span class='ocrx_word' id='word_1_234' title='bbox 1858 2060 1863 2094; x_wconf 75' lang='grc' dir='ltr'><em>ς</em></span> 
     </span>
     <span class='ocr_line' id='line_1_27' title="bbox 416 2112 1802 2172; baseline 0.001 -16"><span class='ocrx_word' id='word_1_235' title='bbox 416 2132 437 2156; x_wconf 90' lang='lat'>»</span> <span class='ocrx_word' id='word_1_236' title='bbox 473 2114 585 2158; x_wconf 86' lang='lat' dir='ltr'><strong>cavit</strong></span> <span class='ocrx_word' id='word_1_237' title='bbox 612 2114 725 2157; x_wconf 90' lang='lat' dir='ltr'><strong>enim</strong></span> <span class='ocrx_word' id='word_1_238' title='bbox 747 2113 842 2157; x_wconf 90' lang='lat' dir='ltr'><strong>illos</strong></span> <span class='ocrx_word' id='word_1_239' title='bbox 865 2112 1027 2156; x_wconf 84' lang='lat' dir='ltr'><strong>malitia</strong></span> <span class='ocrx_word' id='word_1_240' title='bbox 1050 2128 1201 2157; x_wconf 88' lang='lat' dir='ltr'><strong>eorum</strong></span> <span class='ocrx_word' id='word_1_241' title='bbox 1216 2114 1247 2156; x_wconf 77' lang='lat'><strong>4.</strong></span> <span class='ocrx_word' id='word_1_242' title='bbox 1267 2131 1286 2153; x_wconf 88' lang='lat'>»</span> <span class='ocrx_word' id='word_1_243' title='bbox 1315 2112 1431 2165; x_wconf 89' lang='lat' dir='ltr'><strong>Quid</strong></span> <span class='ocrx_word' id='word_1_244' title='bbox 1453 2113 1570 2156; x_wconf 87' lang='lat' dir='ltr'><strong>enim</strong></span> <span class='ocrx_word' id='word_1_245' title='bbox 1593 2129 1802 2172; x_wconf 88' lang='lat' dir='ltr'><strong>magnum</strong></span> 
     </span>
     <span class='ocr_line' id='line_1_28' title="bbox 415 2180 1802 2243; baseline -0.001 -15"><span class='ocrx_word' id='word_1_246' title='bbox 415 2193 505 2229; x_wconf 82' lang='lat' dir='ltr'><strong>erat</strong></span> <span class='ocrx_word' id='word_1_247' title='bbox 539 2183 593 2227; x_wconf 86' lang='lat' dir='ltr'><strong>dc</strong></span> <span class='ocrx_word' id='word_1_248' title='bbox 626 2198 753 2227; x_wconf 87' lang='lat' dir='ltr'><strong>cruce</strong></span> <span class='ocrx_word' id='word_1_249' title='bbox 775 2181 1058 2237; x_wconf 73' lang='lat' dir='ltr'><strong>descendere,</strong></span> <span class='ocrx_word' id='word_1_250' title='bbox 1084 2182 1155 2226; x_wconf 91' lang='lat' dir='ltr'><strong>cui</strong></span> <span class='ocrx_word' id='word_1_251' title='bbox 1177 2180 1302 2226; x_wconf 86' lang='lat' dir='ltr'><strong>facile</strong></span> <span class='ocrx_word' id='word_1_252' title='bbox 1325 2182 1408 2226; x_wconf 81' lang='lat' dir='ltr'><strong>fuit</strong></span> <span class='ocrx_word' id='word_1_253' title='bbox 1430 2181 1484 2227; x_wconf 92' lang='lat' dir='ltr'><strong>de</strong></span> <span class='ocrx_word' id='word_1_254' title='bbox 1506 2183 1706 2243; x_wconf 89' lang='lat' dir='ltr'><strong>sepulcro</strong></span> <span class='ocrx_word' id='word_1_255' title='bbox 1733 2199 1802 2227; x_wconf 88' lang='lat' dir='ltr'><strong>re-</strong></span> 
     </span>
     <span class='ocr_line' id='line_1_29' title="bbox 414 2252 1804 2314; baseline 0 -15"><span class='ocrx_word' id='word_1_256' title='bbox 414 2256 614 2312; x_wconf 76' lang='lat' dir='ltr'><strong>surgere?</strong></span> <span class='ocrx_word' id='word_1_257' title='bbox 639 2253 721 2298; x_wconf 85' lang='lat' dir='ltr'><strong>Sed</strong></span> <span class='ocrx_word' id='word_1_258' title='bbox 743 2269 876 2313; x_wconf 84' lang='lat' dir='ltr'><strong>quare</strong></span> <span class='ocrx_word' id='word_1_259' title='bbox 897 2269 1034 2313; x_wconf 86' lang='lat' dir='ltr'><strong>usque</strong></span> <span class='ocrx_word' id='word_1_260' title='bbox 1059 2252 1112 2297; x_wconf 89' lang='lat' dir='ltr'><strong>ad</strong></span> <span class='ocrx_word' id='word_1_261' title='bbox 1126 2262 1308 2297; x_wconf 79' lang='lat' dir='ltr'><strong>mortem</strong></span> <span class='ocrx_word' id='word_1_262' title='bbox 1330 2253 1469 2298; x_wconf 89' lang='lat' dir='ltr'><strong>voluit</strong></span> <span class='ocrx_word' id='word_1_263' title='bbox 1492 2269 1580 2298; x_wconf 88' lang='lat' dir='ltr'><strong>esse</strong></span> <span class='ocrx_word' id='word_1_264' title='bbox 1602 2255 1804 2314; x_wconf 78' lang='lat' dir='ltr'><strong>patiens?</strong></span> 
     </span>
     <span class='ocr_line' id='line_1_30' title="bbox 414 2322 1799 2384; baseline 0.001 -16"><span class='ocrx_word' id='word_1_265' title='bbox 414 2327 471 2369; x_wconf 92' lang='lat' dir='ltr'><strong>Ut</strong></span> <span class='ocrx_word' id='word_1_266' title='bbox 492 2323 662 2382; x_wconf 84' lang='lat' dir='ltr'><strong>fugeret</strong></span> <span class='ocrx_word' id='word_1_267' title='bbox 684 2339 707 2366; x_wconf 91' lang='lat' dir='ltr'><strong>a</strong></span> <span class='ocrx_word' id='word_1_268' title='bbox 731 2322 837 2367; x_wconf 81' lang='lat' dir='ltr'><strong>facie</strong></span> <span class='ocrx_word' id='word_1_269' title='bbox 863 2322 964 2367; x_wconf 84' lang='lat' dir='ltr'><strong>Saiil.</strong></span> <span class='ocrx_word' id='word_1_270' title='bbox 986 2323 1031 2366; x_wconf 88' lang='lat' dir='ltr'><strong>in</strong></span> <span class='ocrx_word' id='word_1_271' title='bbox 1056 2322 1322 2381; x_wconf 88' lang='lat' dir='ltr'><strong>speluncam.</strong></span> <span class='ocrx_word' id='word_1_272' title='bbox 1360 2323 1536 2367; x_wconf 88' lang='lat' dir='ltr'><strong>Etenim</strong></span> <span class='ocrx_word' id='word_1_273' title='bbox 1566 2323 1772 2384; x_wconf 87' lang='lat' dir='ltr'><strong>spelunca</strong></span> <span class='ocrx_word' id='word_1_274' title='bbox 1787 2360 1799 2381; x_wconf 86' lang='lat'>‚</span> 
     </span>
     <span class='ocr_line' id='line_1_31' title="bbox 411 2392 1863 2454; baseline 0.001 -17"><span class='ocrx_word' id='word_1_275' title='bbox 411 2392 590 2437; x_wconf 80' lang='lat' dir='ltr'><strong>inferior</strong></span> <span class='ocrx_word' id='word_1_276' title='bbox 613 2409 711 2452; x_wconf 88' lang='lat' dir='ltr'><strong>pars</strong></span> <span class='ocrx_word' id='word_1_277' title='bbox 734 2402 857 2436; x_wconf 85' lang='lat' dir='ltr'><strong>terrae</strong></span> <span class='ocrx_word' id='word_1_278' title='bbox 880 2402 1020 2451; x_wconf 88' lang='lat' dir='ltr'><strong>potest</strong></span> <span class='ocrx_word' id='word_1_279' title='bbox 1053 2393 1202 2451; x_wconf 87' lang='lat' dir='ltr'><strong>accipi.</strong></span> <span class='ocrx_word' id='word_1_280' title='bbox 1238 2396 1293 2436; x_wconf 90' lang='lat' dir='ltr'><strong>Et</strong></span> <span class='ocrx_word' id='word_1_281' title='bbox 1317 2402 1431 2437; x_wconf 88' lang='lat' dir='ltr'><strong>certe</strong></span> <span class='ocrx_word' id='word_1_282' title='bbox 1453 2394 1574 2454; x_wconf 87' lang='lat' dir='ltr'><strong>quod</strong></span> <span class='ocrx_word' id='word_1_283' title='bbox 1596 2394 1801 2438; x_wconf 87' lang='lat' dir='ltr'><strong>manifes-</strong></span> <span class='ocrx_word' id='word_1_284' title='bbox 1860 2402 1863 2443; x_wconf 81' lang='grc' dir='ltr'>ξ</span> 
     </span>
     <span class='ocr_line' id='line_1_32' title="bbox 413 2462 1800 2522; baseline 0.001 -15"><span class='ocrx_word' id='word_1_285' title='bbox 413 2473 508 2507; x_wconf 86' lang='lat' dir='ltr'><strong>tum</strong></span> <span class='ocrx_word' id='word_1_286' title='bbox 533 2472 616 2519; x_wconf 63' lang='lat' dir='ltr'><strong>est7</strong></span> <span class='ocrx_word' id='word_1_287' title='bbox 646 2472 688 2506; x_wconf 89' lang='lat' dir='ltr'><strong>et</strong></span> <span class='ocrx_word' id='word_1_288' title='bbox 716 2472 882 2506; x_wconf 89' lang='lat' dir='ltr'><strong>certum</strong></span> <span class='ocrx_word' id='word_1_289' title='bbox 912 2462 1128 2518; x_wconf 81' lang='lat' dir='ltr'><strong>omnibus,</strong></span> <span class='ocrx_word' id='word_1_290' title='bbox 1150 2478 1306 2521; x_wconf 89' lang='lat' dir='ltr'><strong>corpus</strong></span> <span class='ocrx_word' id='word_1_291' title='bbox 1328 2464 1419 2522; x_wconf 85' lang='lat' dir='ltr'><strong>ejus</strong></span> <span class='ocrx_word' id='word_1_292' title='bbox 1442 2463 1488 2507; x_wconf 93' lang='lat' dir='ltr'><strong>in</strong></span> <span class='ocrx_word' id='word_1_293' title='bbox 1510 2473 1800 2509; x_wconf 86' lang='lat' dir='ltr'><strong>monumento</strong></span> 
     </span>
    </p>
   </div>
   <div class='ocr_carea' id='block_1_3' title="bbox 415 2558 1793 2653">
    <p class='ocr_par' dir='ltr' id='par_1_3' title="bbox 415 2558 1793 2653">
     <span class='ocr_line' id='line_1_33' title="bbox 460 2558 1793 2604; baseline 0.002 -14"><span class='ocrx_word' id='word_1_294' title='bbox 460 2566 470 2581; x_wconf 90' lang='lat'>¹</span> <span class='ocrx_word' id='word_1_295' title='bbox 495 2570 507 2590; x_wconf 96' lang='lat'>1</span> <span class='ocrx_word' id='word_1_296' title='bbox 526 2561 648 2601; x_wconf 64' lang='lat' dir='ltr'><strong>Cor-11,</strong></span> <span class='ocrx_word' id='word_1_297' title='bbox 670 2558 700 2598; x_wconf 29' lang='grc'><strong>8,</strong></span> <span class='ocrx_word' id='word_1_298' title='bbox 727 2576 767 2583; x_wconf 77' lang='lat'><strong>·-</strong></span> <span class='ocrx_word' id='word_1_299' title='bbox 787 2566 801 2583; x_wconf 84' lang='lat'><em>2</em></span> <span class='ocrx_word' id='word_1_300' title='bbox 819 2561 891 2601; x_wconf 77' lang='lat' dir='ltr'><strong>Sap.</strong></span> <span class='ocrx_word' id='word_1_301' title='bbox 913 2571 947 2598; x_wconf 81' lang='grc' dir='ltr'><strong>ιι,</strong></span> <span class='ocrx_word' id='word_1_302' title='bbox 971 2558 1077 2591; x_wconf 83' lang='lat'>18-20.</span> <span class='ocrx_word' id='word_1_303' title='bbox 1099 2576 1138 2583; x_wconf 88' lang='lat'><strong>--</strong></span> <span class='ocrx_word' id='word_1_304' title='bbox 1160 2558 1295 2592; x_wconf 83' lang='lat' dir='ltr'><strong>3Matth.</strong></span> <span class='ocrx_word' id='word_1_305' title='bbox 1318 2571 1416 2599; x_wconf 70' lang='lat' dir='ltr'><strong>xxvn,</strong></span> <span class='ocrx_word' id='word_1_306' title='bbox 1435 2559 1477 2601; x_wconf 63' lang='lat' dir='ltr'><strong>sto</strong></span> <span class='ocrx_word' id='word_1_307' title='bbox 1496 2566 1527 2593; x_wconf 81' lang='lat' dir='ltr'><strong>et</strong></span> <span class='ocrx_word' id='word_1_308' title='bbox 1548 2560 1601 2603; x_wconf 64' lang='lat'><strong>[22.</strong></span> <span class='ocrx_word' id='word_1_309' title='bbox 1622 2578 1664 2584; x_wconf 90' lang='lat'><strong>-—</strong></span> <span class='ocrx_word' id='word_1_310' title='bbox 1682 2559 1698 2590; x_wconf 78' lang='lat'>4</span> <span class='ocrx_word' id='word_1_311' title='bbox 1718 2563 1793 2604; x_wconf 83' lang='lat' dir='ltr'><strong>Sap.</strong></span> 
     </span>
     <span class='ocr_line' id='line_1_34' title="bbox 415 2621 532 2653; baseline 0.017 -9"><span class='ocrx_word' id='word_1_312' title='bbox 415 2623 457 2653; x_wconf 82' lang='lat' dir='ltr'><strong>n,</strong></span> <span class='ocrx_word' id='word_1_313' title='bbox 479 2621 532 2646; x_wconf 72' lang='lat'><strong>21.</strong></span> 
     </span>
    </p>
   </div>
   <div class='ocr_carea' id='block_1_4' title="bbox 1825 0 1889 2865">
    <p class='ocr_par' dir='ltr' id='par_1_4' title="bbox 1825 0 1889 2865">
     <span class='ocr_line' id='line_1_35' title="bbox 1825 0 1889 2865; baseline 0 0"><span class='ocrx_word' id='word_1_314' title='bbox 1825 0 1889 2865; x_wconf 95' lang='lat' dir='ltr'><strong> </strong></span> 
     </span>
    </p>
   </div>
  </div>
 </body>
</html>
