1889 3285
439 257 678 286 miani-trino
712 259 755 285 m
789 256 990 285 PsALMUM
1023 258 1111 283 rix.
1427 244 1480 281 93

101 340 238 369 unum
261 325 480 369 hominem
503 324 726 384 figuravit,
753 323 877 368 illum
900 323 1102 383 figuravit
1123 320 1200 381 qui
1230 327 1293 363 est
1313 319 1481 362 media-

99 404 167 439 tor
189 395 262 439 Dei
283 404 327 439 et
346 395 595 449 hominum,
621 395 753 438 homo
774 394 969 438 Christus
993 395 1115 436 Jesus
1134 392 1165 433 ¹.
1200 392 1251 433 In
1272 389 1356 433 hoc
1377 404 1481 447 ergo

98 464 270 510 Psalmo
285 500 296 519 ,
317 465 386 509 vel
407 466 550 524 potius
565 465 612 508 in
633 465 762 524 hujus
786 463 944 507 Psalmi
961 460 1088 506 titulo
1105 496 1115 515 ‚
1142 459 1348 504 dicuntur
1367 474 1482 518 (11110-

99 535 201 579 dam
233 535 460 579 victoriosa
494 535 656 589 David,
683 533 803 594 quod
831 533 1002 578 fortiter
1035 530 1185 575 fecerit
1218 527 1482 573 debellando

98 604 309 664 quosdam
336 605 533 649 inimicos
551 640 562 659 ,
595 614 637 648 et
665 620 737 649 eos
771 602 1020 648 tributarios
1042 598 1270 654 faciend03
1304 597 1482 658 quando

98 683 195 735 post
216 684 400 719 mortem
425 675 562 719 Saiilis
579 675 864 734 persecutoris
882 673 963 728 sui,
986 685 1169 730 regnum
1185 668 1299 713 illius
1317 668 1484 728 accepit

97 743 375 789 manifestum
401 745 446 788 in
483 744 629 788 Israel.
654 747 764 789 Nam
797 753 840 788 et
868 752 1103 802 antequam
1137 738 1484 800 persecutionem

96 823 338 875 pateretur,
363 830 438 858 rex
459 824 576 869 erat,
602 814 675 859 sed
697 820 782 859 Deo
814 823 985 858 tantum
1014 821 1143 857 notus
1180 819 1286 855 erat.
1329 813 1482 854 Postea

98 900 198 943 ergo
214 886 304 945 jam
324 883 555 929 manifesto
579 900 712 944 regno
727 920 737 939 ‚
776 893 818 928 et
846 884 1068 928 evidenter
1089 891 1220 942 atque
1241 880 1481 925 eminenter

99 965 275 1015 accepto
292 954 530 999 debellavit
546 972 632 1009 eos,
650 956 726 1016 qui
743 956 787 999 in
805 956 888 999 hoc
911 954 1039 998 titulo
1060 959 1479 1006 commemorantur3

99 1034 142 1069 et
158 1035 332 1070 notatus
350 1033 413 1069 est
436 1025 596 1069 Psalmi
614 1025 767 1069 titulus
796 1025 855 1069 ita
877 1044 885 1069 :
915 1043 935 1066 «
962 1027 1013 1068 In
1034 1025 1164 1067 finem
1184 1056 1194 1077 ,
1219 1037 1298 1081 pro
1320 1021 1386 1064 his
1406 1020 1484 1080 qui

102 1114 123 1137 »
157 1096 506 1140 immutabuntur
552 1097 596 1139 in
626 1095 741 1140 tituli
777 1095 1104 1154 inscriptionem
1143 1092 1224 1152 ipsi
1266 1090 1404 1135 David
1439 1090 1485 1133 in

102 1184 122 1207 »
157 1164 426 1221 doctrinam,
463 1181 564 1210 cum
598 1165 824 1209 succendit
856 1163 1214 1223 Mesopotamiam
1253 1161 1410 1218 Syriae,
1442 1168 1486 1203 et

102 1253 122 1275 »
161 1235 326 1293 Syriam
354 1235 507 1291 Sobal‚
536 1245 579 1280 et
605 1235 819 1279 convertit
847 1235 980 1288 Joab,
1017 1242 1061 1277 et
1080 1231 1293 1292 percussit
1314 1229 1482 1284 Edom,

102 1323 123 1347 »
157 1304 347 1349 invalle
370 1305 616 1350 Salinarum
639 1304 869 1349 duodecim
906 1303 1085 1347 millia2.
1114 1321 1133 1343 »
1160 1302 1363 1359 Legimus
1392 1301 1487 1344 haec

100 1376 144 1420 in
165 1375 286 1420 libris
309 1379 559 1434 Regnorum
577 1412 587 1432 ,
609 1376 710 1420 istos
739 1391 887 1420 omnes
918 1390 1027 1435 quos
1045 1372 1285 1417 nominavit
1300 1406 1311 1427 ‚
1336 1370 1489 1415 debel-

99 1445 208 1490 latos
230 1461 319 1490 esse
349 1461 373 1490 a
395 1445 528 1490 David
545 1481 556 1501 ,
580 1445 627 1489 id
650 1454 737 1499 est,
762 1444 1121 1504 Mesopotamiam
1155 1441 1311 1499 Syriae‚
1336 1450 1381 1485 et
1404 1442 1489 1498 Sy-

99 1516 207 1560 riam
233 1515 363 1561 Sobal
379 1551 389 1571 ‚
415 1516 548 1572 Joab,
573 1515 715 1561 Edom
731 1517 762 1559 ³.
787 1519 918 1559 Facta
947 1523 1049 1558 sunt
1069 1514 1148 1557 ista
1165 1548 1176 1568 ,
1209 1521 1253 1556 et
1274 1509 1489 1572 quemad-

100 1587 280 1632 modum
298 1587 409 1632 facta
426 1597 550 1641 sunt,
581 1588 641 1632 ita
662 1587 724 1631 ibi
750 1586 992 1645 conscripta
1016 1594 1117 1629 sunt
1133 1620 1144 1639 ‚
1164 1584 1224 1628 ita
1250 1583 1456 1641 leguntur
1477 1601 1486 1626 :

100 1658 216 1718 legat
235 1659 310 1719 qui
331 1659 443 1703 vult.
472 1662 786 1702 Verumtamen
811 1657 922 1701 sicut
941 1655 1050 1701 solet
1067 1655 1346 1715 propheticus
1365 1652 1492 1712 spiri-

101 1738 171 1774 tus
187 1730 233 1774 in
243 1729 514 1774 Psalmorum
536 1729 672 1773 titulis
689 1727 891 1773 recedere
914 1726 1236 1787 aliquantulum
1254 1725 1308 1769 ab
1327 1738 1492 1783 expres-

102 1799 220 1844 sione
248 1815 394 1844 rerum
420 1808 637 1859 gestarum
654 1833 664 1853 ,
689 1807 733 1842 et
755 1797 923 1857 aliquid
943 1797 1087 1840 dicere
1109 1795 1230 1855 quod
1247 1795 1292 1839 in
1313 1792 1492 1838 historia

102 1885 191 1914 non
226 1869 476 1924 invenitur,
515 1877 559 1912 et
594 1868 695 1911 hinc
731 1867 878 1926 potius
900 1866 1156 1917 admonere,
1191 1879 1281 1908 non
1311 1871 1493 1922 propter

102 1939 422 1999 cognoscendas
446 1955 511 1984 res
534 1947 672 1998 gestas
695 1952 786 1981 esse
807 1935 1057 1997 hujusmodi
1075 1934 1224 1979 titulos
1246 1933 1490 1992 inscriptos,

102 2010 178 2056 sed
198 2019 374 2071 propter
394 2010 543 2055 futura
564 2007 887 2070 praefiguranda
910 2026 918 2051 :
941 2006 1052 2051 sicut
1073 2005 1242 2049 dictum
1266 2013 1351 2058 est,
1372 2002 1495 2064 quod

108 2101 128 2123 «
161 2084 318 2127 Coram
348 2079 602 2125 Abimelech
639 2078 827 2122 mutavit
861 2076 1032 2121 vultum
1061 2090 1187 2120 suum
1210 2109 1221 2130 ,
1257 2083 1300 2118 et
1331 2072 1494 2117 dimisit

107 2170 127 2194 »
162 2167 284 2207 eum,
309 2161 353 2196 et
373 2151 500 2195 abiit⁴
517 2171 529 2208 3
549 2169 568 2191 η
586 2164 686 2194 011111
707 2148 871 2193 indicet
895 2147 1113 2207 Scriptura
1137 2150 1390 2204 Regnorum
1411 2144 1494 2187 hoc

104 2238 202 2266 eum
240 2238 331 2267 non
368 2221 519 2266 fecisse
558 2235 705 2265 coram
743 2218 998 2263 Abimelech
1024 2253 1034 2273 ‚
1071 2216 1148 2261 sed
1179 2230 1325 2260 coram
1362 2213 1494 2258 Achis

65 2292 71 2296 ’
104 2295 229 2352 rege⁵
260 2312 269 2337 :
295 2293 356 2336 ita
377 2301 420 2336 et
448 2293 494 2335 in
512 2292 597 2335 hoc
620 2289 750 2334 titulo
772 2288 1018 2333 invenimus
1046 2286 1210 2347 aliquid
1225 2321 1236 2341 ,
1262 2301 1351 2346 quo
1373 2298 1496 2329 com-

106 2379 360 2409 moneamur
397 2362 452 2407 ad
473 2361 654 2422 aliquid.
678 2363 874 2421 Namque
896 2360 941 2404 in
967 2358 1041 2403 illa
1069 2357 1316 2402 narratione
1349 2354 1493 2399 bello-

107 2449 201 2478 rum
228 2433 494 2492 fortiumque
517 2431 732 2476 factorum
752 2431 863 2489 regis
882 2429 1035 2483 David,
1053 2427 1131 2472 ubi
1152 2427 1198 2471 hi
1216 2442 1364 2471 omnes
1386 2438 1496 2484 quos

155 2537 162 2553 ¹
188 2542 200 2561 1
222 2530 302 2561 Tim.
323 2540 360 2570 11,
375 2528 407 2560 5.
426 2545 464 2551 —-
485 2535 500 2551 ²
520 2528 598 2560 Psal.
621 2539 686 2568 ux,
711 2538 741 2568 1,
767 2537 798 2559 1..
815 2542 857 2549 -
872 2524 885 2548 3
903 2534 922 2558 2
940 2528 1018 2567 Rog.
1037 2536 1113 2566 vm,
1132 2525 1166 2567 3,
1189 2522 1223 2566 4,
1244 2528 1306 2554 etc.
1325 2537 1365 2542 —
1385 2517 1494 2550 4I'sal·

109 2595 223 2627 xxxin,
246 2596 274 2617 1.
295 2602 336 2608 —-
361 2583 376 2608 ⁵
400 2596 411 2616 1
434 2587 511 2627 Reg.
527 2595 592 2625 xxi,
615 2584 664 2615 13.
