1889 3285
373 280 429 318 90
806 286 840 315 s.
876 286 1107 315 Aue-,usum
1138 288 1322 316 EPISCOPI

370 369 460 399 non
497 353 701 411 veniant3
735 351 798 396 illi
831 351 886 396 de
923 353 1278 408 circumcisione,
1314 352 1385 396 isti
1421 350 1479 395 de
1515 350 1747 409 praeputio.

370 429 518 482 Longe
539 433 662 467 erant
684 423 890 482 parietes,
921 421 996 466 sed
1023 432 1255 482 antequam
1296 421 1352 466 ad
1385 419 1595 478 angulum
1625 420 1752 463 veni-

370 504 468 540 rent
499 514 507 539 :
543 494 590 537 in
620 493 781 552 angulo
808 501 952 536 autem
980 501 1157 537 teneant
1180 508 1246 547 se,
1271 502 1315 536 et
1337 501 1427 536 tota
1446 492 1537 552 jam
1558 489 1752 534 Ecclesia

371 582 420 611 ex
437 575 623 625 utroque
639 564 801 624 pariete
815 599 826 618 ,
847 564 953 624 quid
971 562 1112 607 dicat?
1138 583 1158 606 «
1182 567 1274 622 Ego
1299 572 1446 607 autem
1463 561 1650 606 cantabo
1671 576 1753 621 po-

373 657 393 679 »
428 638 609 681 tentiam
643 650 786 690 tuam,
811 643 854 678 et
876 634 1082 679 exultabo
1117 650 1244 679 mane
1279 632 1573 678 misericordia
1605 641 1694 677 tua.
1727 650 1748 673 >1

371 711 499 752 Mane
521 707 744 750 transactis
766 705 1079 750 tentationibus
1093 741 1103 760 ,
1129 720 1258 749 mane
1281 720 1381 749 cum
1415 719 1500 749 nox
1522 704 1652 763 hujus
1673 718 1754 748 sae-

371 778 458 823 culi
493 777 727 831 transierit,
765 791 892 819 mane
921 774 1097 836 quando
1130 777 1220 836 jam
1246 775 1467 819 latronum
1505 772 1681 818 insidias
1710 782 1754 817 et

370 846 534 892 diaboli
573 856 616 890 et
665 846 921 904 angelorum
967 847 1058 906 ejus
1099 861 1188 891 non
1227 846 1547 905 expavescimus
1570 880 1581 898 ‚
1628 858 1756 888 mane

370 917 548 978 quando
563 917 653 976 jain
674 931 764 960 non
787 915 841 960 ad
861 915 1084 960 lucernam
1104 916 1346 976 prophetiae
1364 914 1657 969 ambulamus,
1679 912 1756 957 sed

370 989 512 1047 ipsum
539 986 616 1030 Dei
638 986 832 1030 Verbum
861 995 1073 1046 tanquam
1096 986 1232 1030 solem
1261 984 1623 1045 contemplamur.
1654 1001 1674 1025 «
1698 986 1757 1027 Et

373 1076 393 1099 >›
408 1056 628 1101 Exultabo
644 1071 773 1100 mane
794 1057 1089 1101 misericordia
1106 1065 1195 1101 tua.
1216 1056 1405 1101 »Merito
1424 1056 1469 1099 in
1487 1054 1571 1099 alio
1584 1052 1757 1100 Psalmo

371 1127 529 1172 dicitur
554 1147 563 1171 ε
593 1145 613 1168 α
632 1129 761 1171 Mane
784 1127 935 1171 astabo
964 1127 1062 1182 tibi,
1089 1136 1132 1171 et
1154 1125 1527 1186 contemplabor¹.
1555 1145 1573 1166 »
1599 1123 1758 1169 Merito

372 1206 414 1241 ct
437 1197 568 1256 ipsius
591 1197 766 1240 Domini
794 1197 1049 1241 resurrectio
1075 1195 1270 1241 diluculo
1293 1195 1400 1251 fuit,
1424 1205 1475 1239 ut
1501 1193 1758 1255 impleretur

371 1266 492 1327 quod
513 1265 681 1310 dictum
703 1275 766 1309 est
789 1266 835 1309 in
858 1265 941 1310 alio
971 1266 1142 1310 Psalmo
1164 1286 1173 1310 :
1209 1285 1225 1306 «
1249 1268 1438 1325 Vespere
1459 1264 1758 1309 demorabitur

378 1357 394 1378 »
431 1338 573 1391 fletus,
589 1345 630 1380 et
652 1336 698 1379 in
719 1336 934 1381 matutino
956 1335 1207 1380 exultatio2.
1226 1356 1243 1377 »
1265 1336 1334 1380 Ad
1350 1349 1573 1395 vesperam
1594 1335 1758 1395 quippe

372 1406 578 1467 Discipuli
602 1416 825 1451 mortuum
845 1406 1108 1466 planxerunt
1126 1407 1364 1451 Dominum
1385 1415 1582 1450 nostrum
1610 1408 1633 1449 J
1637 1420 1759 1450 esum

374 1477 594 1521 Christum
614 1497 624 1532 3
645 1475 839 1521 diluculo
858 1477 912 1520 ad
935 1486 1228 1534 resurgentem
1249 1475 1567 1521 exultaverunt.
1598 1474 1760 1519 «Exul-

377 1565 397 1586 »
431 1546 536 1591 tabo
557 1562 685 1590 mane
706 1545 996 1591 misericordia
1018 1555 1107 1590 tua.
1138 1564 1158 1586 »

431 1619 510 1660 XI.
537 1635 551 1655 (ι
568 1617 677 1669 Quia
693 1615 832 1660 sactus
847 1631 889 1660 es
908 1625 1130 1675 susceptor
1146 1629 1284 1670 meus,
1302 1623 1345 1658 et
1368 1614 1590 1673 refugium
1610 1628 1758 1658 meum

376 1705 396 1728 »
430 1687 476 1730 in
503 1686 572 1730 die
600 1687 892 1731 tribulationis
926 1702 1050 1730 meae.
1082 1685 1267 1745 Adjutor
1294 1699 1417 1728 meus
1446 1684 1527 1728 tibi
1547 1683 1754 1744 psallam,

376 1774 396 1798 »
432 1757 533 1816 quia
561 1766 610 1800 tu
647 1763 756 1801 Deus
795 1766 1018 1816 susceptor
1048 1771 1169 1799 meus
1192 1756 1275 1799 es³.
1304 1773 1324 1796 »
1359 1755 1475 1809 Quid
1498 1770 1643 1809 eram,
1677 1754 1758 1798 nisi

373 1827 653 1870 subvenires?
675 1831 811 1880 Quam
839 1827 1089 1886 desperatus
1113 1841 1230 1870 eram
1244 1861 1254 1880 ,
1275 1826 1356 1870 nisi
1373 1827 1571 1870 curares?
1592 1825 1677 1869 Ubi
1690 1826 1758 1885 ja-

373 1895 522 1940 cebam
543 1931 553 1950 ,
587 1896 668 1939 nisi
691 1895 948 1940 advenires?
980 1899 1108 1941 Certe
1134 1896 1301 1955 ingenti
1326 1895 1510 1940 vulnere
1540 1894 1758 1955 periclita-

373 1967 452 2010 bar
472 2001 482 2019 ‚
519 1965 594 2009 sed
631 1965 741 2010 illud
773 1965 931 2010 vulnus
972 1981 1120 2010 meum
1156 1965 1378 2010 medicum
1411 1966 1758 2026 omnipotentem

373 2035 632 2095 requirebat.
659 2035 956 2095 Omnipotenti
980 2037 1148 2080 medico
1168 2035 1276 2080 nihil
1299 2045 1363 2080 est
1377 2036 1642 2091 insanabile,
1667 2052 1759 2081 non

375 2107 593 2150 renuntiat
628 2106 683 2150 ad
704 2106 892 2166 aliquem
925 2126 934 2151 t
958 2123 1066 2166 opus
1089 2116 1151 2151 est
1173 2116 1222 2151 ut
1254 2116 1303 2151 tu
1325 2108 1467 2152 curari
1487 2106 1595 2151 velis
1612 2142 1623 2163 ‚
1649 2121 1757 2171 opus

375 2185 438 2219 est
460 2185 509 2219 ut
530 2191 683 2219 manus
704 2177 794 2235 ejus
817 2192 906 2220 non
929 2176 1130 2236 refugias.
1167 2176 1252 2222 Sed
1272 2178 1305 2221 si
1325 2176 1435 2221 nolis
1457 2177 1626 2233 curari,
1651 2177 1758 2222 vul-

374 2262 455 2290 nus
489 2255 613 2290 tuum
647 2247 852 2290 admonet
889 2256 938 2291 ut
972 2249 1131 2292 cureris
1158 2268 1167 2293 2
1193 2258 1236 2292 et
1255 2263 1451 2293 aversum
1475 2258 1648 2293 revocat
1666 2287 1675 2303 ‚
1715 2258 1759 2293 et

374 2315 663 2375 refugientem
702 2316 893 2377 quodam
926 2317 1058 2363 modo
1091 2317 1146 2362 ad
1179 2334 1222 2363 se
1255 2318 1393 2363 redire
1427 2319 1677 2379 compellit,
1715 2328 1759 2363 et

374 2387 566 2431 attrahit.
600 2389 651 2430 In
673 2387 877 2431 omnibus
899 2388 1050 2448 implet
1072 2389 1192 2449 quod
1217 2389 1385 2433 dictum
1406 2399 1470 2434 est
1495 2410 1504 2435 :
1534 2409 1555 2432 «
1585 2390 1756 2434 Miseri-

377 2475 398 2498 »
432 2456 577 2501 cordia
600 2459 691 2518 ejus
711 2458 945 2516 praeveniet
965 2474 1049 2502 me.
1069 2479 1085 2499 »
1111 2459 1308 2516 Cogitate
1330 2460 1452 2521 quod
1473 2460 1641 2506 dictum
1663 2470 1752 2505 est:

379 2546 399 2568 «
432 2527 674 2572 Praeveniet
695 2542 780 2571 me.
810 2546 830 2568 »
858 2528 900 2572 Si
923 2528 1088 2587 aliquid
1116 2537 1243 2573 tuum
1264 2529 1454 2588 primum
1478 2530 1687 2586 attulisti,
1712 2540 1758 2575 et

423 2616 430 2631 ¹
454 2610 533 2642 psal.
557 2621 589 2651 V,
610 2611 641 2644 5.
658 2628 698 2635 —-
719 2611 793 2645 2121.
820 2622 904 2653 xxix,
922 2611 955 2644 6.
977 2629 1016 2636 -
1037 2609 1050 2636 3
1074 2612 1228 2655 Id.Lv1u‚
1246 2624 1298 2655 17,
1321 2613 1372 2646 18.
