1889 3285
409 273 491 314 140
837 284 871 314 s.
907 283 1138 315 Aucus'mm
1169 288 1351 316 EPISCOPI

402 351 475 395 ille
495 350 626 394 semel
645 350 818 396 locutus
834 362 912 408 θεῖ,
934 368 1014 412 ego
1037 356 1164 398 «Duo
1180 352 1342 398 audivi.
1361 370 1381 393 »
1405 352 1448 397 Si
1468 351 1584 396 enim
1603 351 1782 398 diceret:

404 420 545 465 Semel
574 420 745 466 locutus
778 431 841 467 est
875 426 1015 479 Deus,
1046 439 1186 467 unum
1217 424 1302 467 hoc
1339 422 1482 467 audivi
1502 443 1513 480 3
1555 421 1786 467 videbatur

401 501 570 552 partem
609 494 859 553 quaestionis
892 496 1022 555 hujus
1052 495 1357 555 amputavisse,
1396 503 1446 538 ut
1477 493 1785 538 tantummodo

402 579 694 623 quaereremus
717 565 824 625 quid
845 565 898 609 sit
912 601 922 620 ,
960 585 979 606 «
1009 565 1151 610 Semel
1170 565 1343 610 locutus
1365 574 1429 610 est
1451 568 1581 609 Deus.
1611 583 1631 605 »
1657 567 1785 610 Nunc

400 649 502 677 vero
510 635 732 694 quaesituri
741 651 904 690 sumus,
922 644 964 679 et
976 635 1083 695 quid
1096 636 1166 691 sit,
1182 655 1202 678 «
1216 635 1357 680 Semel
1368 635 1541 680 locutus
1550 638 1781 690 estDeus‚»

406 704 570 764 etquid
585 706 653 760 sit,
676 725 695 747 ‹<
713 709 808 750 Duo
822 707 915 750 haee
937 705 1098 760 audivi,
1116 723 1136 747 »
1153 721 1254 750 cum
1273 705 1406 750 semel
1421 705 1494 750 ille
1515 705 1690 749 locutus
1712 705 1780 749 sit.

458 778 623 819 XVHI.
654 796 672 818 «
694 776 834 821 Semel
855 777 1028 821 locutus
1046 785 1110 820 est
1130 780 1258 820 Deus.
1281 795 1299 817 »
1323 776 1436 830 Quid
1458 776 1564 820 dicis
1583 774 1785 819 Idithun?

403 845 445 890 Si
460 854 508 889 tu
528 845 716 905 loqueris
739 848 815 907 qui
839 847 1101 892 transilivisti
1122 863 1193 891 eos
1217 863 1226 888 t
1256 866 1276 889 «
1300 846 1441 892 Semel
1456 846 1629 890 locutus
1649 848 1736 890 est?
1759 866 1780 888 n

399 918 491 973 Ego
524 917 787 975 §cripturam
819 917 947 962 aliam
974 917 1175 972 consulo,
1213 927 1257 961 et
1284 917 1388 962 dicit
1417 917 1547 971 mihi,
1588 936 1609 961 (ι
1635 915 1785 961 Multis

402 1003 422 1026 >›
457 986 651 1044 partibus
675 997 718 1031 et
739 987 885 1031 multis
908 988 1048 1032 modis
1070 987 1174 1031 olim
1191 991 1304 1031 Deus
1324 986 1496 1031 locutus
1511 995 1575 1030 est
1587 986 1784 1046 patribus

401 1073 422 1098 1)
456 1056 501 1099 111
522 1058 786 1116 Prophetis1.
812 1077 831 1099 »
854 1059 970 1111 Quid
992 1067 1055 1102 est
1074 1093 1085 1113 ,
1117 1077 1135 1098 α
1164 1057 1305 1102 Semel
1325 1056 1498 1102 locutus
1520 1065 1583 1100 est
1605 1058 1746 1100 Deus?
1760 1074 1780 1097 »

397 1126 552 1170 Nonne
567 1126 640 1170 ille
658 1137 721 1171 est
744 1131 856 1171 Deus
872 1163 883 1183 ,
904 1128 980 1188 qui
1002 1128 1048 1171 111
1075 1126 1314 1187 primordio
1337 1127 1502 1184 generis
1524 1126 1705 1170 humani
1721 1126 1782 1170 lo-

398 1206 524 1240 cutus
544 1207 607 1241 θεῖ
630 1199 684 1242 ad
704 1199 875 1242 Adam?
895 1202 1050 1244 Nonne
1066 1198 1182 1242 idem
1203 1199 1294 1257 ipse
1314 1197 1487 1242 locutus
1510 1206 1574 1242 θεῖ
1595 1197 1651 1241 ad
1672 1199 1783 1242 Cai'n

397 1265 453 1310 ad
473 1270 564 1312 Noe·
579 1303 590 1323 ,
612 1268 666 1312 ad
688 1269 909 1313 Abraham
925 1305 935 1324 ‚
957 1270 1011 1313 ad
1034 1273 1150 1313 Isaac
1167 1304 1177 1324 ‚
1204 1268 1260 1312 ad
1281 1269 1418 1313 Jacob
1435 1304 1445 1324 ⁷
1469 1268 1524 1312 ad
1546 1268 1783 1328 Prophetas

396 1351 565 1392 omnes,
591 1347 634 1381 et
663 1338 717 1382 ad
739 1341 949 1396 Moysen?
972 1342 1093 1382 Unus
1116 1348 1207 1382 erat
1238 1343 1410 1395 Moyses
1426 1373 1436 1393 ,
1472 1347 1514 1381 et
1535 1339 1705 1398 quoties
1726 1337 1783 1381 ad

396 1422 495 1450 eum
514 1406 685 1452 locutus
699 1418 762 1451 θεῖ
781 1410 921 1452 Deus?
937 1410 1050 1452 Ecce
1065 1408 1196 1451 etiam
1217 1408 1294 1450 uni
1312 1423 1401 1451 non
1424 1407 1555 1451 semel
1573 1442 1584 1462 ‚
1605 1406 1681 1451 sed
1702 1422 1783 1451 sae-

394 1478 490 1537 pius
512 1478 683 1522 locutus
706 1488 769 1523 θεῖ
790 1483 918 1523 Deus.
946 1477 1113 1523 Deinde
1144 1478 1318 1522 locutus
1351 1487 1414 1522 θεῖ
1439 1477 1494 1522 ad
1525 1477 1686 1521 Filium
1708 1479 1781 1523 hic

394 1549 582 1607 positum
604 1585 614 1605 ‚
655 1569 674 1592 «
702 1553 764 1593 Tu
783 1566 826 1594 es
860 1549 994 1593 Filius
1030 1565 1152 1593 meus
1185 1549 1368 1593 dilectus
1384 1553 1416 1592 ².
1445 1567 1464 1590 n
1503 1552 1694 1594 Locutus
1717 1559 1781 1594 θεῖ

394 1622 509 1663 Deus
531 1619 746 1679 Apostolis
761 1655 771 1674 ‚
797 1619 969 1664 loeutus
992 1629 1054 1664 θεῖ
1074 1620 1277 1663 omnibus
1304 1619 1481 1674 sanctis,
1508 1620 1780 1664 etiamsinon

393 1705 499 1733 voce
520 1700 699 1734 sonante
715 1706 791 1749 per
814 1691 979 1734 nubem
995 1725 1005 1745 ,
1030 1691 1076 1734 111
1093 1689 1222 1734 corde
1246 1699 1390 1734 tamen
1409 1689 1488 1733 ubi
1509 1691 1599 1749 ipse
1617 1691 1779 1749 magis-

393 1769 458 1804 ter
481 1769 558 1804 θεῖ.
589 1760 712 1805 Unde
734 1760 805 1804 ille
843 1761 970 1815 dicit,
1007 1780 1023 1801 ‹<
1055 1760 1245 1805 Audiam
1271 1759 1380 1820 quid
1414 1760 1620 1821 loquatur
1642 1761 1687 1804 in
1708 1776 1778 1805 me

397 1849 418 1872 »
453 1833 662 1876 Dominus
676 1835 812 1887 Deus,
833 1833 1042 1892 quoniam
1055 1832 1261 1892 loquetur
1282 1846 1435 1891 pacem
1448 1830 1612 1891 populo
1630 1833 1772 1876 suo3.»

392 1901 508 1953 Quid
529 1910 591 1945 est
613 1917 713 1960 ergo
727 1937 737 1955 ‚
769 1921 788 1943 «
811 1901 951 1946 Semel
965 1901 1138 1945 loeutus
1156 1911 1220 1945 θεῖ
1241 1903 1387 1945 Deus?
1409 1920 1429 1942 »
1455 1901 1645 1946 Multum
1663 1910 1777 1946 tran-

391 1970 575 2015 siliverat
595 1972 698 2025 iste,
740 1981 789 2015 ut
816 1971 1061 2030 perveniret
1095 1970 1200 2015 illuc
1217 2007 1227 2023 ,
1263 1971 1341 2014 ubi
1365 1971 1496 2014 semel
1517 1971 1690 2016 loeutus
1713 1980 1776 2016 θεῖ

390 2042 518 2084 Deus.
544 2044 655 2085 Ecce
676 2041 964 2085 breviterdixi
979 2040 1380 2086 CharitatiVestrae.
1396 2041 1475 2085 Hic
1498 2042 1611 2085 inter
1631 2042 1775 2086 homi-

389 2125 485 2165 nes,
507 2112 754 2156 hominibus
776 2127 910 2172 saepe,
935 2111 1083 2155 multis
1105 2111 1266 2165 modis7
1291 2110 1438 2155 multis
1461 2112 1678 2170 partibus,
1696 2128 1775 2171 per

388 2181 699 2226 multiformem
726 2192 941 2228 creaturas
968 2181 1140 2226 loeutus
1163 2191 1227 2225 θεῖ
1251 2184 1365 2225 Deus
1392 2197 1399 2221 :
1429 2181 1547 2241 apud
1568 2198 1612 2226 εθ
1639 2181 1773 2227 semel

387 2256 496 2295 Deus
517 2250 687 2296 locutus
712 2262 802 2310 θεῖ,
840 2254 941 2312 quia
969 2268 1107 2296 unum
1137 2252 1332 2295 Verbum
1355 2253 1504 2310 genuit
1531 2256 1661 2297 Deus.
1686 2256 1772 2297 Iste

388 2336 489 2380 orgo
507 2322 688 2366 ldithun
704 2323 945 2368 transiliens
969 2339 1062 2378 eos,
1088 2321 1373 2367 transiliverat
1389 2323 1478 2367 acie
1496 2324 1651 2368 mentis
1668 2322 1770 2368 forti

387 2400 430 2436 θῖ
451 2390 593 2436 valida
615 2401 657 2436 et
677 2392 945 2451 praefidenti,
969 2392 1255 2436 transiliverat
1275 2402 1435 2436 terram
1450 2428 1460 2447 ‚
1488 2402 1531 2437 et
1552 2392 1769 2453 quidquid

386 2461 430 2505 in
459 2470 571 2505 terra
599 2471 689 2519 est3
722 2466 859 2505 aerem
875 2497 885 2516 ,
921 2463 1058 2506 nubes
1081 2477 1230 2507 omnes
1251 2476 1302 2505 ex
1332 2462 1491 2520 quibus
1511 2463 1682 2507 locutus
1705 2472 1769 2507 est

384 2533 497 2576 Deus
518 2530 656 2576 multa
672 2567 682 2587 ‚
717 2541 758 2577 et
780 2547 913 2591 saepe,
940 2541 983 2575 et
1004 2531 1149 2576 multis
1175 2551 1184 2575 :
1212 2531 1499 2578 transiliverat
1520 2533 1649 2578 etiam
1672 2548 1764 2579 om-

431 2623 440 2637 ¹
463 2616 560 2648 Hebr.
582 2628 604 2657 1,
623 2628 650 2649 1.
669 2634 709 2638 —
730 2624 741 2638 Ἰ
761 2616 874 2649 31111111.
900 2628 943 2653 m,
969 2627 1018 2658 ¹7-
1040 2615 1399 2659 —3I‘sal.1.x'xz1v‚9.
