1889 3285
425 258 478 298 58
864 269 898 296 s.
935 265 1166 296 Ancum-1151
1198 269 1378 296 muscom

419 345 495 380 aut
515 349 650 394 prope
671 348 841 393 semper
866 332 1093 391 audiamus
1113 349 1241 378 voces
1265 332 1423 378 Christi
1450 331 1505 375 de
1527 330 1720 386 Psalmo,
1754 341 1806 376 ut
1868 335 1869 338 ’

418 420 508 449 non
529 404 671 448 solum
695 405 944 448 intueamur
966 412 1097 461 caput
1121 402 1236 447 illud
1260 418 1399 446 unum
1423 401 1703 445 mediatorem
1729 402 1806 445 Dei

418 484 462 519 et
484 475 713 519 hominum
742 474 965 519 hominem
995 473 1219 517 Christum
1243 475 1392 517 Jesum
1408 474 1451 528 13
1482 471 1557 531 qui
1588 471 1718 515 etiam
1738 486 1806 515 se-

417 545 614 589 cundum
634 544 911 588 Divinitatem
930 544 975 586 in
990 542 1202 602 principio
1217 552 1309 587 erat
1324 542 1536 595 Verbum,
1556 544 1671 585 Deus
1688 541 1807 600 apud

418 617 557 658 Deum
574 649 585 668 ,
626 613 746 674 quod
779 613 973 656 Verbum
1007 628 1106 657 caro
1144 611 1309 657 factum
1335 621 1424 667 est,
1450 621 1493 655 et
1519 611 1734 656 habitavit
1760 611 1806 655 in

417 684 584 738 nobis²‚
622 699 721 728 caro
749 699 799 727 ex
832 683 996 726 semine
1024 683 1268 737 Abraham,
1307 698 1358 726 ex
1393 682 1558 726 semine
1587 681 1725 726 David
1751 681 1806 725 de
1866 707 1867 712 =

416 755 549 798 Maria
566 754 744 812 Virgine
757 755 772 781 3
792 773 799 798 :
827 769 917 797 non
937 769 1040 812 ergo
1069 753 1194 797 illum
1213 753 1354 798 solum
1376 754 1451 814 qui
1469 762 1533 797 est
1555 761 1687 812 caput
1703 768 1805 797 nos-

416 833 532 868 trum
560 826 801 883 cogitemus
819 859 829 878 ,
856 823 1034 884 quando
1067 825 1268 868 audimus
1302 825 1524 870 Christum
1554 823 1675 884 loqui
1697 844 1707 880 3
1731 823 1807 868 sed

415 895 654 954 cogitemus
692 895 918 940 Christum
963 904 1095 954 caput
1131 904 1175 939 et
1208 911 1366 955 corpus
1402 904 1545 939 totum
1586 895 1806 953 integrum

414 964 647 1025 quemdam
671 965 828 1010 virum.
849 965 985 1010 Nobis
1015 965 1131 1009 enim
1162 965 1351 1009 dicitur:
1377 984 1396 1007 t<
1422 967 1510 1009 Vos
1532 973 1677 1011 autem
1707 962 1807 1009 estis
1864 979 1865 986 ¹

417 1054 438 1077 »
474 1051 630 1095 corpus
652 1036 810 1080 Christi
831 1046 875 1080 et
895 1036 1137 1091 membra4,
1161 1054 1181 1076 »
1208 1035 1264 1079 ab
1282 1034 1479 1095 apostolo
1497 1034 1649 1078 Paulo.
1674 1037 1732 1082 Et
1751 1033 1807 1078 de
1864 1062 1866 1093 J

414 1106 490 1150 illo
508 1106 667 1151 dicitur
693 1107 748 1151 ab
771 1105 923 1150 eodem
942 1106 1150 1166 Apostolo
1164 1141 1175 1161 ,
1197 1106 1301 1166 quia
1323 1114 1385 1150 est
1401 1114 1534 1164 caput
1554 1103 1802 1150 Ecclesiae⁵.

417 1177 460 1221 Si
482 1193 585 1236 ergo
615 1177 688 1221 ille
716 1187 868 1238 caput,
902 1193 980 1222 nos
1009 1193 1192 1238 corpus,
1227 1186 1347 1222 totus
1376 1177 1573 1221 Christus
1602 1184 1735 1235 caput
1763 1185 1807 1220 et

415 1262 587 1306 corpus.
601 1247 850 1307 Aliquando
873 1248 988 1291 enim
1005 1248 1171 1292 invenis
1194 1247 1323 1291 verba
1338 1263 1438 1307 quae
1459 1262 1548 1291 non
1563 1255 1808 1304 congruant
1864 1242 1865 1256 ³

414 1318 570 1376 capiti,
600 1327 644 1361 et
665 1318 745 1362 nisi
771 1333 820 1361 ea
843 1318 1110 1377 coaptaveris
1132 1318 1327 1377 corpori,
1352 1317 1529 1362 nutabit
1560 1315 1807 1360 intellectus
1862 1316 1865 1377 ξ

415 1396 516 1431 tuus
537 1403 546 1427 ι
571 1403 718 1431 rursus
741 1388 907 1432 invenis
924 1387 1057 1431 verba
1075 1403 1174 1447 quae
1196 1403 1286 1432 non
1311 1396 1411 1447 apta
1432 1395 1535 1430 sunt
1556 1387 1742 1445 corpori,
1763 1395 1806 1430 et
1862 1382 1864 1423 ἶ

413 1457 610 1502 Christus
633 1466 780 1502 tamen
808 1457 1017 1518 loquitur.
1046 1459 1113 1502 Ibi
1138 1473 1228 1502 non
1252 1457 1502 1502 timendum
1530 1466 1593 1501 est
1616 1473 1671 1500 ne
1693 1466 1805 1501 erret
1862 1452 1863 1468 ¹

413 1527 598 1587 quisque
619 1543 627 1567 z
654 1528 740 1571 cito
758 1528 873 1572 enim
895 1528 1038 1587 pergit
1059 1537 1109 1572 ut
1130 1528 1260 1586 capiti
1278 1536 1412 1586 aptet,
1433 1528 1555 1586 quod
1570 1525 1690 1571 videt
1705 1542 1801 1571 cor-
1860 1551 1862 1583 ᾗ

412 1597 507 1653 pori
542 1611 632 1638 non
661 1598 907 1638 convenire.
949 1601 1044 1654 Ipse
1072 1596 1262 1655 denique
1293 1596 1338 1639 in
1367 1611 1496 1639 cruce
1523 1595 1719 1655 pendens
1751 1612 1801 1640 ex
1860 1633 1862 1646 ζ

411 1678 594 1722 persona
623 1664 812 1723 corporis
834 1663 1006 1708 locutus
1039 1673 1103 1708 est
1124 1684 1132 1709 ε
1162 1684 1182 1706 «
1208 1668 1321 1709 Deus
1344 1680 1466 1709 meus
1482 1700 1492 1720 ,
1516 1668 1629 1709 Deus
1653 1681 1797 1722 meus,
1856 1666 1858 1668 ’

415 1751 435 1774 n
472 1734 634 1793 respice
654 1734 701 1779 in
721 1749 812 1789 me,
837 1750 972 1794 quare
990 1750 1059 1778 me
1080 1734 1407 1795 dereliquistiss‘?
1427 1754 1447 1777 υ
1471 1738 1570 1782 Non
1593 1736 1707 1780 enim
1722 1736 1801 1780 de-

411 1802 645 1863 reliquerat
666 1804 913 1859 Christum,
937 1820 960 1848 a
983 1820 1072 1864 quo
1100 1804 1331 1849 derelictus
1363 1820 1453 1850 non
1483 1815 1574 1850 est:
1602 1815 1676 1850 aut
1697 1822 1799 1852 vero
1858 1830 1860 1859 ;

411 1872 470 1917 sic
496 1872 551 1917 ad
570 1889 647 1917 nos
670 1873 790 1917 venit
806 1909 817 1928 ,
838 1883 887 1918 ut
913 1873 1039 1919 illum
1066 1873 1282 1918 desereret
1299 1896 1311 1933 3
1331 1885 1405 1920 aut
1427 1876 1487 1920 sic
1509 1875 1634 1920 illum
1655 1877 1795 1933 misit,
1857 1867 1859 1921 J

411 1951 462 1986 ut
481 1942 534 1986 ab
561 1942 636 1987 illo
653 1942 905 1988 discederet.
935 1944 1019 1988 Sed
1044 1944 1145 2004 quia
1167 1945 1301 1990 homo
1323 1945 1518 1990 desertus
1542 1955 1606 1990 est
1631 1961 1654 1990 a
1676 1950 1767 1992 Deo
1783 1982 1794 2003 ,
1856 1954 1858 2003 ᾖ

409 2012 550 2056 Adam
572 2012 644 2056 ille
677 2028 858 2072 peccans
875 2048 885 2068 ,
911 2014 986 2073 qui
1013 2029 1115 2057 cum
1141 2013 1299 2058 soleret
1333 2015 1523 2074 gaudere
1554 2015 1610 2060 ad
1640 2015 1797 2061 faciem
1856 2007 1857 2054 f

410 2082 516 2137 Dei,
545 2082 805 2126 conscientia
834 2084 999 2141 peccati
1032 2083 1264 2128 deterritus
1294 2083 1406 2143 fugit
1428 2102 1451 2130 a
1473 2085 1632 2144 gaudio
1655 2102 1732 2130 suo
1750 2089 1793 2145 ⁷3

410 2160 453 2195 et
474 2167 574 2195 vere
597 2151 829 2212 dereliquit
853 2151 977 2196 illum
999 2156 1112 2197 Deus
1129 2188 1141 2209 ,
1172 2156 1276 2213 quia
1298 2156 1388 2214 ipse
1410 2156 1602 2202 deseruit
1623 2159 1763 2201 Deum
1782 2177 1791 2202 ;

409 2236 460 2264 ex
481 2237 569 2281 quo
595 2222 735 2265 Adam
762 2222 958 2268 Christus
987 2238 1087 2267 cum
1121 2240 1296 2269 carnem
1331 2227 1589 2286 accepisset,
1622 2228 1706 2272 1100
1744 2243 1795 2271 ex
1852 2255 1854 2264 .

409 2307 592 2352 persona
627 2292 759 2351 ipsius
786 2293 925 2337 carnis
949 2294 1036 2338 ait:
1065 2296 1165 2354 quia
1194 2304 1300 2341 tunc
1331 2306 1455 2342 vetus
1483 2299 1615 2343 homo
1647 2308 1794 2343 noster
1851 2337 1854 2355 ζ

409 2361 538 2407 simul
560 2363 752 2406 confixus
770 2372 832 2406 est
853 2364 971 2408 cruci
994 2379 1094 2408 cum
1111 2364 1228 2409 illos.
1852 2360 1854 2368 ⁸

460 2483 467 2499 ¹
490 2488 501 2507 1
520 2477 599 2507 Tim.
620 2487 654 2518 11,
675 2476 705 2508 5.
726 2494 767 2498 —
784 2484 796 2499 ²
814 2479 903 2508 Joan.
925 2490 948 2518 1,
971 2490 981 2509 1
1005 2482 1038 2510 et
1060 2478 1108 2520 [lg.
1128 2496 1169 2501 —
1186 2477 1199 2501 3
1219 2480 1332 2512 Matth.
1357 2491 1429 2520 1,1.
1457 2498 1492 2504 —
1512 2481 1527 2511 4
1547 2494 1558 2513 1
1579 2483 1718 2514 Cor.x11.
1735 2491 1788 2524 25.

409 2547 451 2553 —
475 2529 490 2553 5
508 2531 648 2573 Ephesi,
671 2540 725 2572 22,
746 2535 779 2563 et
795 2531 913 2563 Coloss.
932 2545 957 2573 1,
980 2535 1030 2564 18.
1051 2551 1090 2555 —
1109 2531 1124 2555 6
1139 2534 1218 2564 Psal.
1239 2545 1303 2575 xxi,
1319 2544 1352 2572 2,
1372 2539 1404 2566 et
1418 2535 1530 2568 Matth.
1555 2547 1655 2576 xxvn,
1674 2536 1731 2578 46.
1749 2554 1790 2559 —-

410 2593 422 2619 ἲ
443 2588 520 2618 Gen.
540 2598 587 2627 111,
607 2587 638 2618 8.
664 2604 705 2609 —-—
723 2586 738 2609 Β
758 2590 846 2620 Rom.
870 2599 914 2629 vr,
933 2589 967 2620 6.
